3809 5850
1556 393 1650 453 CR
1663 393 1961 454 ATlNUS.

166 523 364 582 πθαικαὶ
397 523 590 580 πίνειν.
625 525 730 600 Κρ.
761 520 866 585 (Ως
903 520 1026 577 ἅνω
1067 519 1178 590 τὴν
1209 522 1570 601 μασχάλην
1604 523 1716 580 αἴ-
1765 551 1767 554 ⁴

165 640 302 694 ρειν,
330 610 841 688 καταμωκωμένους
867 618 982 676 ταῖς
1006 611 1214 689 χερσίν.
1245 615 1434 668 Facile
1463 615 1716 670 animad-

161 717 320 763 venas
335 747 352 774 ,
380 705 562 779 ipsius
585 704 806 760 Cratini
829 703 1006 758 verba
1031 701 1340 776 significari
1367 704 1476 758 illis
1499 701 1591 758 καὶ
1623 724 1715 758 κα·

160 796 489 866 ταμωκᾶσθαι
513 790 634 854 ταῖς
661 787 845 868 χερσὶν
869 801 927 846 et
953 790 1296 848 Zenobianis
1323 788 1714 866 καταμωκωμὲ-

159 905 258 946 voa<
277 887 388 946 ταῖς
415 877 622 958 χερσίν.
652 879 983 935 Set-ibamus
1011 880 1302 953 completo
1328 881 1460 936 loco

245 993 320 1073 ὡς
345 994 472 1062 ἄνω
490 999 602 1069 τὴν
633 993 958 1086 μασχάλην
982 991 1242 1085 αἴρωμεν
1267 993 1716 1085 ἐμπεπωκότες,

243 1104 344 1169 καὶ
367 1101 918 1193 καταμωκώμεσθα
942 1101 1168 1193 χερσίν.

884 1227 984 1286 66.

227 1338 684 1404 ῙάοιτιΣκυθικόςτ
717 1340 820 1418 Κρ.
854 1335 1191 1397 Σκυθικὸν
1215 1335 1314 1415 ἔφη
1340 1335 1443 1393 τὸν
1480 1335 1644 1398 Ἱππ
1662 1336 1722 1394 0'·

149 1453 322 1487 νικον
347 1427 435 1486 διὰ
458 1427 520 1485 τὸ
559 1427 758 1506 πυρρὸν
797 1417 950 1485 εἶναι.
981 1423 1074 1484 καὶ
1111 1415 1156 1506 ᾧ
1186 1423 1504 1493 ξανθίζονται
1541 1426 1595 1482 αἱ
1629 1449 1719 1502 γυ-

151 1527 316 1585 ναῖκες
343 1517 436 1574 καὶ
463 1515 728 1594 βάπτουσι
748 1513 815 1572 τὰ
846 1512 981 1593 ἔρια.
1009 1541 1034 1566 ι
1064 1515 1470 1572 Rubieundam
1500 1515 1716 1590 Hippo·

147 1610 258 1664 nici
281 1609 487 1663 faciem
510 1607 637 1662 risit
663 1607 836 1660 etiam
865 1604 1101 1680 Eupolis
1125 1603 1324 1678 Capris
1353 1602 1509 1678 apud
1541 1606 1719 1676 Hesy-

149 1699 332 1753 rlxium
357 1717 416 1750 v.
451 1691 644 1773 Ἱερεὺς
699 1689 975 1752 Διονύσου.
1015 1693 1104 1748 De
1147 1691 1409 1766 Scythico
1457 1692 1612 1767 ligno
1663 1711 1718 1750 v.

148 1787 317 1842 schol.
346 1784 645 1840 Theocriti
673 1801 734 1854 2,
767 1781 864 1840 88.
897 1805 921 1832 υ
950 1781 1042 1836 Μ.

885 1893 984 1964 67.

221 2009 382 2065 Idem
409 2003 680 2082 Χορίλα
723 2001 1175 2082 Ἐκφαντίδες
1203 2019 1218 2060 :
1247 2001 1352 2080 Kp.
1377 2001 1465 2058 τὸν
1491 1999 1724 2080 Ἐκφάν-

146 2096 274 2161 τιδος
291 2092 462 2160 οὕτως
490 2083 636 2151 εἶπεν
657 2135 673 2162 ,
707 2091 862 2148 αὐτὸν
891 2090 978 2148 τὸν
1019 2090 1300 2168 Χορίλλον.
1340 2115 1365 2142 α
1399 2094 1486 2148 Ita
1520 2091 1721 2148 codex.

147 2189 404 2241 Musurus
445 2181 696 2260 Χοιρίλον
760 2179 1124 2260 Ἔκφάντιδος.
1175 2181 1448 2237 Disseruit
1499 2181 1570 2237 de
1617 2181 1724 2236 hac

145 2275 324 2348 glossa
360 2275 522 2330 Naek.
569 2271 826 2328 Choerilo
848 2291 910 2346 p.
941 2269 1042 2338 54.
1080 2269 1460 2326 Scribendum
1499 2269 1728 2325 videtur

149 2361 650 2441 Χοιριλεκφαντίδης
685 2381 700 2415 :
751 2361 856 2438 xp.
877 2355 970 2414 τὸν
1000 2356 1356 2436 Ἐκφαντίδην
1389 2353 1550 2422 οὕτως
1578 2345 1722 2428 εἶπε,

147 2449 226 2504 διὰ
245 2446 332 2507 τὸν
363 2445 636 2526 Χοιρίλον.
669 2445 686 2525 (
711 2450 844 2503 Haec
865 2447 1058 2521 probo
1077 2456 1284 2520 praeter
1296 2438 1570 2514 extrema,
1599 2463 1726 2519 quae

149 2541 224 2594 sic
239 2539 510 2594 videntur
523 2537 792 2592 habuisse
818 2521 1072 2604 -εἷπεν,
1089 2531 1182 2590 ἅτε
1209 2531 1298 2589 τὸν
1323 2537 1414 2591 τοῦ
1443 2531 1719 2610 Χοιρίλον,

151 2633 349 2700 quippe
373 2625 640 2695 Cha-rili,
670 2625 730 2680 h.
759 2643 813 2679 e.
844 2623 1096 2682 Choerilo
1115 2641 1282 2678 servo
1307 2625 1724 2697 emancipatum

151 2727 314 2788 atque
327 2716 847 2789 obtemperantem,
857 2723 920 2768 ut
935 2731 970 2768 a
981 2731 1100 2786 quo
1117 2711 1376 2784 adjuvari
1389 2710 1728 2767 credebatur

154 2807 210 2858 in
232 2805 436 2859 fabulis
458 2802 799 2860 scribendis,
833 2802 1001 2858 Both.
1027 2801 1050 2877 )
1073 2801 1169 2857 Ad
1201 2799 1444 2856 eandem
1471 2800 1620 2855 hanc
1651 2803 1722 2856 si-

153 2893 442 2948 multatem
466 2893 618 2947 iuter
637 2891 936 2948 Cratinum
955 2900 1014 2947 et
1032 2888 1446 2963 Ecphantidem
1471 2899 1726 2963 spectare

153 2982 371 3037 videtur
391 2982 580 3055 glossa
605 2980 877 3052 Hesychii
899 2974 1432 3055 Ἐκκεχοιριλωμένη·
1456 2977 1516 3033 οὐ
1538 2974 1725 3053 Χοιρί-

152 3070 238 3124 λου
258 3060 389 3125 οῧσα
404 3108 426 3138 ,
451 3086 584 3141 quae
609 3068 903 3123 verissime
929 3067 1156 3122 Naekius
1191 3068 1593 3141 interpretatus
1616 3076 1720 3134 est,

151 3156 488 3213 comoediam
529 3156 648 3211 dici
689 3167 922 3231 putans,
962 3156 1022 3209 in
1057 3172 1174 3227 qua
1204 3155 1346 3209 nihil
1383 3154 1724 3210 Choerileum

149 3258 298 3305 esset.
322 3248 412 3301 Ita
431 3244 652 3299 scilicet
669 3261 830 3299 suam
851 3245 970 3318 ipse
991 3243 1242 3315 aliquam
1263 3242 1512 3296 fabulam
1533 3242 1721 3314 appel·

151 3334 362 3388 laverat
403 3334 505 3389 Cr.
541 3331 758 3389 Contra
804 3330 1176 3404 Ecphantidae
1220 3328 1502 3384 comoedia
1534 3330 1726 3403 potuit

148 3422 419 3495 appellari
445 3416 928 3496 ἐγκεχοιριλωμένη
956 3418 972 3497 (
998 3419 1320 3487 choerilata,
1355 3418 1400 3472 si
1431 3417 1511 3472 fas
1538 3428 1621 3472 est
1647 3419 1724 3471 ita

149 3511 324 3583 loqui.
349 3508 525 3566 Both.
549 3506 592 3583 2,
616 3508 776 3581 quod
787 3510 925 3564 item
943 3509 1186 3562 servavit
1207 3506 1373 3561 nobis
1393 3506 1722 3580 HesychiuS,

149 3592 695 3675 Ἐγκεχοιριλωμένην
726 3594 985 3673 ελεπράν.
1018 3620 1041 3645 υ
1071 3596 1252 3651 Mein.
1281 3594 1467 3652 Immo
1497 3592 1722 3671 λυπρὰν,

147 3692 422 3751 miseram,
457 3686 686 3741 malam.
717 3686 826 3740 Per
847 3684 1239 3758 metaphoram
1262 3678 1441 3760 λυπρὰ
1465 3683 1724 3755 inprimis

147 3786 292 3829 terra
321 3784 573 3828 vocatur
591 3774 778 3827 minus
802 3771 1023 3841 fertilis,
1048 3772 1204 3827 velut
1221 3770 1420 3845 OdysS.
1463 3770 1554 3839 13,
1581 3772 1720 3840 243,

145 3873 199 3918 et
227 3863 516 3919 Herodoti
543 3862 696 3916 libro
723 3880 760 3934 9
788 3872 1074 3931 extremm
1101 3860 1200 3915 sed
1229 3860 1338 3915 late
1370 3870 1530 3934 patet
1558 3860 1724 3931 hujus

148 3951 411 4022 adjectivi
432 3961 493 4005 et
509 3950 780 4005 similium
813 3950 872 4003 in
891 3950 1014 4003 aliis
1039 3949 1245 4022 linguis
1263 3966 1420 4023 usuS‚
1442 3966 1618 4021 quum
1643 3946 1725 4003 λε-

147 4038 268 4115 πρὸς
293 4058 430 4095 raro
457 4040 787 4095 inveniatur
807 4056 974 4094 sensu
995 4034 1264 4113 figurato.

887 4151 983 4209 68.

223 4262 468 4321 photius
495 4284 559 4340 p.
589 4283 690 4339 90,
723 4271 822 4338 24,
845 4262 1124 4333 Θηλάστ
1141 4286 1244 4341 ρια
1261 4287 1286 4319 ν
1322 4262 1424 4333 εῆν
1446 4262 1726 4333 θηλάζεταί

143 4352 162 4419 ί
175 4354 248 4411 al.
272 4350 572 4421 Θηλάσεται
595 4350 612 4428 )
635 4374 730 4415 τις·
761 4350 920 4416 ἰδίως·
949 4349 1086 4408 οὕτω
1113 4353 1216 4427 Κρ.
1245 4354 1456 4409 Contra
1481 4355 1722 4427 Hesych.

141 4439 466 4517 Θηλάστρια
511 4460 526 4493 :
572 4438 777 4517 τροφός·
825 4435 938 4495 ἔστι
991 4436 1048 4495 δὲ
1090 4438 1260 4499 ἰακόν.
1311 4442 1612 4497 Piersonus
1651 4442 1726 4497 ad

143 4530 306 4585 Moer.
337 4549 400 4603 p.
439 4546 552 4603 190
575 4540 635 4584 et
669 4529 878 4603 Bergk.
910 4531 1254 4587 Commentt.
1282 4549 1340 4604 p.
1371 4528 1510 4599 253,
1541 4532 1723 4603 Hesy-

147 4618 256 4671 chii
284 4618 481 4673 verbis
505 4618 696 4693 abusi,
737 4616 897 4681 ἰακῶς
925 4618 1289 4673 scribendum
1329 4636 1446 4673 esse
1476 4616 1727 4689 conjece-

149 4716 278 4759 runt
303 4705 464 4779 apud
503 4705 792 4774 Photium,
817 4706 1122 4779 siquidem,
1161 4707 1494 4762 observante
1521 4707 1723 4775 Mein„

151 4792 412 4848 Cratinus
437 4794 598 4849 haud
640 4794 821 4850 dubie
865 4794 1143 4868 singulari
1183 4794 1362 4849 modo
1406 4790 1724 4870 θηλάστριαν

155 4878 294 4934 dixit
313 4880 590 4939 infantem
614 4882 898 4956 pupillam
921 4900 1096 4954 quam
1129 4892 1310 4937 mater
1329 4883 1522 4951 lactat,
1549 4900 1725 4955 quum

3310 411 3383 464 63

1813 553 1836 575 .-
1869 527 2067 599 Neque
2100 526 2161 581 id
2190 537 2399 582 temere
2428 545 2593 582 ausus
2626 538 2712 582 est
2731 526 2851 599 Cr„
2882 529 3017 602 quia
3054 527 3296 598 θηλάζειν
3328 543 3383 588 et

1810 615 2057 670 lactendi
2082 626 2141 674 et
2174 615 2425 671 lactandi
2452 614 2924 690 significationem
2954 619 3149 688 habet,
3176 637 3384 693 quem-

1813 705 2127 762 admodum
2169 703 2421 782 τρόφιμος
2453 717 2511 761 et
2544 703 2731 784 τροφὸς
2765 707 2979 762 dicitur
3000 719 3057 762 et
3082 708 3182 782 qui
3204 711 3386 764 nutrit

1812 805 1869 850 et
1897 795 1999 868 qui
2033 795 2314 864 nutritur3
2356 813 2481 867 quae
2512 794 2713 849 eadem
2750 797 2918 850 etiam
2945 798 3237 852 nominum
3262 800 3385 852 alu-

1813 901 1973 938 mnus
1986 892 2045 936 et
2060 884 2293 936 alumna
2306 884 2453 937 ratio
2471 892 2573 949 est,
2594 883 2925 938 testantibus
2942 884 3188 957 antiquis
3206 901 3387 958 gram·

1812 972 2035 1026 maticis
2054 1009 2072 1040 ,
2104 971 2309 1044 quibus
2336 970 2541 1025 frustra
2563 982 2885 1046 repugnant
2912 972 3189 1027 Gesner-us
3215 972 3379 1027 Thes,

1813 1062 1880 1114 L.
1911 1063 1979 1116 L.
2014 1068 2072 1114 et
2089 1060 2309 1134 Virgilii
2340 1059 2590 1134 interpp.
2624 1061 2735 1117 Cir.
2768 1066 2903 1126 440.
2930 1086 2955 1110 »2
2985 1062 3038 1114 E
3060 1063 3146 1116 Μ.

2554 1171 2649 1246 69.

1893 1285 2055 1341 Idem
2076 1305 2139 1360 p.
2180 1304 2309 1358 119,
2339 1285 2429 1354 16,
2455 1282 2737 1342 Ἰωνόκυ
2754 1305 2867 1349 σος
2900 1303 2913 1342 :
2948 1281 3216 1360 κατεαγώς
3244 1285 3386 1360 (fra-

1814 1357 1939 1428 ctus
1952 1391 2017 1429 ae
2036 1373 2385 1448 debilitatus,
2410 1373 2719 1448 cinaedus).
2743 1369 2904 1437 οὕτως
2926 1374 3031 1450 Κρ.
3050 1375 3257 1430 Similis
3270 1393 3385 1429 vox

1814 1481 1885 1518 ex
1944 1459 2253 1518 κυσολάκων
2299 1462 2463 1518 Phot.
2516 1481 2578 1535 p.
2637 1479 2773 1535 192,
2836 1481 2901 1518 12
2920 1503 2939 1532 ,
2994 1461 3318 1520 Κυσολάκων
3360 1467 3381 1517 ':

1814 1553 1843 1607 ὁ
1867 1548 2081 1608 Κλεινία
2106 1549 2470 1627 (Alcibiades
2491 1548 2535 1628 ),
2556 1553 2585 1607 ὁ
2611 1552 2687 1627 τῷ
2708 1552 2853 1629 κυσῷ
2876 1549 3199 1618 λακωνίζων.
3233 1549 3293 1608 τὸ
3332 1551 3383 1608 δὲ

1813 1638 2073 1704 παιδικοῖς
2100 1641 2329 1717 χρῆσθαι
2367 1636 2671 1706 λακωνίζειν
2719 1637 2975 1713 λέγουσιν·
2996 1638 3247 1718 ’Μελαίνῃ
3278 1637 3383 1718 γὰρ

1815 1725 2024 1799 Θησεὺς
2055 1727 2218 1793 οὕτως
2244 1727 2544 1806 ἐχρήσατο,
2588 1731 2657 1793 ὥς
2683 1725 3063 1807 Ἀριστοτέλης.
3094 1727 3385 1785 Probabi-

1817 1821 1949 1875 liter
1976 1819 2149 1878 Mein.
2174 1813 2365 1895 Ἑλένῃ
2396 1818 2561 1894 (quae
2584 1830 2705 1874 tum
2731 1817 2831 1874 vix
2849 1819 3147 1892 decennis)
3182 1829 3239 1873 et
3257 1813 3387 1896 Ἀρι-

1817 1927 2089 1985 στοφανης.

2550 2037 2646 2088 70.

1896 2129 2058 2187 Idem
2086 2150 2145 2205 p.
2186 2149 2318 2205 191,
2354 2150 2446 2202 12,
2496 2127 3043 2208 Κυρηὸάσασθαι
3078 2149 3094 2184 :
3124 2127 3385 2207 διαμαχέ-

1816 2222 2024 2275 σασθαι.
2060 2216 2221 2284 οὕτως
2262 2221 2366 2296 Κρ.
2412 2219 2608 2279 Codex
2643 2215 2865 2296 Κυρ16.,
2904 2219 3005 2275 se'd
3034 2239 3093 2294 p.
3136 2239 3267 2294 190,
3316 2240 3384 2275 10

1814 2321 1971 2366 recte
2000 2305 2208 2387 Κυρηὸ.

2556 2441 2645 2494 7¹·

1898 2537 2061 2594 Idem
2086 2557 2148 2613 p.
2181 2517 2319 2610 202,
2366 2557 2439 2594 22
2477 2557 2488 2591 :
2537 2537 2585 2592 oi
2625 2535 2671 2593 δ’
2710 2523 2797 2592 οὖν
2844 2532 3065 2594 Ἀττικοὶ
3091 2533 3186 2605 τὴν
3234 2532 3383 2592 πόλιν

1815 2622 1978 2695 αὐτὴν
2008 2625 2066 2681 οὐ
2096 2623 2252 2700 μόνον
2291 2621 2576 2702 Σπάρτην,
2610 2620 2747 2680 ἀλλὰ
2770 2622 2861 2680 καὶ
2890 2625 2935 2682 Λ
2954 2645 3032 2679 ακ
3052 2619 3288 2698 εδαίμο
3306 2645 3381 2680 να

1813 2714 2078 2770 καλοῦσιν·
2120 2711 2281 2779 οὕτως
2319 2715 2422 2792 Κρ.
2449 2717 2581 2770 Haec
2610 2731 2815 2770 manca
2845 2712 3117 2769 videntur
3142 2731 3155 2767 :
3188 2712 3385 2769 audia-

1813 2821 1941 2857 mus
1963 2803 2173 2858 AElium
2204 2802 2546 2876 Dionysium
2574 2801 2832 2858 Eustath.
2858 2799 2931 2856 ad
2961 2800 3033 2859 11.
3058 2799 3113 2870 3,
3144 2819 3207 2874 p.
3241 2807 3377 2872 294,

1817 2895 1885 2956 41
1925 2910 1938 2946 ;
1973 2887 2346 2965 Λακεδαίμονα
2370 2887 2460 2947 καὶ
2496 2887 2751 2970 Σπάρτην
2780 2885 3055 2966 διορίζουσί
3082 2908 3243 2958 τινες,
3268 2889 3386 2946 Λα-

1813 2977 2099 3052 κεδαίμονα
2121 2974 2217 3054 μὲν
2249 2984 2430 3036 πᾶσαν
2458 2979 2739 3043 καλοῦντες
2760 2976 2857 3048 τὴν
2884 2974 3178 3051 Λάκαιναν,
3205 2976 3385 3055 Σπάρ·

1815 3088 1910 3145 την
1945 3063 1999 3122 δὲ
2042 3064 2139 3135 τὴν
2176 3064 2301 3143 μίαν
2334 3065 2506 3123 πόλιν·
2538 3065 2761 3125 Ἀττικοὶ
2790 3064 2846 3123 δὲ
2872 3064 3039 3135 αὐτὴν
3075 3063 3167 3124 καὶ
3208 3067 3387 3124 Λακε-

1815 3151 2059 3228 δαίμονα.
2098 3158 2200 3234 Κρ.
2242 3153 2295 3211 δὲ
2334 3152 2426 3212 καὶ
2450 3154 2545 3225 τὴν
2581 3152 2763 3235 χώραν
2790 3152 3111 3233 Σπάρτην
3136 3142 3295 3230 οἶδεν,
3325 3153 3387 3211 οὗ

1815 3240 1972 3315 μόνον
1996 3242 2496 3319 Λακεδαίμονα.

2548 3375 2645 3427 72.

1896 3465 2060 3522 Idem
2087 3486 2147 3541 p.
2171 3485 2309 3537 210,
2348 3485 2437 3538 10,
2482 3464 2957 3542 Λαυροστάται
2986 3485 3003 3523 2
3032 3466 3079 3522 οἱ
3109 3464 3259 3541 μέσοι
3293 3470 3387 3523 τοῦ

1813 3556 1992 3631 χοροῦ·
2014 3552 2167 3611 οἱονεὶ
2189 3552 2291 3631 γὰρ
2311 3555 2364 3611 ἐν
2388 3554 2643 3632 στενωπῷ
2666 3552 2784 3610 εἶσί.
2810 3551 3117 3631 φαυλότεροι
3136 3548 3193 3610 δὲ
3220 3544 3383 3613 οὗτοι.

1815 3641 1950 3699 οὕτω
1976 3644 2076 3720 Κρ.
2112 3644 2337 3721 Excidit
2359 3645 2419 3699 in
2442 3645 2642 3700 codice
2665 3643 2713 3699 οἱ
2736 3652 2865 3698 ante
2885 3640 3053 3716 μέσοι.

2555 3756 2649 3827 73.

1892 3868 2050 3923 Idem
2075 3888 2137 3943 p.
2166 3870 2307 3936 215,
2340 3886 2392 3943 1,
2424 3864 2609 3925 Λεπά
2625 3888 2744 3925 στα
2762 3889 2779 3923 ι
2802 3886 2816 3925 :
2842 3862 3048 3931 κύλικές
3070 3886 3201 3931 τινες
3226 3862 3389 3931 οὕτως

1815 3955 2113 4099 ἐκαδλοῦντο.
2148 3956 2249 4034 Κρ.
2278 3958 2346 4013 V.
2373 3958 2643 4013 Letrorm.
2666 3960 2753 4013 De
2774 3956 3103 4011 nominibus
3127 3972 3245 4013 vaS.
3280 3956 3382 4016 Gr.

1812 4062 1870 4117 p.
1934 4044 1989 4102 6.

2548 4166 2645 4227 74·

1893 4264 2055 4323 Idem
2098 4266 2181 4325 ih.
2224 4286 2315 4337 17,
2361 4266 2574 4344 Λίρνη
2621 4265 2873 4322 θεατῶν
2912 4284 2927 4319 :
2960 4262 3075 4320 ἀντὶ
3101 4267 3192 4321 τοῦ
3222 4261 3389 4319 κακὸν

1815 4348 2049 4430 θέατρον.
2089 4354 2204 4429 Κρ.
2232 4353 2279 4409 οἱ
2310 4350 2407 4429 μὲν
2434 4353 2519 4411 διὰ
2546 4352 2641 4423 τὴν
2662 4350 2823 4430 ὕδραν
2850 4351 3115 4431 (Hesiod.
3147 4352 3249 4407 Th.
3272 4352 3385 4406 313

1813 4458 1975 4515 seqq.
2000 4442 2040 4518 ),
2068 4443 2115 4497 οἱ
2136 4438 2190 4497 δὲ
2221 4440 2310 4497 διὰ
2337 4440 2398 4498 τὸ
2425 4439 2541 4507 τοὺς
2572 4439 2827 4519 Ἀργείους
2848 4438 2913 4496 τὰ
2935 4438 3249 4518 καθάρματα
3279 4440 3389 4495 ἐκεῖ

1817 4529 1911 4603 (in
1936 4533 2178 4586 Lernam
2214 4528 2521 4609 paludem)
2554 4526 2853 4605 ἀποφέρειν.
2884 4530 2913 4584 ὁ
2952 4524 3057 4605 γὰρ
3097 4525 3304 4592 Δαναὸς
3331 4528 3384 4584 ἐν

1815 4619 1880 4694 τῇ
1910 4615 2085 4696 Λέρνῃ
2121 4614 2213 4682 τὰς
2240 4618 2473 4697 κεφαλὰς
2496 4620 2600 4675 τῶν
2632 4616 3006 4694 Αἰγυπτιαόῶν
3037 4614 3259 4673 ἀπέθετο
3286 4616 3383 4692 (v,

1815 4706 2081 4780 Apollod.
2110 4726 2163 4776 2,
2190 4704 2294 4783 5),
2320 4704 2445 4775 καὶ,
2476 4707 2546 4770 ὡς
2570 4703 2705 4771 εἰκὸς
2725 4747 2742 4779 ,
2765 4702 2847 4784 ἐφ’
2878 4700 3023 4781 ῧὸρει
3050 4700 3291 4762 ἐκέλευσε
3317 4700 3386 4759 τὰ

1817 4790 2021 4850 δείσαια
2047 4792 2157 4851 ἐκεῖ
2179 4792 2399 4873 ῥίπτειν.
2424 4795 2694 4851 Similiter
2718 4794 2779 4849 h.
2811 4814 2867 4849 v.
2889 4793 3115 4863 suidas,
3136 4803 3193 4848 et
3215 4810 3285 4848 ex
3314 4810 3387 4847 eo

1816 4884 2087 4939 Arsenius
2108 4885 2235 4939 lon.
2268 4903 2329 4957 p.
2363 4882 2501 4957 334,
2533 4885 2633 4957 qui
2657 4894 2807 4939 recte
2830 4878 2946 4937 ἀντὶ
2973 4883 3062 4937 τοῦ
3090 4878 3253 4937 κακὸν
3273 4900 3384 4953 pro

161 4966 372 5041 vulgari
401 4988 512 5025 usu
545 4981 735 5025 mater
775 4969 868 5024 vel
907 4971 1102 5024 nutrix
1147 4980 1385 5025 vocetur
1412 4962 1722 5045 θηλάστρια.
1819 4970 2097 5027 mendoso
2146 4968 2447 5042 ἄντίκακον,
2500 4972 2663 5047 quod
2716 4971 2888 5027 habet
2938 4970 3190 5025 Photius.
3243 4994 3265 5017 ιι
3313 4967 3383 5025 111

161 5192 206 5235 et
225 5186 502 5250 irridentes
526 5191 788 5250 manibus
809 5188 1156 5263 plaudamus·

1768 5188 1780 5258 l
