3809 5850
1581 397 1979 461 CRATINUS.

127 519 299 578 Diod.
321 521 444 577 Sic.
479 539 572 594 ια,
601 539 666 594 p.
699 519 840 590 512,
865 522 1015 579 Plut.
1037 525 1164 580 Nic.
1193 524 1249 582 6.
1277 557 1354 570 -—-
1375 523 1464 593 Ἐξ
1487 526 1713 607 αἰθρίας,

125 609 286 662 velut
334 609 488 663 coelo
534 626 740 664 sereno
777 608 858 683 (i.
897 627 952 668 e.
999 629 1070 667 ex
1107 613 1445 687 improviso,
1483 617 1714 693 subito)

125 695 362 764 cadens,
381 707 452 751 ut
474 696 691 770 fulgur.
710 726 793 739 —
815 699 900 754 De
921 700 1184 756 muribus
1204 703 1442 762 Aristot.
1468 706 1543 760 Η.
1571 707 1712 762 Ani·

123 785 265 842 mal.
295 784 355 853 6,
388 783 499 842 30:
525 787 560 853 ἡ
579 783 632 840 δὲ
652 785 802 858 μυῶν
823 781 1022 859 γένεσις
1044 788 1454 862 θαυμασιωτάτη
1478 791 1624 870 παρὰ
1648 791 1714 849 τὰ

125 869 269 926 ἄλλα
301 871 414 949 ζῷά
439 871 555 929 ᾶστι
583 875 660 951 τῷ
681 869 874 941 πλήθει
891 872 984 931 καὶ
1011 877 1088 955 τῷ
1113 875 1290 955 τάχει,
1319 891 1431 940 ete.

907 999 960 1056 5.

209 1117 460 1176 photius
475 1123 616 1176 Lex.
644 1139 708 1194 p.
733 1120 870 1193 648,
896 1119 986 1194 15,
999 1109 1132 1180 Ὧδε
1151 1143 1167 1178 ι
1187 1122 1246 1180 οὗ
1269 1121 1425 1198 μόνον
1447 1122 1508 1182 τὸ
1534 1122 1712 1196 οὕτως,

123 1203 269 1262 ἀλλὰ
293 1205 392 1263 καὶ
413 1204 475 1264 τὸ
496 1206 678 1266 ἐνθάδε
693 1251 712 1280 ,
739 1211 995 1285 ὧςὴμεῖς.
1026 1211 1130 1289 Kp.
1159 1214 1337 1291 Δραπ.

227 1333 385 1409 Τοὺς
422 1325 548 1399 ὦδε
585 1333 764 1426 μόνον
800 1330 1236 1414 στασιάζοντας
1275 1337 1377 1402 καὶ
1415 1340 1712 1429 βουλομέ-

1174 1469 1306 1520 νους
1333 1441 1503 1520 τινὰς
1533 1439 1708 1510 εἶναι.

129 1577 356 1634 Eadem
399 1575 605 1635 Suidas
634 1597 684 1633 s·
727 1597 786 1638 Υ.
821 1565 992 1650 τΩδε,
1019 1581 1316 1654 nolimque
1357 1584 1556 1657 negari
1584 1603 1711 1639 cum

125 1667 302 1722 Mein.
338 1655 444 1724 ὧδε
474 1669 646 1724 etiam
669 1686 784 1724 esse
805 1667 903 1722 Ιιίο
927 1668 1018 1724 vel
1045 1669 1176 1740 huc,
1201 1671 1308 1725 nisi
1335 1671 1490 1746 apud
1517 1671 1710 1726 laben·

127 1755 201 1810 tis
221 1757 535 1832 graecitatis
568 1755 902 1834 scriptores,
934 1775 1114 1833 quum
1135 1759 1336 1815 usitate
1366 1759 1591 1816 dicatur
1608 1749 1710 1818 ὧδε

122 1845 372 1903 κάκεῖσε.
415 1845 686 1904 Comicus
712 1865 948 1920 quoque
974 1851 1080 1902 Av.
1117 1846 1226 1902 231
1265 1845 1436 1906 :⁹1tm
1473 1870 1548 1914 τις
1578 1838 1712 1920 ὧδε,

123 1933 292 2006 quod
319 1933 476 1989 idem
499 1935 558 1988 in
588 1935 956 2006 sequentibus
982 1933 1126 1990 dicit
1159 1931 1297 2012 δεῦρ’
1318 1933 1426 2007 ἴτε,
1445 1935 1518 1992 ἴτ’
1547 1939 1596 2000 ἐς
1623 1937 1711 1993 λό-

121 2041 245 2094 γους
271 2021 446 2098 δεῦρο,
466 2032 580 2078 etc.

899 2145 954 2202 6.

203 2266 414 2324 Suidas
439 2285 458 2322 ε
491 2263 772 2342 Ἁμάρτοιν
798 2263 977 2344 εἴρηκε
1002 2263 1063 2324 τὸ
1087 2265 1385 2344 ἁμάρτοιμι
1415 2269 1628 2344 (immo
1651 2271 1711 2329 τὸ

119 2352 452 2433 ἇμαρτοίην,
475 2357 720 2432 συγκοπῇ
735 2357 830 2412 τοῦ
848 2377 908 2428 η,
929 2367 996 2412 ut
1007 2357 1088 2414 ait
1099 2359 1470 2436 Etymologus
1483 2381 1547 2436 p.
1571 2363 1708 2439 693,

122 2445 236 2512 523
279 2451 362 2499 sic
389 2461 492 2519 ap.
536 2445 738 2516 Eurip.
785 2439 991 2522 Ἄφρων
1025 2441 1090 2504 ἂν
1129 2443 1274 2517 εἴην,
1317 2448 1364 2504 εἰ
1399 2447 1608 2528 τρίφοιν
1641 2449 1708 2508 τὰ

119 2533 230 2588 τῶν
269 2527 476 2606 πέλας)
515 2531 619 2610 Κρ.
639 2533 817 2609 Δραπ.

231 2648 542 2730 Ποδαπὰς
587 2659 746 2744 ὑμᾶς
789 2649 938 2721 εἶναι
985 2658 1232 2748 φάσκων
1250 2709 1269 2744 ,
1318 2656 1366 2724 ὦ
1407 2661 1706 2753 μείρακες,

1113 2768 1223 2830 οὐκ
1257 2760 1330 2830 ἂν
1369 2767 1706 2858 ἁμάρτοιν;

119 2901 256 2955 Huc
279 2897 595 2973 respexisse
613 2897 840 2955 videtur
862 2899 1050 2956 Draco
1070 2901 1321 2961 Straton.
1352 2922 1416 2979 p.
1451 2903 1551 2977 18,
1578 2925 1651 2962 20
1687 2928 1702 2965 z

119 2986 203 3045 Τὸ
237 3010 261 3035 α
303 2982 492 3063 μείραξ
525 3012 550 3036 ι»
581 2982 668 3043 ἐπὶ
704 2988 932 3057 θηλυκοῧ
967 2986 1232 3065 τιθέμενον
1273 2980 1332 3048 εὖ
1361 2990 1425 3049 ἂν
1461 2990 1592 3071 ἔχοι·
1637 2996 1706 3061 ὥς

119 3077 435 3151 ἀγνοοῦντες
459 3072 514 3131 δὲ
543 3078 700 3132 τοῦτο
731 3072 838 3132 ἔσθ’
862 3073 949 3133 ὅτε
972 3078 1020 3133 οἱ
1056 3077 1283 3155 κωμικοὶ
1326 3080 1416 3137 καὶ
1445 3084 1703 3162 ἀρσενικῷ

113 3162 262 3238 γένει
287 3158 386 3231 τὴν
414 3160 656 3229 σύνταξιν
675 3166 967 3221 ποιοῦνται·
993 3163 1110 3223 ἀλλ’
1129 3164 1266 3233 εἰκὸς
1293 3166 1479 3235 αὐτοὺς
1503 3171 1702 3249 θηλυκῇ

115 3247 460 3328 προσηγορία
479 3247 741 3309 σκώπτειν
755 3250 873 3319 τοὺς
893 3256 1296 3332 πασχητιῶντας
1315 3256 1332 3333 (
1353 3260 1479 3315 etin
1497 3278 1704 3335 genere

113 3340 507 3410 effeminatoS,
527 3340 688 3397 velut
706 3340 994 3417 Sybaritas
1015 3362 1030 3398 :
1057 3362 1112 3405 τ.
1132 3346 1542 3423 prolegomena
1565 3347 1608 3424 ).

894 3474 945 3525 7.

199 3564 448 3623 Photius
473 3566 614 3622 Lex.
643 3585 705 3640 p.
747 3566 885 3643 337,
923 3584 1020 3644 19,
1058 3565 1220 3637 Ὄνος
1247 3569 1394 3630 ὕεται
1425 3593 1440 3630 τ
1471 3572 1560 3633 ἐπὶ
1593 3577 1699 3633 τῶν

111 3652 192 3728 μὴ
223 3651 754 3732 ἐπιστρεφομένων...
787 3655 894 3735 Κρ.
921 3661 1097 3733 Δραπ.

217 3770 378 3843 Οἵδε
431 3774 834 3859 πυππάζουσι
869 3787 1340 3877 περιτρέχοντες·
1381 3792 1413 3852 ὁ
1467 3778 1526 3853 δ’
1569 3788 1698 3867 ὄνος

1509 3898 1696 3965 ὕεται.

115 4023 370 4095 Hesych.
405 4020 770 4091 Πυππάζουσι
815 4042 832 4083 :
879 4026 1028 4103 φωνῇ
1065 4035 1192 4107 ποιᾷ
1240 4031 1492 4107 χρῶνται.
1536 4035 1697 4093 Libri

117 4108 166 4163 οἱ
213 4107 298 4179 δὲ,
337 4112 530 4167 minus
573 4112 809 4186 quidem
851 4117 1157 4175 commode
1174 4160 1192 4195 ,
1220 4138 1398 4195 quum
1425 4136 1697 4199 sequatur

117 4194 194 4255 δέ.
226 4200 520 4273 Sybaritas
543 4202 698 4277 ipsos
722 4202 834 4258 dici
858 4205 1110 4261 arbitror
1131 4220 1398 4285 exceptos
1419 4210 1494 4265 ab
1523 4212 1694 4268 Athe·

115 4289 439 4361 aiensibus,
479 4308 699 4365 eosque
739 4292 865 4347 laeta
907 4294 1313 4354 acclamatione
1357 4300 1692 4370 salutantem

117 4398 296 4449 quum
319 4380 404 4434 illi
429 4398 637 4455 pamm
661 4394 930 4438 curarent
953 4385 1260 4459 expulsos:
1287 4388 1388 4459 qui
1407 4388 1696 4463 neglectus

115 4466 472 4539 significatur
492 4468 812 4543 proverbio
837 4465 953 4536 ὄνος
975 4466 1144 4533 ὕεται.

3314 439 3381 488 15

2568 544 2624 600 8.

1889 648 2141 708 Gramm.
2176 651 2416 709 Bekker.
2459 656 2678 714 Anecd.
2715 678 2775 732 p.
2822 660 2957 734 433,
3001 683 3093 736 10,
3147 665 3381 729 Ἀποπά-

1808 755 1957 809 τημα
1982 755 1997 792 :
2030 734 2157 794 αὐτὸ
2187 735 2247 796 τὸ
2273 735 2559 802 σκύὸαλον.
2589 740 2819 812 Εὔπολις
2842 752 3025 828 χρυσῷ
3047 751 3203 828 γένει·

1888 846 1961 908 Τί
1985 847 2085 928 γάρ
2108 849 2219 908 ἐστ’
2244 851 2467 929 ἐκεῖνος
2488 855 2803 935 ἅποπάτημ’
2832 861 3122 932 ἀλώπεκος.

1813 961 1915 1039 Κρ.
1941 964 2116 1040 Δραπ.

1903 1079 2029 1146 Τὸν
2056 1081 2363 1174 Κερκυόνα
2397 1081 2449 1152 θ’
2486 1087 2663 1152 ἔωθεν
2709 1089 3137 1159 ἀποπατοῢντ’“
3164 1090 3187 1191 [
3212 1094 3377 1192 ἐγὼ]

1905 1183 2007 1249 ἐπὶ
2031 1193 2160 1264 τοῖς
2183 1190 2475 1280 λαχάνοις
2501 1195 2683 1284 εὑρὼν
2720 1194 3023 1280 άπέπνιξα
3040 1249 3056 1265 .

1809 1306 1955 1385 Ἐγώ
1983 1312 2206 1368 addidit
2232 1317 2478 1372 Meinck.
2514 1319 2725 1376 Eadem
2754 1341 2843 1397 ap.
2870 1326 3106 1384 Suidam
3132 1349 3186 1387 V.
3222 1329 3378 1391 Ἀπο-

1807 1396 2029 1473 πάτημα
2054 1411 2110 1455 et
2132 1403 2322 1474 Etym.
2357 1406 2435 1459 M.
2468 1425 2526 1480 p.
2565 1406 2697 1477 132,
2732 1409 2833 1464 ubi
2856 1411 3142 1473 ἀποπατῶν
3166 1421 3285 1476 sine
3308 1421 3376 1481 θ’.

1807 1483 2083 1562 Κερκυόνα
2104 1489 2345 1546 ridicule
2368 1492 2461 1548 Cr.
2491 1495 2800 1568 appellasse
2820 1499 3047 1558 videtur
3075 1523 3379 1583 cercopem

1805 1573 1923 1629 sive
1950 1577 2439 1651 cercopithecum,
2468 1585 2568 1654 qui
2595 1585 2655 1638 in
2680 1585 2931 1643 oleribus
2954 1590 3183 1662 sedens,
3210 1614 3375 1654 more

1805 1677 2099 1735 simiarum
2160 1685 2461 1744 cacaverit.
2509 1687 2773 1748 Ceterum
2838 1688 2926 1748 ἐπὶ
2973 1695 3078 1762 τοῖς
3132 1695 3377 1768 λασάνοις

1808 1769 2045 1822 tentavit
2069 1769 2241 1830 Mein.

2564 1907 2619 1963 9.

1883 1995 2090 2055 Athen.
2132 2015 2219 2067 11,
2256 2015 2316 2072 p.
2352 1995 2485 2071 501,
2512 2002 2565 2058 D
2606 2021 2619 2056 t
2671 2001 2933 2082 Κρατίνου
2974 2004 3020 2063 δ’
3046 2007 3283 2078 εἰπόντος
3321 2014 3375 2072 ἐν

1805 2083 1981 2158 Δραπ.

1904 2199 2161 2288 Δέχεσθε
2198 2199 2423 2290 φιάλας
2451 2195 2642 2270 τάσδε
2674 2209 3269 2303 βαλανειομφάλους,

1803 2323 2185 2403 Ἐρατοσθένης
2204 2329 2257 2386 ἐν
2280 2330 2357 2408 τῷ
2380 2329 2639 2412 ἑνδεκάτῳ
2664 2333 2797 2412 Περὶ
2814 2337 3093 2416 κωμῳδίας
3114 2338 3212 2413 τὴν
3235 2341 3373 2412 λέξιν

1804 2413 2006 2490 ἀγνοεῖν
2038 2436 2167 2494 φησι
2203 2417 2531 2496 Λυκόφρονα·
2560 2421 2664 2478 τῶν
2698 2420 2800 2502 γὰρ
2828 2425 3030 2501 φιαλῶν
3070 2430 3117 2486 οἱ
3146 2431 3373 2511 ὀμφαλοὶ

1801 2500 2025 2559 καὶτῶν
2064 2501 2356 2582 βαλανείων
2404 2505 2502 2584 [οἱ
2544 2505 2726 2586 θόλοι]
2776 2511 3073 2591 παρόμοιοι·
3117 2517 3190 2582 εἰς
3216 2517 3271 2576 δὲ
3311 2519 3373 2578 τὸ

1801 2577 1933 2655 εἶδος
1978 2590 2073 2647 οὔκ
2117 2588 2391 2669 ἀρρύθμως
2422 2591 2723 2662 παίζονται.
2769 2601 3105 2661 Timarchus
3144 2607 3295 2664 libro
3335 2617 3367 2678 4

1799 2679 2356 2738 Commentariorum
2396 2684 2459 2738 in
2512 2683 2903 2746 Eratosthenis
2960 2694 3309 2752 Mercurium
3352 2717 3367 2752 ε

1801 2765 2108 2844 Πεπαῖχθαί
2140 2767 2222 2843 (i.
2252 2789 2301 2830 e.
2330 2773 2549 2828 comice
2566 2771 2764 2831 fictum
2786 2795 2901 2834 esse
2925 2778 2943 2855 )
2976 2801 3051 2845 τις
3079 2777 3143 2838 ἂν
3171 2783 3368 2852 οἰηθείη

1796 2851 1893 2924 ἰὴν
1921 2852 2057 2922 λέξιν
2091 2853 2221 2913 διότι
2242 2854 2311 2914 τὰ
2336 2859 2559 2916 πλεῖστα
2589 2863 2692 2918 τῶν
2744 2863 2990 2937 Ἀθήνησι
3038 2869 3325 2945 βαλανείων
3346 2915 3365 2948 ‚

1799 2942 2076 3013 κυκλοειδῆ
2134 2950 2247 3010 ταῖς
2300 2956 2648 3016 κατασκευαῖς
2714 2948 2867 3025 ὄντα,
2916 2951 3035 3020 τοὺς
3082 2954 3371 3037 ἐξαγωγοὺς

1800 3025 2123 3107 (emissaria
2148 3035 2412 3110 vaporis)
2442 3032 2555 3113 ἔχει
2576 3035 2715 3095 κατὰ
2740 3038 2896 3115 μέσον
2911 3084 2929 3113 ,
2950 3040 3029 3121 ἐφ’
3050 3034 3110 3101 οὗ
3136 3047 3369 3124 χαλκοῦς

1797 3115 2031 3193 ὀμφαλὸς
2061 3116 2289 3181 ἔπεστιν.
2340 3122 2597 3185 Gramm.
2644 3128 2825 3186 Bekk.
2864 3130 3085 3191 Anecd.
3124 3152 3185 3209 p.
3222 3136 3361 3205 225,

1797 3205 1854 3275 6,
1897 3202 2359 3285 Βαλανειόμφαλοι
2407 3206 2424 3287 (
2462 3212 2612 3268 male
2658 3216 2793 3273 cod.
2846 3216 3298 3301 Βαλανόμφαλοι)
3346 3241 3362 3283 :

1794 3284 1889 3354 τὰς
1917 3288 2107 3367 φιάλας
2133 3288 2225 3357 τὰς
2253 3291 2475 3370 ἐχούσας
2501 3295 2766 3375 ὀμφαλοὺς
2790 3298 2912 3361 ἄνευ
2937 3304 3042 3361 τῶν
3068 3303 3365 3382 προσώπων
3478 3342 3483 3348 ·

1794 3378 1963 3433 ὁποῖοι
1988 3378 2035 3434 οἱ
2060 3380 2163 3435 τῶν
2206 3380 2494 3457 βαλανείων
2524 3382 2679 3441 θόλοι.
2704 3390 3045 3447 Letronnius
3067 3394 3128 3447 in
3170 3396 3366 3453 libello

1791 3466 1904 3520 Sur
1926 3466 2003 3519 les
2029 3470 2305 3521 nom-sdes
2322 3487 2476 3524 cases
2499 3488 2676 3545 ἔνθα,
2705 3491 2767 3547 p.
2802 3474 2903 3551 60,
2917 3479 3169 3553 phialam
3192 3482 3365 3557 βαλα-

1792 3548 2103 3631 νειόμφαλον
2130 3555 2206 3609 ita
2228 3556 2475 3630 explicat
2500 3576 2515 3616 :
2540 3578 2651 3613 une
2666 3561 2868 3634 phiale
2889 3583 3023 3621 sans
3046 3567 3191 3635 base,
3223 3577 3367 3627 mais·

1792 3661 1925 3697 avec
1963 3660 2071 3697 une
2099 3646 2489 3716 prve'minence
2521 3651 2833 3707 exte're‘eure
2868 3672 2943 3709 au
2954 3650 3133 3725 fond,
3166 3670 3226 3713 et
3242 3679 3369 3735 par

1791 3732 2144 3803 consequent,
2182 3750 2253 3786 ne
2283 3748 2533 3807 pouvant
2555 3755 2616 3790 se
2637 3756 2806 3811 poser
2828 3758 2935 3813 que
2973 3742 3119 3796 dans
3157 3762 3267 3800 une
3292 3751 3365 3799 si-

1791 3822 2001 3871 tuation
2023 3822 2315 3887 rennersde,
2351 3840 2415 3875 ce
2440 3842 2546 3897 que
2571 3826 2651 3879 les
2669 3826 2836 3881 Grecs
2856 3830 3101 3884 disae'ent
3125 3827 3212 3886 ἐπὶ
3241 3830 3361 3888 στό-

1791 3924 1868 3976 μα
1911 3901 2176 3979 τίθεσθαι,
2224 3931 2249 3957 ³»
2297 3920 2408 3968 etc.
2450 3908 2838 3969 Probabiliter
2876 3917 3050 3973 Mein.
3102 3915 3357 3995 πρόσωπα

1789 3992 2058 4068 intelligit,
2078 3995 2307 4051 leonum
2324 4037 2342 4067 ,
2384 3998 2688 4074 luporum,
2734 4003 3093 4078 aliorumque
3142 4008 3359 4065 anima·

1788 4079 1959 4155 lium,
2006 4100 2136 4150 ora,
2184 4084 2393 4157 quibus
2426 4088 2563 4143 alias
2601 4089 2923 4161 phialarum
2973 4110 3087 4149 orae
3144 4106 3361 4153 ornatae

1787 4178 1964 4225 eraut.

2530 4308 2619 4347 10.

1867 4398 2205 4471 Apollonius
2231 4402 2317 4456 De
2344 4419 2613 4474 pronom.
2650 4422 2710 4477 p.
2744 4404 2885 4475 285,
2916 4408 2999 4463 B:
3038 4405 3127 4463 καὶ
3168 4404 3357 4465 τούτου

1787 4478 1961 4546 πίστις
1988 4482 2047 4539 τὸ
2082 4482 2178 4554 τὴν
2210 4485 2304 4559 μὲν
2340 4512 2365 4537 α
2402 4478 2549 4552 οὗτος
2577 4516 2601 4539 ³·
2632 4488 2721 4546 καὶ
2751 4489 2837 4547 ἐπὶ
2885 4490 3119 4561 κλήσεως
3159 4492 3354 4553 τάσσε-

146 4610 3339 4653 ἬἪ

882 4692 936 4743 5.

123 4768 219 4825 Hic
237 4770 648 4829 tumultuantes
663 4772 812 4829 solos
828 4782 886 4831 et
901 4774 1106 4847 aliquid
1123 4790 1238 4833 esse
1251 4777 1548 4850 cupientes.

883 4870 938 4921 6.

127 4945 330 5015 cujates
349 4961 446 5003 vos
468 4946 686 5011 dicens,
713 4964 747 5003 o
765 4947 1210 5019 adolescentulae,
1236 4969 1346 5010 non
1367 4956 1654 5017 erraverim
1669 4960 1695 5012 ?

883 5044 934 5094 7.
1495 5046 1686 5118 [mejit.

135 5120 254 5177 llice
277 5124 434 5179 vobis
452 5124 774 5181 acclamant
800 5125 1324 5201 circumcurrentes3
1350 5133 1534 5189 asinus
1566 5150 1692 5191 vero

2546 4710 2599 4759 8.

1787 4786 2227 4859 Cercyonemque
2246 4803 2405 4847 mane
2422 4798 2706 4848 meantem
2730 4808 2835 4865 ego

1785 4874 1842 4929 in
1859 4874 2099 4932 oleribus
2122 4878 2399 4948 reperiens
2420 4879 2709 4937 suffocavi.

2540 4974 2575 5023 9

1783 5049 2025 5120 Accipite
2042 5050 2201 5108 hasce
2220 5052 2427 5124 phialas
2450 5054 2791 5113 umbilicatas
2818 5067 2878 5115 ut
2898 5058 3167 5115 balneum.
