3809 5850
1502 485 1848 550 CALLIAS.

127 643 292 681 sensu:
319 625 508 680 dicunt
525 625 692 679 etiam
725 621 956 704 ἀράχναι
989 639 1021 676 a
1053 619 1406 674 nominativo
1437 618 1466 674 δ
1507 617 1638 696 ἄρά-

127 732 246 786 χνης.
273 715 389 768 Haec
419 715 462 768 si
505 730 634 768 vera
660 721 818 779 sunt,
855 709 1046 764 Calliae
1071 725 1266 762 versus
1301 707 1535 762 fortasse
1559 709 1634 764 ita

127 800 406 855 scribendus
431 811 514 855 est

187 909 306 970 Ἀλλ’
321 909 488 991 ὥσπερ
517 909 744 990 ἀράχναι
767 906 860 979 τὴν
887 907 1004 967 ὁδὸν
1029 905 1428 988 προφορούμεθα
1445 953 1462 981 ,

128 1024 194 1078 vel

185 1134 364 1217 Ὥσπερ
387 1135 488 1216 γὰρ
523 1133 752 1216 ἀράχναι
779 1131 872 1204 τὴν
903 1133 1018 1192 ὁδὸν
1047 1131 1473 1214 προφορουμένω.
1497 1159 1524 1185 ι

827 1247 886 1307 8.

189 1365 360 1420 Pollux
389 1385 440 1436 7,
489 1362 602 1420 105
656 1379 672 1418 ε
719 1357 1056 1439 χαλκώματα
1097 1357 1154 1418 δὲ
1177 1356 1554 1440 Ἀριστοφάνης
1591 1359 1644 1417 ἐν

131 1451 371 1528 Πελαργοῖς
407 1449 496 1508 καὶ
543 1447 750 1528 Σφηξὶν
779 1447 988 1528 εἴρηκε·
1025 1447 1264 1514 Καλλίας
1305 1445 1348 1506 δ’
1377 1449 1430 1505 ἐν
1472 1449 1639 1508 Κύκλ.

131 1562 148 1585 ι
167 1541 506 1616 κεχαλκεΐιοθαι
525 1541 558 1572 ⁴¹
573 1537 746 1597 τοίνυν
775 1535 1018 1616 ἑσπέρας.
1043 1561 1070 1588 ¹·
1085 1535 1327 1594 Pessime
1347 1547 1641 1612 corrupta.

132 1629 326 1684 Librarii
349 1631 490 1685 enim
516 1639 576 1685 et
597 1628 903 1700 monachi,
945 1627 1046 1701 qui
1079 1628 1216 1682 olim
1249 1625 1648 1682 describebant

135 1735 268 1789 opera
291 1707 560 1788 veterum,
593 1717 963 1773 mediocriter
1005 1716 1318 1781 intellecta,
1366 1733 1542 1787 quum
1572 1715 1647 1771 ad

131 1806 916 1876 privatumusumdominorum
927 1805 1018 1860 vel
1041 1804 1402 1878 superiorum
1419 1802 1644 1877 elegan-

135 1893 259 1962 tium,
285 1906 390 1950 tum
425 1895 502 1951 ad
527 1892 903 1950 vendendum
925 1933 941 1962 ,
976 1902 1136 1947 metu
1164 1892 1467 1946 liturarum
1505 1891 1646 1945 nihil

133 1979 344 2036 delebant
361 1993 452 2038 aut
469 1982 806 2048 mutabant,
827 1981 958 2036 satis
972 1979 1250 2035 habentes
1271 1978 1486 2034 vitiosis
1512 1979 1647 2033 sub-

127 2067 260 2139 jicere
283 2071 570 2128 emendata
589 2113 604 2138 ‚
629 2069 856 2144 gravius
896 2078 1087 2123 autem
1136 2067 1422 2141 corruptis
1471 2067 1648 2120 absti-

131 2171 314 2236 nentes3
353 2157 844 2236 quemadmodum
879 2158 992 2212 hoc
1031 2157 1072 2212 L
1113 2157 1494 2228 reliquerunt,
1523 2167 1650 2210 tan·

134 2263 260 2316 quam
285 2250 628 2318 incurabile,
676 2248 916 2303 verbum
949 2242 1364 2322 κεχαλκιῦσθαι,
1399 2253 1648 2300 tantum-

133 2349 216 2404 que
243 2336 302 2390 ad
328 2335 382 2394 τὸ
398 2378 414 2407 ,
455 2349 679 2394 temere
713 2347 1038 2405 exaratum,
1077 2333 1497 2408 adscripserunt
1524 2355 1562 2406 ι,
1586 2344 1653 2388 ut

133 2433 238 2475 esset
272 2423 316 2478 τί
342 2443 356 2482 :
391 2443 580 2499 neque
607 2425 764 2479 enim
793 2423 1038 2478 dubium
1063 2421 1316 2498 videtur,
1347 2422 1486 2494 quin
1517 2421 1638 2480 Cal-

133 2507 208 2562 lias
235 2511 416 2570 dixerit

202 2663 280 2673 —
307 2624 738 2719 Κεχοὶλκευταί
761 2651 822 2692 τι
852 2634 951 2691 νῦν

207 2731 250 2806 ἐς
273 2735 458 2828 πέρας,

136 2873 276 2912 cusum
295 2873 367 2916 est
382 2864 600 2939 aliquid
625 2879 776 2916 nunc
805 2861 1032 2916 tandem
1043 2899 1064 2929 ,
1087 2870 1152 2915 ut
1169 2858 1435 2916 Germani
1455 2858 1651 2914 eadem

135 2948 406 3021 metaphora
436 2971 452 3007 ι
493 2954 632 3007 lez!
676 2949 898 3005 endlich
945 2956 1021 3005 ist
1047 2962 1220 3004 etwas
1253 2948 1648 3021 geschmiedet.

136 3024 204 3093 Ἐς
224 3034 384 3111 πέρας,
423 3042 684 3095 tandem.
710 3040 802 3095 Sic
830 3038 1122 3113 Aristoph.
1162 3038 1368 3093 Avium
1401 3035 1537 3107 758,
1583 3037 1654 3101 εἰς

135 3116 370 3195 εὐτέλειαν,
401 3126 500 3181 ubi
529 3126 718 3183 schol.
766 3124 1006 3192 εὗτελῶς.
1037 3126 1214 3183 Thuc.
1272 3124 1330 3196 3,
1371 3124 1468 3194 64,
1497 3124 1566 3189 εἷς
1594 3121 1655 3181 τὸ

135 3204 280 3275 ἀληθὲς
301 3230 400 3287 pro
423 3214 666 3285 ἀληθῶς,
694 3223 816 3305 etc.

195 3432 321 3489 Idem
345 3438 419 3493 ib.
453 3458 474 3493 1
491 3440 616 3497 16:
645 3434 711 3493 τὰ
737 3432 838 3493 δὲ’
817 3458 938 3513 ιχνη
960 3438 1066 3493 τῶν
1093 3438 1320 3516 τροχῶν,
1353 3434 1388 3493 ἃ
1412 3434 1656 3515 Ὅμηρος

142 3516 209 3587 (ll.
235 3523 316 3593 23,
351 3524 490 3604 505)
523 3524 896 3605 ἅρματροχιὰς
919 3523 1125 3605 εἴρηκε,
1175 3528 1244 3583 Κ.
1283 3526 1334 3582 ἐν
1370 3522 1654 3605 Κυκλωψιν

140 3602 206 3676 ἃμ
181 3607 272 3662 1³2
254 3613 600 3693 ,οτροχίας
635 3612 851 3689 λίγειαι
888 3616 1051 3671 Unus
1090 3614 1326 3673 codex‘
1299 3614 1654 3691 αματροχίας,

138 3706 184 3746 ιιι
203 3696 257 3753 ll
282 3700 366 3771 23,
410 3710 518 3767 4²2
547 3699 905 3779 ἇματροχιᾶς.
950 3702 1222 3761 Confudit
1260 3705 1380 3759 haec
1419 3705 1655 3773 Pollux,

138 3792 186 3833 ut
207 3784 542 3847 Callimachus
583 3792 794 3865 fragm.
851 3789 984 3860 135,
1015 3791 1117 3845 ubi
1161 3788 1490 3869 ἁματροχίας
1519 3790 1662 3847 dixit

141 3884 190 3919 Π
165 3882 344 3932 “arum
362 3882 586 3954 vestigia
625 3897 644 3937 :
683 3898 741 3935 v.
771 3880 952 3939 schol.
990 3879 1067 3936 ad
1088 3889 1398 3955 utrumque
1427 3882 1662 3937 Homeri

139 3954 354 4018 locum.»
395 3968 446 4021 Ε
470 3968 562 4025 M

611 4092 730 4155 111.
757 4094 1124 4155 ΠΕΔΗΤΑῙ.

199 4201 254 4255 lu
276 4204 372 4261 hac
407 4207 596 4265 fabula
635 4208 836 4263 Callias
861 4210 1247 4282 Lamponem,
1297 4207 1662 4283 Euripidem,

142 4284 380 4349 Socratem
395 4336 412 4365 ,
435 4302 764 4354 Acoetorem
790 4306 848 4353 et
873 4296 1242 4354 Melambium
1267 4296 1540 4354 traduxit.

851 4428 906 4467 1.

207 4514 374 4574 Schol.
393 4521 684 4595 Aristoph.
708 4521 913 4577 Avium
937 4518 1088 4577 ¹51:
1113 4518 1402 4585 Μελάνθιος
1430 4521 1457 4576 ὁ
1483 4540 1668 4597 τραγι-

143 4618 212 4663 λος
225 4607 442 4683 κωμῳδε·
395 4632 574 4667 urat..
584 4608 698 4675 ,εἰς
719 4606 988 4683 μαλακίαν
1003 4606 1094 4665 καὶ
1110 4608 1422 4687 ὀψοφαγίαν.
1439 4608 1666 4668 Πλάτων

173 4690 346 4749 ·αὖτὸν
371 4696 420 4751 ἐν
447 4698 494 4756 Σ
499 4697 676 4763 κύθαις
703 4700 774 4763 ὥς
795 4696 958 4756 λάλον
983 4692 1236 4754 σκώπτει.
1265 4698 1336 4756 K.
1365 4693 1629 4765 Πεδήταις

857 4886 912 4937 9.

153 4957 376 5021 Curriculi
411 4983 618 5025 cursus.
650 4998 724 5012 —
743 4970 1058 5027 concursus
1083 4975 1350 5027 rotarum.

613 5090 890 5149 PEmcls
927 5090 1200 5147 VINCTI.

867 5198 887 5247 1
901 5234 914 5245 .

158 5277 200 5317 a.
225 5270 340 5339 Quis
369 5276 530 5349 igitur
554 5279 788 5352 quisque
805 5282 986 5348 (φιν
1015 5280 1351 5339 Melanthios
1376 5300 1486 5355 quo
1522 5285 1679 5357 siguo

1317 5374 1336 5439 [
1356 5388 1643 5443 agnoscam
1656 5376 1680 5429 ?

3189 497 3295 549 281

1824 645 1886 688 α.
1901 617 2011 696 Τίς
2023 643 2116 695 τις
2136 615 2250 711 ἄρα
2268 642 2286 704 ;
2312 619 2451 694 τοὺς
2467 618 2831 696 Μελανθίους
2850 627 2937 706 τῷ
2955 623 3261 713 γνώσομαι
3282 649 3301 710 3

1832 729 1887 810 β.
1922 723 2043 800 Οὓς
2074 719 2147 790 ἂν
2182 722 2453 814 μάλιστα
2480 728 2967 818 λευκοπρώκτους
2992 716 3242 820 εἰσίδῃς.

1735 854 1947 910 Immisi
1982 871 2251 928 personas
2276 854 2681 926 colloquentes.
2714 853 2902 910 Codd.
2932 850 3009 918 τίς
3040 842 3159 930 ὅρα.
3196 855 3309 911 Pa-

1732 962 1860 998 rum
1897 941 2271 1016 probabiliter
2296 941 2541 998 Meinek.
2573 941 2698 1006 Πῶς
2723 930 2827 1020 ἆρα
2854 937 2971 1007 τοὺς
3002 941 3163 1014 Μελ,
3193 955 3304 999 etc.

1733 1027 2062 1106 Dindorfius
2085 1023 2203 1094 τοὺς
2227 1025 2543 1089 Μελανθίου.

2488 1152 2547 1190 2.

1783 1317 1786 1320 ἢ
1813 1247 2095 1323 Diogenes
2111 1249 2297 1304 Laert.
2312 1264 2370 1317 α,
2395 1245 2489 1318 18,
2507 1246 2783 1303 disserens
2806 1233 2879 1304 de
2899 1247 3142 1304 Socratis
3162 1247 3315 1304 fami·

1735 1337 1984 1392 liaritate
2007 1354 2137 1390 cum
2166 1335 2441 1408 Euripide
2478 1354 2491 1389 :
2534 1333 2701 1392 ἐδόκει
2743 1331 2799 1391 δὲ
2840 1335 3115 1410 συμποιεῖν
3146 1336 3308 1414 Εὔρι-

1735 1422 1929 1502 πίδῃ...
1959 1420 2049 1481 καὶ
2073 1423 2146 1480 Κ.
2173 1423 2225 1478 ἐν
2252 1422 2385 1480 Πεδ.

1833 1565 1892 1606 α.
1924 1529 2059 1611 ἤδη
2092 1539 2161 1604 σὺ
2191 1544 2403 1628 σεμνοῒ
2422 1535 2525 1603 καὶ
2554 1544 2778 1629 φρονεῖς
2808 1539 2963 1603 οὕτω
2995 1539 3186 1632 μέγας

1840 1647 1900 1729 β.
1946 1633 2164 1726 {lieo-‘ti
2189 1642 2303 1736 γοίρ
2332 1668 2457 1734 μοι.
2486 1669 2545 1712 α.
2570 1641 2897 1734 Σωκράτης
2929 1639 3059 1736 τᾶρ’
3090 1637 3308 1719 αἴτιοςέ

1739 1773 1806 1828 V.
1839 1790 1862 1827 1
1889 1771 2023 1826 libri
2046 1769 2318 1826 mendose
2344 1767 2533 1843 σεμνή.
2567 1769 2737 1825 Mein.
2758 1778 2991 1825 auctore
3010 1769 3315 1826 Dindorfio

1731 1857 1961 1934 σεμνοῖ,
1990 1868 2147 1914 recte
2180 1856 2447 1930 quidem3
2472 1857 2572 1912 sed
2600 1857 2755 1913 idem
2778 1857 2935 1912 nulla
2960 1860 3312 1930 necessitate,

1743 1967 1870 2002 cum
1901 1945 2109 2002 eodem
2144 1944 2219 2001 ad
2248 1945 2541 2019 Aristoph.
2584 1945 2896 2020 fragmenta
2922 1964 2985 2022 p.
3020 1964 3089 2001 αι
3132 1944 3222 2002 ετί
3251 1941 3315 2016 δὴ

1743 2030 1806 2090 συ
1860 2043 1968 2092 etc.
2015 2031 2304 2108 Euripidis
2358 2051 2603 2108 persona
2639 2034 2987 2108 respondere
3026 2034 3311 2093 videatur.

1740 2121 1970 2179 Inficete
1995 2122 2168 2180 codd.
2194 2140 2249 2179 v,
2270 2141 2304 2178 α
2329 2117 2425 2181 Ἕ.
2449 2119 2552 2198 γάρ
2574 2141 2687 2195 μοι·
2714 2117 2895 2198 Σώκρ.
2923 2119 3026 2198 γὰρ
3052 2119 3159 2181 αἴτ.
3189 2125 3313 2179 Imo

1740 2212 1882 2267 alter
1899 2209 2142 2265 irridens
2169 2207 2273 2266 εΣ.
2302 2205 2418 2288 τᾶρ’
2443 2209 2507 2285 (ἰ.
2532 2228 2584 2267 e.
2606 2206 2686 2266 τοὶ
2714 2206 2851 2288 ἄρα)
2879 2206 3057 2274 αἴτιος.
3082 2213 3150 2270 V.
3182 2230 3313 2270 ann.

1740 2297 1816 2354 ad
1842 2297 2093 2355 Acharn.
2118 2296 2257 2372 298.

2498 2401 2554 2460 3.

1821 2516 2013 2572 Schol.
2045 2515 2333 2592 Aristoph.
2364 2517 2571 2574 Avium
2610 2515 2677 2573 31
2701 2559 2719 2590 ,
2755 2515 2830 2573 de
2868 2520 3139 2575 Acestore
3193 2529 3315 2576 tra-

1742 2603 1871 2677 gico
1901 2621 1915 2658 :
1950 2601 2021 2668 εἰς
2054 2601 2109 2659 δὲ
2144 2601 2239 2672 τὴν
2267 2599 2477 2674 ποίησιν
2506 2604 2663 2660 αὐτοῦ
2695 2601 3082 2681 κιχλευᾶκασι,
3114 2606 3185 2663 Κ.
3222 2601 3318 2680 μὲν

1742 2689 1796 2746 ἓν
1833 2689 1965 2749 Πεδ.
1994 2717 2017 2742 ι
2044 2688 2153 2749 Καὶ
2191 2689 2373 2750 Σάκαν
2402 2692 2449 2750 οἱ
2474 2689 2624 2771 χοροὶ
2653 2695 2885 2768 μισοῦσι.
2918 2718 2943 2746 υ
2986 2693 3171 2752 Immo
3206 2714 3319 2770 po-
3398 2735 3413 2754 .

1742 2781 1854 2836 tius

1839 2925 1921 2939 ··-·
1946 2895 2069 2964 Καὶ
2096 2895 2307 2965 Σάκαν
2333 2895 2506 2991 χοροὶ

1846 3022 2091 3102 μισοῦσι
2112 3060 2131 3097 ,

1743 3122 1833 3178 vel
1855 3122 1904 3180 K
1922 3121 1983 3178 εἰ
2008 3122 2073 3181 Σ.
2092 3120 2241 3201 χοροὶ
2267 3140 2382 3197 μισ.
2408 3123 2563 3197 quasi
2610 3122 2940 3198 coryphaeus
2962 3122 3188 3193 dixerit,
3211 3124 3317 3181 sa·-

1748 3230 1870 3267 cam
1895 3212 2129 3284 quidem
2154 3210 2289 3267 odio
2316 3229 2431 3267 esse
2469 3212 2659 3267 choris
2675 3254 2691 3287 ,
2722 3210 2822 3266 sed
2848 3206 3079 3267 Calliam
3104 3212 3321 3285 proba-

1746 3311 1892 3354 tum.
1928 3302 2015 3355 De
2069 3296 2160 3356 καὶ
2207 3310 2265 3354 et
2307 3299 2388 3355 κεί
2426 3298 2673 3354 confusis
2712 3318 2767 3357 v.
2800 3317 2933 3357 ann.
2964 3298 3042 3354 ad
3070 3299 3319 3373 AEschyli

1751 3386 1916 3444 Eum.
1948 3382 2096 3459 75²3
2118 3384 2191 3440 de
2212 3386 2419 3440 omisso
2441 3386 2681 3441 articulo
2700 3405 2755 3443 v,
2773 3404 2906 3441 ann.
2933 3384 3007 3440 ad
3028 3386 3317 3459 Aristoph.

1747 3476 1892 3531 Ran.
1924 3492 1995 3544 27
2018 3492 2035 3542 ;
2076 3490 2182 3527 nec
2209 3472 2351 3528 bene
2373 3474 2605 3546 Burges.
2636 3482 2694 3527 et
2720 3470 2919 3546 pejore
2960 3473 3095 3529 sede
3121 3490 3319 3529 versus

1747 3564 1940 3637 posito
1968 3562 2201 3617 nomine
2218 3604 2233 3631 ,
2256 3571 2314 3616 et
2334 3570 2559 3616 servato
2585 3560 2825 3617 articulo
2840 3601 2859 3630 ,

1829 3706 1909 3717 —
1936 3669 2043 3731 Καὶ
2074 3668 2278 3742 Σάκαν,

1827 3759 1885 3817 ὃν
1917 3760 1964 3819 οἱ
1994 3758 2142 3838 χοροὶ
2168 3762 2397 3836 μισοῦσι.

1754 3894 1786 3930 ιι
1811 3876 2014 3931 Sacam
2040 3873 2331 3929 vocabant
2352 3891 2512 3941 eum,
2542 3875 2901 3950 peregrinam
2928 3874 3173 3930 hominis
3202 3875 3325 3931 ori-

1749 3966 1939 4040 ginem
1980 3962 2244 4019 ridentes.
2274 3963 2507 4018 Photius
2532 3962 2771 4038 p.t.96,
2820 3964 2947 4020 18:
2994 3961 3175 4026 Σάκας
3202 3961 3327 4019 ἕπε·
3391 4006 3406 4016 .

1632 4107 1646 4117 ,
1751 4050 1964 4108 καλεῖτο
1997 4052 2025 4107 ὁ
2065 4048 2471 4129 τραγῳδιοποιὸς
2506 4046 2826 4130 Ἀκέστωρ*
2798 4073 2867 4115 ως
2896 4048 3033 4118 ξένος
3065 4047 3156 4107 καὶ
3190 4047 3328 4128 βαρ-

1753 4136 1939 4214 ὅαρος·
1970 4125 2018 4195 οἳ
2042 4136 2145 4216 γὰρ
2172 4136 2349 4197 Σακαι
2381 4135 2637 4195 Σκυθικὸν
2658 4134 2824 4213 γένος.
2854 4140 3123 4195 Similiter
3144 4139 3322 4194 schol.

1752 4226 2045 4301 Aristoph.
2084 4228 2255 4300 Vesp.
2302 4226 2450 4283 1216
2484 4224 2502 4299 ί
2516 4226 2590 4285 cf
2620 4228 2797 4285 schol.
2828 4232 2931 4284 Av.
2972 4226 3071 4287 31.
3098 4226 3323 4302 Both.).

1755 4313 2013 4383 Eundem
2046 4309 2364 4390 στιγματίαν
2402 4314 2545 4370 dicit
2579 4314 2818 4390 Eupolis
2856 4313 3027 4376 Adul.
3065 4333 3118 4384 1,
3157 4320 3321 4381 14.»

1755 4403 1806 4457 Ε
1823 4403 1911 4457 M.

2512 4506 2569 4565 Ιι.

1835 4611 2041 4667 Athen.
2072 4608 2127 4680 8,
2164 4629 2226 4687 Ρ.
2271 4610 2411 4681 344,
2458 4614 2502 4667 Ε
2542 4629 2557 4670 :
2606 4608 2696 4669 καὶ
2734 4608 3015 4683 Λάμπωνα
3066 4606 3153 4667 τὸν
3194 4606 3331 4683 μάν·

1758 4718 1836 4753 τιν
1869 4693 1957 4753 ἐπὶ
2006 4702 2111 4761 τοῖς
2142 4693 2337 4771 ὁμοίοις
2376 4698 2521 4772 (scil.
2552 4695 2637 4755 ἐπὶ
2684 4700 2751 4775 τῇ
2796 4694 3091 4776 ὀψοφαγίᾳ)
3138 4718 3335 4774 κωμῳ-

1764 4862 1820 4919 b.
1847 4866 2001 4937 Quos
2028 4862 2167 4920 forte
2190 4862 2483 4919 albissimis
2509 4864 2643 4920 culis
2662 4864 3021 4937 conspexeris.

2532 4957 2584 5006 2.

1766 5053 1818 5093 a.
1847 5040 2048 5093 Jamne
2066 5042 2128 5092 tu
2154 5043 2210 5091 te
2230 5034 2417 5105 effers,
2440 5044 2731 5110 tantosque
2756 5040 2930 5095 sumis
2954 5036 3213 5110 spiritus?

1767 5122 1822 5177 b.
1853 5121 2012 5179 Licet
2032 5120 2181 5178 enim
2205 5120 2359 5178 mihi.
2390 5136 2439 5179 a.
2462 5124 2696 5180 Socratis
2716 5124 2975 5181 nimirum
2996 5138 3154 5179 causa
3177 5124 3191 5176 Ξ

1837 5337 1909 5349 -
1932 5310 2005 5364 Et
2028 5312 2048 5377 (
2074 5308 2163 5365 vel
2179 5306 2301 5377 etsi)
2324 5308 2517 5365 Sacam
2542 5306 2691 5365 chori

1767 5390 2021 5452 oderunt.
