3809 5850
1683 425 1959 488 PLATO.

3316 448 3427 497 223

189 554 316 613 δότω
349 574 476 629 μοι,
507 564 622 611 etc.
654 554 801 613 Mihi
847 576 926 611 τοι
960 554 1108 610 sorte
1144 556 1416 613 excidisse
1454 559 1638 613 visum
1679 570 1764 615 est
1858 579 1969 635 pro
2002 560 2253 622 Πλάτων.
2282 561 2359 623 V.
2394 582 2429 619 a
2460 565 2599 621 olim
2636 563 2955 643 συκοφᾶτην,
2990 568 3150 642 quod
3178 573 3429 625 correxit

187 667 258 700 τω
283 645 456 701 simili
497 642 895 702 antecedente.
940 642 1207 703 Ceterum
1245 645 1427 701 codex
1469 644 1764 725 τοῦπιπόρ-

183 752 328 807 ματα
345 774 365 809 ,
397 732 564 807 quod
588 731 914 789 emendavit
933 732 1254 789 Hemsterh.

947 844 1006 904 3.

261 960 535 1033 Παγαὶ,
557 955 906 1023 Ἀσπαλιεῦςε
930 955 1104 1023 ἁλιεύς
1118 980 1132 994 ·
1156 954 1391 1025 ἅσπαλος
1414 958 1515 1037 γὰρ
1537 960 1566 1015 ὁ
1593 957 1758 1039 ἰχθύς.

175 1045 304 1103 ἔνιοι
333 1044 388 1103 δὲ
417 1044 526 1103 ἀπὸ
553 1048 642 1102 τοῦ
663 1052 803 1102 nav
829 1042 1080 1103 τὀλίνον·
1107 1042 1245 1103 λίνον
1275 1043 1331 1101 δὲ
1358 1047 1394 1115 ἡ
1417 1043 1663 1123 ὁρμιὰ,
1693 1047 1764 1111 ὡς

175 1134 294 1192 Πλ.
326 1132 384 1189 ἕν
413 1134 487 1194 Τ.
525 1130 614 1213 ἀφ’
641 1134 686 1193 ἱ.

271 1251 470 1317 Πόθεν
499 1246 685 1341 oppid
713 1248 818 1315 καὶ
851 1247 1166 1340 κάλαμος-ς

161 1379 554 1435 Grammatici
569 1377 744 1434 verba
777 1378 1296 1452 probabilissimam
1336 1375 1589 1449 reddunt
1626 1376 1762 1433 Mei·

159 1469 330 1523 nekii
373 1465 800 1539 conjecturam,
835 1468 940 1539 qui
973 1466 1342 1539 requirebat:

249 1554 438 1613 Πόθεν
476 1551 664 1611 λίνον
690 1552 784 1610 καὶ
809 1551 1069 1628 κάλαμος.

155 1656 368 1727 Atque
383 1650 470 1707 sic
483 1646 609 1723 jam
621 1648 988 1710 casaubonus
1004 1646 1080 1705 ad
1097 1646 1302 1705 Athen.
1327 1664 1418 1720 10,
1438 1666 1501 1725 p.
1531 1646 1670 1719 446,
1691 1649 1759 1707 Ε.

955 1768 986 1828 4

241 1872 471 1933 Pollux
491 1898 560 1954 ⁴7,
585 1876 660 1949 57
691 1898 704 1931 :
739 1876 852 1938 Πλ.
881 1876 937 1935 ἐν
957 1876 1029 1935 Τ.
1055 1872 1144 1955 ἀφ’
1168 1874 1209 1935 ἱ.
1239 1874 1330 1932 καὶ
1359 1900 1384 1926 α
1411 1873 1764 1951 μαλλωτὰς

149 1963 506 2041 χλανίδας
555 1990 584 2017 ³·
635 1962 862 2043 εἴρηκεν.
911 1964 1005 2022 Sic
1048 1964 1224 2021 Bekk.
1277 1983 1348 2021 ex
1399 1963 1602 2021 codice
1653 1983 1763 2040 pro

151 2050 486 2129 χλαμύδας.

949 2164 1006 2224 5.

241 2272 502 2329 Antiatt.
549 2288 613 2345 p.
671 2269 806 2338 106,
861 2268 1046 2330 Δέπε
1081 2288 1094 2323 :
1136 2266 1253 2325 ἀντὶ
1301 2270 1390 2326 τοῦ
1436 2266 1618 2328 τύπτε.
1654 2269 1761 2329 Πλ.

151 2355 504 2435 Ἀφωροῦντι
533 2356 680 2433 (sic)

477 2509 580 2520 -—
613 2470 778 2536 Λέπε
794 2518 812 2553 ,

267 2584 573 2669 τραχεῖαν
605 2576 786 2669 ἔχων.
1367 2668 1380 2681 ·

145 2700 440 2777 Minu-sa
475 2704 572 2759 vel
615 2701 896 2777 quiddam
932 2702 1112 2757 simile
1147 2701 1526 2777 probabiliter
1551 2702 1644 2757 vel
1675 2702 1766 2757 in-

145 2791 556 2866 telligendum
591 2791 686 2847 vel
731 2789 1006 2846 excidisse
1035 2791 1234 2845 statuit
1259 2790 1433 2847 Mein.
1458 2829 1475 2858 ,
1512 2789 1614 2863 qui
1643 2808 1766 2853 ma-

143 2878 222 2933 lit
241 2874 414 2938 λίπει
445 2876 640 2956 (quod
665 2878 726 2934 in
751 2876 1068 2954 fragmento
1109 2876 1298 2935 codex
1337 2877 1509 2934 habet
1535 2873 1619 2955 )...
1668 2872 1760 2933 τό·

145 2987 318 3026 m.

655 3075 766 3134 111.
813 3073 1299 3134 ΑΜΦῙΑΡΕΩΣ.

245 3189 463 3248 Schol.
505 3189 794 3264 Aristopln.
831 3189 982 3244 Pluti
1029 3193 1137 3258 174
1169 3205 1182 3245 :
1213 3188 1242 3244 δ
1269 3182 1552 3265 Πάμφιλος
1575 3184 1629 3242 δὲ
1659 3185 1764 3257 δη-

153 3275 436 3356 {arsen-sb<
460 3265 624 3348 ἦνμ..
647 3273 738 3333 καὶ
768 3273 985 3334 ἔκλεπτε
1008 3271 1076 3332 τὰ
1097 3277 1190 3332 τοῦ
1215 3271 1419 3350 δήμου,
1449 3273 1519 3339 ὥς
1535 3270 1628 3330 καὶ
1649 3275 1761 3335 Πλ.

151 3365 334 3444 φησὶν
363 3363 717 3444 Ἀμφιαράῳ·

269 3481 456 3564 Καὶ,
493 3483 564 3553 νὴ
595 3478 724 3560 Δί’,
759 3479 812 3546 εἰ
839 3477 1162 3571 Πάμφιλόν
1192 3503 1262 3572 γε
1299 3477 1474 3569 φαίης

272 3591 578 3656 κλέπτειν
613 3583 695 3653 τὰ
721 3585 898 3672 κοίν’,
932 3586 1064 3678 ἅμα
1093 3611 1168 3656 τε,
1201 3591 1612 3676 συκοφαντεῖν.

195 3717 480 3773 Audacius
504 3733 682 3790 quam
717 3715 906 3771 verius
943 3715 1120 3772 Mein.
1151 3713 1298 3769 hanc
1323 3711 1576 3768 liubulam
1605 3711 1765 3784 abju-

199 3801 340 3859 dicat
381 3821 422 3860 a
459 3801 732 3874 Platone,
761 3799 1074 3880 Ἀμφιαράῳ
1123 3817 1322 3858 errore
1354 3801 1572 3856 librarii
1621 3802 1764 3856 scri-

203 3902 352 3962 ptum
385 3903 604 3967 putans
623 3909 734 3966 pro
761 3887 876 3970 Ἀφ’
903 3891 1090 3968 ἱερῶν,
1118 3890 1218 3964 qui
1263 3889 1455 3944 titulus
1488 3905 1766 3962 nusquam

207 3990 304 4048 est,
321 3980 428 4038 sed
449 3979 516 4038 Δί
533 4020 550 4049 ,
579 3981 674 4034 vel
695 3975 794 4038 Ἐν
819 3983 970 4052 ταῖς,
991 3975 1082 4056 ἀφ’
1103 3977 1278 4054 ἱερῶν.
1305 3979 1418 4032 Nec
1437 3977 1616 4051 magis
1641 3995 1764 4032 eam

213 4067 583 4139 coniecturam
607 4064 870 4122 admittas
897 4077 1206 4141 propterea
1219 4106 1236 4135 ,
1267 4065 1405 4138 quia
1425 4063 1628 4138 saepius
1653 4063 1768 4118 lau-

213 4151 360 4210 datur
381 4153 767 4230 Amphiaraus
788 4154 1184 4229 Aristophanis
1201 4195 1220 4223 ,
1249 4154 1350 4226 qui
1388 4163 1446 4208 et
1465 4153 1588 4226 ipse
1608 4153 1772 4206 Pam-

203 4244 368 4318 phili,
415 4241 582 4299 ducis
621 4243 1050 4299 Atheniensium
1097 4240 1194 4319 (v.
1230 4239 1502 4314 Xenoph.
1547 4238 1768 4295 Hellen.

201 4333 255 4399 5,
289 4351 316 4388 1
341 4329 382 4408 ),
433 4331 810 4406 rapacitatem
865 4331 1195 4404 perstrinxit
1214 4369 1232 4399 ,
1287 4338 1428 4384 teste
1483 4325 1657 4383 Suida
1705 4345 1762 4384 ν.

201 4417 497 4496 Πάμφιλος.
553 4417 640 4475 Cf.
692 4417 910 4474 Daedali
964 4417 1396 4492 prolegomena.
1454 4414 1730 4470 Dobraeus
1747 4455 1764 4486 ,

200 4509 438 4565 eandem
509 4508 846 4562 sententiam
904 4507 1224 4580 amplexus,
1281 4501 1442 4562 πάλιν
1483 4502 1768 4558 scribebat

955 4679 1002 4726 3.

207 4761 364 4820 Unde
387 4759 534 4817 linea
563 4769 618 4817 et
639 4759 921 4817 calamus?

960 4851 1012 4901 5.

275 4965 342 4977 —-
361 4935 604 4992 Verbera
621 4977 637 5003 ‚

210 5025 403 5081 durum
427 5023 769 5095 (flagellum)
791 5030 1000 5078 tenens.

731 5123 1236 5181 AMPHIARAUS.

217 5219 296 5281 Et,
319 5231 412 5287 per
427 5215 618 5270 lovem
640 5254 656 5278 ,
683 5213 730 5268 si
751 5209 1098 5284 Pamphilum
1121 5209 1327 5264 diceres

214 5300 598 5375 rempublicam
619 5298 860 5372 expilare
882 5307 934 5355 et
955 5297 1345 5370 sycophantam
1375 5307 1552 5365 agere.

1860 650 2179 708 Hemsterh.

2416 778 2519 839 lv.
2564 780 2885 840 ΓΡΥΠΕΣ.

1938 892 2351 965 Argumentum
2372 892 2699 953 obscurum.
2724 898 2812 952 De
2845 896 3161 970 gryphibus
3182 916 3277 953 seu
3297 918 3427 973 gry-

1856 978 1985 1052 phis
2024 977 2269 1055 (AElian.
2309 981 2382 1040 H.
2432 984 2623 1040 Anim.
2664 989 2722 1051 4,
2773 984 2881 1055 27)
2940 1002 2997 1042 v,
3044 986 3323 1044 Herodot.
3366 988 3423 1059 3,

1865 1064 2001 1142 116,
2040 1086 2172 1123 cum
2213 1076 2411 1123 annot.
2460 1078 2519 1124 et
2561 1087 2803 1125 excursu
2848 1071 3156 1127 doctissimi
3190 1074 3425 1144 Baehrii,

1859 1155 2108 1229 AEschyli
2131 1156 2325 1213 Prom.
2361 1154 2473 1226 782
2490 1198 2509 1227 ‚
2536 1158 2736 1232 virgil.
2764 1158 2932 1232 Idyll.
2963 1158 3019 1227 8,
3046 1178 3146 1231 27,
3173 1162 3319 1218 Plin.
3350 1163 3423 1222 H.

1857 1243 1929 1298 N.
1966 1262 2061 1315 10,
2092 1250 2200 1317 49,
2230 1243 2323 1313 34,
2346 1251 2409 1313 4,
2431 1255 2543 1305 etc.
2572 1245 2835 1301 Ridicule
2857 1248 3261 1322 Aristophanes
3281 1252 3423 1307 Ran.

1860 1329 1973 1385 882
2024 1331 2168 1386 dixit
2214 1350 2374 1405 aeque
2421 1332 2711 1389 fabulosos
2754 1330 3097 1409 γρυπαιέτους
3115 1380 3133 1407 ,
3167 1338 3407 1413 insignia

1858 1436 2010 1475 aenea
2030 1419 2367 1495 clipeorum.
2400 1416 2489 1479 Cf.
2513 1420 2745 1481 Gesner.
2771 1422 2938 1478 Thes.
2965 1423 3008 1481 l.
3036 1420 3077 1483 1.
3107 1443 3163 1485 v.
3195 1424 3401 1502 Gryps.

1937 1634 2222 1693 Zenobius
2247 1626 2309 1709 ᾗ,
2344 1634 2412 1693 31
2442 1656 2455 1691 z
2484 1634 2612 1716 φησὶ
2644 1634 2747 1715 γὰρ
2780 1637 2809 1693 ὁ
2835 1635 3097 1713 Δίδυμος,
3115 1636 3197 1695 ὅτι
3220 1636 3296 1695 -τὰ
3324 1639 3427 1697 δεῖ·

1859 1744 1965 1779 πνοι
1992 1720 2080 1780 ἐπὶ
2108 1724 2278 1781 κανῶν
2320 1722 2588 1799 ἐκομίζετο
2604 1766 2622 1796 ,
2660 1723 2898 1803 καθάπερ
2923 1724 3024 1782 ἐν*
3054 1726 3307 1806 Κρυψίοις
3332 1725 3427 1787 λε’-

1857 1832 2007 1888 γεται
2052 1810 2163 1871 Πλ.
2216 1837 2240 1863 ⁸
2275 1809 2605 1890 Ἀνήρπακας
2638 1810 2972 1879 ἅπαξᾶπαντ’
3014 1814 3155 1891 αὐτῷ
3196 1816 3359 1893 κανῷ.
3394 1842 3420 1867 ο

1857 1901 2021 1957 Mein.
2050 1900 2103 1957 ἐν
2134 1897 2303 1976 Γρυψὶ
2333 1897 2545 1976 λέγεται
2574 1898 2827 1959 Πλάτωνι
2854 1902 2947 1959 vel
2971 1898 3113 1975 λέγει
3140 1899 3233 1959 καὶ
3266 1900 3426 1961 Πλά-

1857 2009 1977 2045 των.
2012 1988 2235 2059 Malim,
2259 1987 2419 2063 quod
2444 1989 2679 2045 similius
2704 1991 2995 2063 scripturae
3014 1988 3300 2046 librorum
3315 2032 3333 2065 ‚
3370 1992 3427 2048 ἐν

1861 2073 2081 2155 Γρυψὶν,
2111 2076 2181 2142 ὡς
2219 2072 2450 2151 λέγεται,
2486 2075 2593 2135 Πλ.
2626 2073 2721 2142 Ὡς
2755 2074 2995 2154 λέγεται,
3028 2090 3093 2133 ut
3134 2084 3327 2149 ajunt,
3360 2088 3428 2134 ut

1859 2166 2010 2222 fama
2058 2176 2173 2235 est,
2235 2166 2398 2239 quasi
2442 2164 2741 2223 dubitante
2786 2165 3043 2222 Zenobio
3059 2208 3076 2238 ,
3136 2184 3209 2221 an
3263 2168 3425 2223 Plato

1857 2254 2144 2329 scripserit
2167 2252 2280 2309 hoc
2311 2252 2530 2312 drama.
2566 2255 2635 2309 In
2668 2272 2835 2311 versu
2852 2296 2871 2328 ,
2896 2254 2999 2327 qui
3027 2255 3231 2311 omisso
3260 2257 3426 2313 titulo

1859 2342 2155 2401 comoediae
2190 2338 2403 2417 legitur
2450 2338 2731 2401 Proverb.
2786 2340 3009 2415 Bodlej.
3070 2340 3179 2399 155
3204 2384 3223 2419 ,
3273 2354 3429 2401 recte

1857 2432 2101 2489 Meinek.
2136 2450 2152 2485 z

1958 2544 2337 2639 Axmpitoixoeo'
2372 2540 2757 2621 ἁπαξάπαντ’
2790 2551 2953 2632 αὐτῷ
2974 2555 3156 2629 κοινῷ.

2618 2691 2674 2734 2.

1938 2791 2192 2848 Gramm.
2234 2786 2475 2845 Bekkeri
2517 2784 2735 2845 Anecd.
2766 2803 2829 2861 p.
2862 2782 2995 2857 360,
3020 2778 3093 2863 A}
3119 2780 3178 2840 αἴ
3206 2802 3221 2843 :
3248 2780 3426 2853 ἠθικὸν

1857 2882 2031 2940 τοῦτο.
2076 2878 2181 2938 Πλ.
2219 2874 2442 2955 Γρυψὶν,
2494 2898 2519 2925 α
2551 2870 2665 2934 *At
2710 2869 2797 2949 αἲ,
2826 2872 2963 2949 γελῶ
3010 2870 3054 2931 δ’
3094 2869 3427 2951 ἐπικροώμην

1859 2967 2049 3027 πάλαι.
2080 2993 2104 3018 a»
2140 2965 2251 3023 ἔστι
2278 2961 2332 3021 δὲ
2360 2961 2494 3022 πολὺ
2526 2959 2673 3040 παρὰ
2699 2967 2806 3027 τοῖς
2835 2963 2929 3032 τῆς
2956 2957 3121 3036 μέσης
3151 2958 3431 3037 κωμῳδίας

1861 3056 1952 3114 καὶ
1968 3054 2088 3122 νέας
2113 3059 2375 3126 ποιηταῖς.
2404 3055 2491 3110 Ita
2526 3052 2726 3109 codeX.
2758 3049 2999 3109 Bekker.
3026 3048 3191 3126 γελῶν
3222 3048 3269 3106 δ’
3298 3049 3431 3118 ἔπη·

1860 3142 2132 3223 κροώμην.
2174 3142 2449 3217 Bergkius
2487 3141 2703 3196 Comm.
2735 3158 2799 3213 p.
2840 3137 2977 3214 383,
3014 3137 3180 3213 γελῶν
3234 3137 3425 3214 ἔπηκρ.

1860 3253 1971 3289 σου
2000 3229 2187 3288 πάλαι.
2228 3229 2343 3286 Sed
2369 3229 2732 3285 arbitrarium
2767 3237 2852 3284 est
2873 3221 2965 3282 σοὺ
2984 3266 3003 3296 ,
3040 3215 3461 3283 verisimilius-⁰

1860 3339 1975 3395 que
1994 3321 2107 3376 hoc
2138 3317 2367 3374 videtur

1958 3426 2032 3517 Ᾰ,
2062 3431 2125 3514 ἆ,
2155 3440 2349 3527 γελῶν
2383 3426 2459 3507 δὴ
2485 3427 2889 3522 ’πηκροώμην,
2916 3434 3064 3511 παῖ,
3104 3427 3326 3496 πάλαι.

1859 3569 2060 3640 Neque
2087 3565 2236 3621 enim
2264 3558 2355 3635 At,
2382 3557 2437 3616 αἲ
2466 3571 2662 3636 aptum
2696 3569 2780 3614 est
2802 3558 2937 3613 huic
2974 3557 3093 3625 rei,
3133 3555 3231 3611 sed
3260 3543 3343 3626 ΨΑ,
3368 3545 3428 3629 ἃ,

1864 3673 1982 3729 quo
2016 3653 2452 3728 epiphonemate
2480 3650 2645 3706 etiam
2662 3646 2881 3714 Latini,
2899 3643 3288 3716 similibusque
3311 3645 3431 3700 aliae

1860 3753 2054 3819 gentes
2071 3783 2087 3812 ,
2116 3749 2375 3796 utuntur.
2406 3735 2727 3793 Eustathius
2751 3733 2826 3790 ad
2848 3731 3044 3806 Odyss.
3063 3750 3127 3806 p.
3152 3728 3287 3800 855,
3313 3749 3385 3804 19
3412 3749 3426 3785 :

1857 3838 2029 3888 κεῖται
2072 3828 2126 3886 ἐν
2164 3825 2423 3904 Ἔπιλογῇ
2455 3821 2642 3892 λέξεων
2675 3817 2902 3899 ἀρχαίᾳ,
2934 3818 3014 3875 ὅτι
3046 3815 3081 3873 ἃ
3121 3815 3156 3873 ἃ
3185 3813 3429 3874 δασυνθὲν

1855 3917 2062 3996 γέλωτα
2083 3915 2253 3986 δηλοῖ.
2280 3913 2451 3972 Phot.
2470 3933 2531 3988 p.
2550 3913 2585 3969 6
2615 3931 2628 3965 :
2653 3907 2743 3980 Ἃ,
2768 3907 2803 3965 ἃ
2828 3908 3085 3982 (fortasse
3106 3895 3191 3978 Ἀ,
3214 3895 3269 3963 ἔ.
3295 3908 3365 3961 M
3371 3905 3431 3979 .)‚

1862 4005 1949 4064 ἐπὶ
1989 4008 2080 4063 τοῦ
2125 3999 2379 4080 μεγάλου.
2427 3997 2537 4058 ἔστι
2580 3993 2635 4055 δὲ
2673 3995 2763 4053 καὶ
2791 3991 3185 4073 σχετλιαστικὸν
3233 3990 3429 4072 ἐπιφώ·

1859 4116 2002 4169 νημα
2018 4115 2031 4129 ·
2056 4088 2304 4148 δασυνθὲν
2325 4087 2381 4146 δὲ
2409 4085 2613 4160 γέλωτα
2638 4085 2814 4155 δηλοῖ,
2840 4079 2911 4148 ὥς
2932 4101 3060 4160 φησι
3079 4077 3425 4157 Διογενιανός.

1862 4184 1976 4242 Παῑ
2003 4183 2261 4238 haustum
2292 4190 2455 4254 putes
2492 4193 2525 4231 a
2553 4195 2666 4230 πα-
2692 4173 2905 4228 vicino.
2947 4173 3143 4245 Nuper
3179 4169 3425 4225 Meinek.

1854 4271 2021 4348 γελῶν
2050 4263 2463 4346 ἐπηκροασάμην
2490 4260 2679 4320 πάλαι.

1941 4499 2145 4554 Athen.
2180 4513 2239 4568 9,
2269 4511 2332 4569 p.
2370 4491 2503 4561 368,
2537 4493 2588 4546 D
2616 4509 2628 4542 ι
2664 4485 2769 4544 ἀπὸ
2799 4483 2854 4542 δὲ
2883 4487 2971 4542 τοῦ
3000 4479 3171 4540 κωλέα
3197 4502 3431 4561 συνῃρη-

3356 4597 3423 4608 ....

2470 4691 2826 4749 GRYPHES.

2626 4821 2675 4868 1.

1865 4925 2063 4983 Omnia
2092 4937 2313 4996 prorsus
2333 4915 2673 4976 abstulerunt
2691 4929 2817 4972 cum
2841 4915 2959 4986 ipso
2978 4911 3234 4968 canistro.

2618 5011 2669 5059 2.

1865 5103 2055 5168 linha,
2088 5101 2269 5158 ridens
2300 5097 2507 5156 scilicet
2534 5089 2865 5160 auscultavi,
2900 5103 3053 5162 puer,
3076 5081 3303 5142 dudum.
