3809 5850
428 438 534 489 146

1411 420 1820 480 coMOEmAE
1866 415 2198 478 vl-:Tssnls
2243 413 2646 487 RELIQUlAE.

421 558 703 638 ρεκράτει,
724 554 815 615 καὶ
855 553 1171 635 Ἑρμίππῳ.
1200 552 1497 611 τούναντίον
1542 550 1595 610 δὲ
1636 552 1883 627 σημαίνει
1913 552 1990 630 τῷ
2083 554 2214 622 tyris
2242 548 2563 620 conjunxit.
2592 548 2810 621 Nempe
2851 546 3029 601 Panes
3057 562 3092 599 a
3127 544 3340 618 Satyris
3365 544 3464 598 vix
3485 542 3654 599 diffe-

420 643 705 713 ἀληθεύειν.
728 643 797 700 V.
827 647 1149 701 Pherecrat-
1177 642 1250 701 fr.
1286 644 1493 700 incert.
1528 641 1627 706 46.

1161 778 1248 829 19.

504 872 660 927 ldem
687 890 745 944 p.
778 871 916 944 339,
944 889 1039 935 21,
1073 864 1305 937 Ὀξίνη
1323 890 1349 921 ν
1382 887 1393 921 :
1424 864 1508 921 τὸν
1534 856 1685 936 οἶνον,
1706 866 1800 923 οὐκ
1818 864 1989 931 ὃξίναν

423 961 589 1027 (fort.
624 956 809 1023 όξινον.
835 958 1055 1031 Mein.)
1098 954 1189 1011 καὶ
1228 951 1399 1031 Ἵῧρμ.
1444 952 1535 1009 καὶ
1576 952 1875 1022 Φιλωνίδης
1900 952 1990 1010 καὶ

424 1046 594 1102 ἄλλοι.
626 1048 921 1120 Pet-peram
946 1042 1079 1099 libri
1102 1040 1193 1099 ml
1218 1044 1265 1099 οἱ
1290 1040 1463 1100 ἄλλοι.
1496 1044 1786 1117 Aristoph.
1818 1046 1984 1117 Vesp.

432 1143 579 1201 1042
610 1135 999 1208 metaphorice
1023 1132 1169 1187 dixit
1189 1129 1349 1203 θυμὸν
1378 1126 1571 1199 ὀξίνην.

1165 1264 1259 1302 20.

508 1360 667 1414 Idem
705 1378 763 1433 p.
798 1356 935 1427 508,
988 1356 1043 1425 3,
1090 1352 1271 1413 Σέων
1308 1372 1323 1412 :
1374 1354 1565 1423 σητῶν.
1612 1348 1773 1417 οὕτως
1809 1346 1984 1430 ‘'Epp.

434 1472 455 1493 κ
492 1446 577 1505 Cf.
613 1464 851 1519 gramm.
901 1442 1057 1518 apud
1088 1442 1329 1498 Beltker.
1377 1462 1435 1517 p.
1488 1440 1668 1512 1257,
1696 1452 1754 1495 ct
1780 1441 1985 1495 Thom.

424 1536 576 1607 Mag.
606 1553 664 1609 p.
692 1532 807 1589 328
830 1531 1048 1587 Ritscli.
1085 1556 1109 1579 ι»
1137 1530 1220 1587 Μ.

1158 1662 1254 1698 21.

510 1758 667 1814 Idem
706 1778 767 1832 p.
808 1757 947 1825 656,
990 1774 1091 1827 αα,
1120 1754 1365 1831 Ψῦχος
1397 1772 1411 1812 :
1441 1751 1501 1810 τὸ
1527 1754 1684 1831 ῥῖγος.
1716 1750 1993 1831 Ἡρόδοτος

429 1847 519 1923 (4,
553 1846 647 1916 28,
672 1844 915 1925 ψύχεα),
951 1841 1089 1899 ἀλλὰ
1118 1841 1207 1899 καὶ
1224 1840 1397 1920 'Epp-

1150 2000 1259 2057 XI.

968 2152 1457 2219 MYRTILUS.

505 2298 805 2374 Hermippi
838 2298 1015 2354 frater
1043 2298 1353 2355 secundum
1384 2295 1615 2353 Suidam
1650 2314 1707 2351 v.
1742 2289 1990 2373 ’Ἕρμιπ-

426 2408 539 2453 πος.
578 2414 597 2433 ·
626 2386 805 2459 Hujus
830 2387 1002 2441 vitam
1044 2387 1103 2441 in
1142 2387 1417 2461 cauponis
1444 2396 1501 2440 et
1538 2384 1781 2440 tabernis
1808 2396 1992 2440 trans-

426 2488 611 2531 actam
651 2475 803 2550 tangi
841 2485 1046 2551 putant
1087 2472 1161 2531 ab
1200 2472 1405 2531 Athen.
1444 2472 1533 2542 13,
1561 2492 1621 2546 p.
1653 2472 1789 2542 566,
1828 2472 1901 2545 F,
1927 2492 1994 2528 ex

325 2554 333 2561 ’
428 2582 547 2637 quo
576 2564 731 2633 loco,
753 2563 941 2617 minus
967 2564 1185 2637 integre
1200 2606 1217 2631 ‚
1240 2574 1307 2617 ut
1326 2562 1574 2629 videtur,
1596 2562 1833 2637 scripto,
1854 2562 1994 2616 nihil

426 2650 706 2723 ejusmodi
742 2648 971 2706 efficias.
1006 2650 1251 2706 Fabulas
1274 2650 1492 2722 Myrtili
1522 2646 1719 2705 Suidas
1745 2667 1992 2704 comme-

428 2750 615 2794 morat
644 2737 813 2805 duas‚
855 2739 1091 2793 alteram
1136 2739 1463 2811 inscriptam
1491 2731 1755 2812 Ἔρωτες,
1783 2756 1849 2792 ex
1881 2756 1994 2811 qua

427 2828 568 2883 nihil
587 2838 861 2903 superest,
878 2828 1111 2882 alteram
1134 2824 1513 2898 Τιτανόπανες,
1536 2826 1741 2901 passim
1758 2843 1791 2879 a
1808 2842 1993 2899 gram-

428 2917 647 2974 maticis
668 2914 987 2986 laudatam,
1014 2915 1117 2972 sed
1142 2914 1261 2972 sere
1280 2920 1561 2990 'corrupto
1592 2914 1761 2970 titulo
1796 2932 1811 2972 :
1842 2916 1994 2971 velut

430 3005 585 3079 apud
623 3005 927 3079 Aspasium
960 3003 1037 3060 ad
1079 3005 1396 3062 Aristotelis
1438 3004 1565 3060 Eth.
1592 3004 1814 3058 Nicom.
1840 3011 1899 3072 4,
1935 3023 1991 3072 2,

430 3093 637 3168 legitur
683 3090 951 3167 Μυρτίλος
989 3087 1377 3164 Τιτανόπαισι,
1437 3111 1553 3164 quo
1602 3090 1825 3166 decepti
1866 3103 1994 3146 sunt

428 3181 703 3236 Meursius
722 3179 869 3236 Bibl.
898 3184 1015 3235 Att.
1034 3197 1097 3254 p.
1128 3177 1300 3250 1573,
1322 3189 1377 3235 et
1400 3181 1629 3234 Kuster.
1654 3179 1729 3234 ad
1747 3180 1905 3235 suid.
1937 3199 1993 3254 2,

427 3287 487 3343 p.
524 3267 658 3344 590.
688 3267 951 3324 Ceterum
977 3287 1158 3343 pravo
1200 3279 1437 3324 accentu
1478 3268 1735 3323 Eudocia
1770 3267 1992 3325 Τιτανο-

425 3353 614 3424 πάνες,
654 3355 857 3412 Suidas
896 3355 1271 3420 Τιτανοπᾶνες.
1308 3356 1719 3413 Grammaticus
1752 3353 1992 3410 Bekkeri
2035 3373 2041 3390 ⁴

430 3443 645 3502 Anecd.
677 3463 736 3519 p.
786 3443 933 3518 1198
962 3463 975 3501 :
1006 3441 1072 3500 τὰ
1112 3445 1181 3508 εἰς
1220 3465 1283 3498 αν
1324 3443 1553 3518 λήγοντα
1584 3445 1698 3501 εἶ...
1729 3429 1829 3499 ὦσι
1865 3439 1993 3498 σύν-

426 3535 584 3606 θετα,
610 3529 951 3608 βαρύνονται,
979 3573 1048 3591 ...
1082 3519 1188 3588 οἷον
1213 3527 1513 3609 Ἐρμόπαη
1549 3528 1791 3590 Ἀντίπαν
1822 3529 1988 3606 (fort.

426 3617 679 3695 Αἰγίπαν)
702 3661 720 3694 ,
743 3615 1071 3678 Τιτανόπαν.
1100 3619 1295 3694 steph.
1322 3621 1550 3693 Byzant.
1577 3639 1592 3673 :
1624 3616 1878 3694 Ἀκαρνάν
1896 3636 1911 3652 ·
1937 3614 1995 3673 τὸ

428 3705 644 3776 ἐθνικόν,
671 3708 741 3773 ὣς
767 3706 972 3776 Αἰνιὰν,
996 3703 1248 3778 Ἀθαμὰν,
1272 3706 1435 3773 Αἰζάν
1460 3725 1475 3764 t
1505 3705 1651 3762 ἁπλᾶ
1675 3703 1796 3782 γάρ.
1814 3705 1874 3761 τὸ
1899 3703 1992 3782 (δὲ)

430 3793 733 3852 Τιτανόπαν
758 3791 1022 3852 σύνθετον.
1048 3796 1133 3850 De
1158 3806 1496 3868 argumento
1514 3793 1682 3865 hujus
1705 3792 1998 3848 comoediae
2039 3769 2048 3884 Ι

430 3901 497 3936 cx
525 3883 725 3956 paucis
764 3882 1095 3955 fragmentis
1123 3882 1265 3936 nihil
1295 3883 1423 3936 elici
1450 3891 1672 3956 potest,
1718 3882 1822 3936 nisi
1852 3881 1998 3936 sorte

431 3987 497 4023 cx
529 3970 656 4043 ipso
685 3968 852 4023 titulo
887 3969 1223 4041 suspiceris,
1264 3980 1494 4044 poetam
1532 3969 1765 4023 irrisisse
1809 3969 1998 4024 incre-

432 4057 753 4112 bescentem
773 4056 880 4110 illis
904 4057 1260 4130 temporibus
1284 4055 1751 4112 consuetudinem
1777 4057 1997 4112 diversa

431 4143 671 4199 deorum
692 4145 927 4200 numina
950 4145 1010 4197 in
1046 4161 1223 4199 unum
1252 4142 1669 4220 conjungendi,
1697 4143 1858 4214 cujus
1901 4162 1971 4218 ge
2043 4165 2047 4177 ·

406 4227 580 4285 ‘neris
624 4230 780 4286 fuere
834 4231 1171 4305 Panapollo,
1210 4234 1566 4306 Hermopan,
1596 4232 1998 4298 Hermathene,

440 4321 831 4385 {len-merotes,
864 4320 995 4374 alia.
1020 4321 1239 4375 Nomen
1258 4322 1305 4376 T
1308 4321 1579 4395 itanopan
1618 4320 1905 4376 Berkelius
1925 4320 1998 4374 ad

432 4407 623 4480 Stepln.
644 4407 868 4479 Byzant.
887 4425 950 4480 p.
986 4415 1055 4476 74
1088 4407 1163 4462 ad
1188 4409 1553 4481 conjunctum
1582 4410 1763 4465 Panos
1782 4417 1839 4463 et
1856 4409 2000 4464 Solis

436 4511 641 4548 numen
662 4495 877 4550 retulit.
902 4495 1013 4550 Sed
1040 4496 1234 4568 potius
1260 4498 1649 4572 paederastiam
1696 4495 1997 4570 significari

436 4592 623 4652 putcs3
650 4581 903 4654 dictique
930 4593 1059 4637 sunt
1086 4583 1308 4648 Τιτᾶνες
1348 4581 1454 4640 ἀπὸ
1486 4587 1575 4640 τοῦ
1598 4585 1859 4640 τιταίνειν.
1890 4583 1998 4640 He·

434 4670 586 4740 sych.
621 4667 821 4726 Τιτάν
849 4687 865 4726 :
898 4671 925 4725 ὁ
952 4669 1325 4748 παιδεραστής.
1351 4677 1413 4729 V.
1440 4674 1683 4729 eundem
1713 4693 1769 4726 v,
1804 4673 1992 4736 Πᾶνες.

436 4757 744 4822 (Gesnerus
766 4757 931 4816 Thes.
963 4761 1031 4814 L.
1064 4762 1129 4815 L.
1160 4779 1214 4820 v,
1242 4761 1361 4816 Pan
1390 4781 1403 4816 ε
1455 4787 1478 4811 «ι
1504 4762 1778 4816 Bifnrmes
1804 4761 1998 4816 Panas

430 4844 639 4916 plurali
676 4843 818 4899 dixit
840 4845 1065 4904 Colum.
1106 4866 1197 4914 10,
1228 4855 1363 4917 427,
1394 4859 1450 4903 et
1478 4867 1607 4903 cum
1645 4851 1854 4902 lascivis
1882 4847 1994 4901 Sa-

948 5015 1469 5070 Tl‘l'ANOPANES.

1192 5127 1241 5174 1.

432 5249 501 5260 —
526 5219 762 5278 Foedane
785 5223 970 5289 audis,
1002 5223 1293 5281 Hercules?

2082 649 2235 696 runt.
2263 638 2318 711 ιι)
2339 635 2576 693 Photius
2597 646 2660 710 Ρ.
2697 633 2838 709 592,
2873 653 2896 689 1
2927 651 2943 691 ε
2971 630 3264 707 ἐνομίζοντο
3285 628 3342 687 δὲ
3375 632 3456 707 (οἱ
3487 632 3658 689 Τιτᾶ-

2085 722 2198 801 νες)
2237 726 2340 781 τῶν
2363 723 2680 801 πριαπωδῶν
2705 723 2854 783 Θεῶν.
2893 746 2916 771 υ
2954 722 3156 783 Mein„

2579 841 3151 903 ΤΙΤΑΝΟΠΑΝΕΣ.

2169 1068 2494 1122 Aristoteles
2515 1066 2644 1121 Eth.
2671 1064 2900 1119 Nicom.
2927 1070 2988 1137 1.,
3021 1080 3076 1131 a,
3101 1060 3174 1117 de
3201 1061 3408 1134 ineptis
3429 1060 3664 1115 divitia·

2087 1174 2212 1210 rum
2245 1153 2684 1209 ostentatoribus
2707 1152 2979 1209 disserens
3012 1170 3026 1205 ι
3053 1138 3162 1206 οἷον
3193 1146 3464 1227 ἐρανιστὰς
3492 1170 3662 1225 γαμι-

2083 1245 2188 1307 aei-3<
2217 1242 2434 1317 ἑστιῶν,
2477 1238 2598 1310 καὶ,
2629 1238 2902 1319 κωμῳδοῖς
2923 1238 3204 1316 χορηγῶν,
3244 1237 3296 1293 ἐν
3335 1240 3400 1315 τῇ
3443 1236 3668 1315 παρόδῳ

2083 1327 2354 1408 πορφύραν
2402 1326 2652 1407 εἰσφέρων
2673 1372 2690 1401 ‚
2737 1324 2916 1405 ὥσπερ
2961 1326 3010 1381 οἱ
3055 1325 3341 1402 Μεγαρεῖς.
3396 1324 3489 1380 Ad
3531 1344 3666 1399 quae

2089 1420 2356 1495 Aspasius
2383 1437 2397 1473 ε
2430 1414 2645 1487 σύνηθες
2679 1417 2732 1473 ἐν
2763 1412 3016 1493 κωμῳδία
3044 1410 3510 1491 παραπετάσματα
3545 1412 3668 1491 δέρ-

2089 1527 2190 1583 ρεις
2219 1511 2410 1575 ποιεῖν,
2453 1504 2513 1561 οὗ
2537 1501 2874 1583 πορφυρίδας.
2917 1499 3186 1578 Μυρτίλου
3216 1500 3270 1556 ἔν
3301 1498 3668 1558 Τιτανόπαισι

2092 1594 2235 1673 (sic)
2271 1591 2329 1649 τὸ

2187 1738 2276 1751 --
2311 1698 2464 1767 Δείν’
2500 1699 2858 1787 εἰσακούεις,
2882 1690 3213 1790 Βράκλεις;

2157 1790 2460 1871 ’τουτέστι
2492 1830 2588 1871 σοι
2615 1806 2688 1870 τὸ
2723 1808 2968 1895 σκῶμμ’
3009 1802 3261 1895 ἀσελγὲς
3291 1802 3664 1892 Μεγαρικόν·

2181 1910 2286 1977 καὶ
2317 1903 2545 2003 σφόδρα
2564 1915 2744 2004 γελᾷς
2767 1908 2892 2001 ψύχ
2895 1914 2968 2002 ρ’.
2995 1913 3136 2001 Οὐχ
3153 1913 3289 2001 ὀρᾷς
3305 1904 3388 1973 τὰ
3405 1902 3670 1993 παιδία;

2087 2036 2422 2115 διασύρονται
2466 2036 2568 2115 γὰρ
2613 2037 2663 2094 οἱ
2703 2038 2968 2113 Μεγαρεῖς
3007 2036 3060 2091 ἐν
3097 2036 3166 2112 τῇ
3191 2031 3466 2113 κωμῳδίᾳ.
3497 2036 3668 2092 Libri

2086 2127 2290 2181 vitiose
2322 2127 2508 2195 Δεινῆς
2537 2122 2816 2189 ἀκούεις...
2843 2126 3078 2197 σκῶμμα
3115 2123 3206 2182 cic.
3239 2120 3330 2179 καὶ
3361 2122 3539 2199 May„
3571 2122 3668 2181 ul

2088 2232 2179 2291 αφ.
2209 2211 2411 2291 ψυχρὸν
2438 2211 2612 2291 γελᾷς,
2633 2212 2756 2289 δρᾷς
2777 2209 2842 2267 τὰ
2871 2231 2930 2268 π.
2961 2211 3266 2284 Reliquam
3291 2210 3404 2265 loci
3429 2220 3666 2283 partem

2085 2322 2144 2361 v.
2169 2300 2231 2358 in
2253 2313 2448 2357 annot.
2480 2299 2553 2356 ad
2575 2298 2941 2375 Ecplnantidis
2968 2302 3174 2355 Incert.
3203 2318 3222 2354 ι
3237 2340 3253 2357 .
3276 2324 3300 2349 α
3323 2298 3392 2353 In
3411 2298 3520 2369 his,
3537 2318 3670 2373 quae

2089 2390 2318 2465 Myrtilo
2338 2391 2690 2455 tribuuntur,
2713 2386 3013 2463 Eupolidis
3031 2404 3226 2442 versus
3239 2402 3376 2457 ense,
3399 2404 3472 2441 ex
3483 2386 3664 2444 schol.

2087 2478 2379 2553 Aristoph.
2421 2481 2588 2551 Vesp.
2624 2474 2694 2547 57
2723 2476 3074 2550 intelligitur.
3099 2475 3183 2531 Cf.
3227 2468 3493 2530 Fritzsch.
3533 2478 3666 2529 Act.

2095 2584 2215 2622 soc.
2247 2584 2332 2640 gr.
2369 2584 2421 2639 1,
2449 2583 2507 2639 p.
2549 2562 2680 2619 130.
2715 2562 2977 2637 Myrtilus
3005 2562 3236 2636 castigat
3275 2561 3670 2634 importunam

2087 2671 2512 2729 purpureorum
2538 2651 2798 2706 velorum
2824 2650 3288 2718 ostentationem,
3313 2648 3532 2723 quibus
3555 2652 3668 2706 Me-

2089 2758 2348 2815 garenses
2389 2741 2610 2796 aditum
2653 2756 2834 2794 scenae
2873 2738 2964 2793 vel
3007 2738 3305 2792 orchestrae
3339 2738 3632 2792 ornabant
3649 2779 3666 2809 ‚

2088 2828 2518 2885 Atheniensibus
2561 2828 2622 2883 in
2649 2826 2972 2883 ciliciorum
3013 2842 3117 2881 usu
3147 2826 3666 2897 acquiescentibus.

2090 2916 2306 2974 Eodem
2329 2929 2584 2993 spectare
2603 2914 2832 2972 videtur
2859 2914 3126 2988 Hesychii
3153 2914 3340 2990 glossa
3363 2914 3388 2936 ‘
3414 2914 3668 2992 Δερριδό-

2091 3027 2282 3084 γομφοι
2333 3025 2350 3066 z
2395 3002 2562 3062 πύλαι
2601 3003 2797 3082 δέρρεις
2840 3001 3056 3082 ἔχουσαι
3100 3003 3604 3080 παραπετάσματα.
3643 3031 3666 3052 ¹·

2087 3097 2260 3151 Mein.
2313 3096 2496 3152 Alieni
2551 3092 2762 3170 γόμφοι.
2807 3091 3148 3169 scripserim
3195 3091 3672 3171 δερριδιόκομψαι,

2083 3181 2328 3258 pellibus
2349 3196 2568 3240 ornatoe
2603 3181 2818 3258 (portae
2831 3181 2871 3257 ).
2919 3185 2986 3239 V.
3033 3179 3334 3254 Eupolidis
3377 3182 3672 3256 Prospalt.

2087 3273 2158 3330 fr.
2192 3291 2250 3330 2.

2845 3385 2902 3424 τε.

2165 3481 2358 3538 Schol.
2378 3481 2671 3555 Aristoph.
2693 3480 2900 3536 Avium
2931 3485 3080 3553 1490
3109 3499 3124 3533 ε
3151 3478 3200 3536 οἱ
3217 3474 3387 3556 ἥρωες
3407 3475 3466 3534 δὲ
3487 3478 3680 3556 δυσόρ-

2087 3587 2238 3643 γητοι
2257 3565 2344 3622 καὶ
2371 3566 2598 3643 χαλεποὶ
2624 3571 2731 3631 τοῖς
2754 3563 3105 3641 ἐμπιλάζουσι
3121 3562 3351 3642 γίνονται
3365 3605 3457 3634 ,...
3475 3564 3558 3620 διό
3581 3587 3678 3640 μοι

2087 3654 2298 3712 δοκοῦσι
2319 3651 2408 3711 καὶ
2431 3655 2480 3712 οἱ
2504 3651 2570 3710 τὰ
2591 3653 2742 3732 ἡρῷα
2769 3649 3044 3729 παριόντες
3068 3649 3220 3728 σιγὴν
3249 3650 3414 3729 ἔχειν,
3431 3653 3504 3716 ὥς
3525 3652 3680 3730 liup-

2087 3741 2226 3808 τίλος
2267 3741 2318 3797 ἐν
2359 3738 2691 3801 Τιτανόπασί
2725 3761 2904 3820 φησιν.
2943 3765 2967 3791 ι
3012 3741 3161 3797 Hinc
3203 3739 3472 3796 Narcisso
3501 3740 3680 3794 heroi

2089 3831 2394 3888 Eretriensi
2441 3831 2658 3906 σιγηλοῦ
2702 3847 3020 3904 cognomen
3055 3828 3326 3884 inditum.
3356 3828 3570 3910 Sjrabo
3601 3845 3678 3904 9,

2087 3937 2152 3994 p.
2200 3925 2309 3985 404
2345 3936 2359 3976 :
2405 3915 2497 3974 καὶ
2536 3915 2595 3976 τὸ
2626 3915 2940 3994 Ναρκίσσου
2967 3917 3061 3973 τοῦ
3105 3912 3412 3992 Ἐρετριέως
3439 3917 3676 3988 μνῆμα,

2090 4004 2118 4062 ὃ
2155 4005 2395 4062 καλεῖται
2437 4005 2699 4080 Σιγηλοῦ,
2739 4001 2921 4072 ἐπειδὴ
2967 4004 3153 4078 σιγῶσι
3191 3999 3489 4074 παριόντες.
3529 4004 3686 4074 Quae

2090 4094 2275 4149 lucem
2317 4092 2624 4149 affundunt
2667 4093 3040 4166 Alciphronis
3067 4093 3198 4146 loco
3230 4091 3410 4164 Epist.
3441 4093 3506 4170 32
3540 4090 3620 4146 58
3665 4113 3680 4144 ;

2089 4179 2268 4258 τρέμω
2295 4181 2526 4238 ἐνδακὼν
2553 4178 2614 4239 τὸ
2637 4179 2810 4258 χεῖλος
2827 4221 2844 4249 ,
2870 4180 2942 4244 ὣς
2968 4179 3017 4236 οῖ
3047 4176 3136 4235 τὸν
3159 4175 3374 4252 σιγηλὸν
3401 4175 3524 4256 ἥρω
3553 4200 3680 4236 πα-

2093 4267 2305 4344 ριόντες,
2329 4265 2404 4342 μὴ
2427 4266 2590 4324 κακόν
2605 4289 2655 4324 τι
2677 4263 3088 4344 προσλάὸωμαι.
3112 4267 3202 4322 Ibi
3221 4269 3436 4323 rectius
3451 4267 3686 4326 scribas

2093 4353 2320 4432 Σιγηλὸν
2364 4375 2461 4412 seu
2505 4359 2697 4432 potius
2735 4353 2990 4430 Σίγηλον.
3045 4355 3301 4413 Eustath.
3347 4355 3424 4410 ad
3455 4356 3682 4430 Odyss.

2090 4464 2153 4520 p.
2194 4445 2364 4519 1967,
2401 4444 2475 4501 36
2520 4464 2532 4499 2
2579 4442 2672 4501 καὶ
2706 4442 2932 4520 Σίγηλος
2977 4442 3073 4516 μὲν
3101 4441 3277 4521 κύριον
3317 4439 3490 4518 ὄνομα
3521 4445 3688 4520 Ναρ-

2097 4531 2280 4588 κίσσου
2303 4554 2315 4566 ·
2346 4530 2558 4606 σιγηλὸς
2579 4529 2636 4588 δὲ
2659 4533 2687 4588 ὁ
2717 4529 3003 4601 σιωπηλός.
3031 4535 3110 4587 »E
3135 4533 3223 4588 M.

2843 4645 2898 4702 3.

2171 4760 2368 4814 Pollux
2412 4778 2470 4830 ο,
2523 4778 2632 4814 110
2672 4779 2683 4812 :
2717 4757 2777 4814 τὸ
2815 4755 2870 4815 δὲ
2899 4757 3291 4835 ἐπιγιγνόμενον
3341 4761 3406 4838 τῇ
3451 4757 3684 4834 γλώττῃ

2091 4843 2312 4903 ἑλκίδιον
2341 4847 2555 4920 (minus
2581 4848 2727 4903 benc
2749 4849 2921 4922 vulgo
2951 4845 3217 4923 ἑλκύδριον
3261 4863 3277 4904 2
3319 4847 3496 4904 codd.
3529 4847 3688 4906 Fal-

3280 4965 3505 4973 -.—-—-..—
3643 4969 3674 4976 v

2091 5014 2194 5068 Hic
2221 5022 2300 5068 est
2321 5013 2479 5084 jocus
2510 5013 2817 5085 impudicus
2847 5015 3152 5085 Megaricus
3173 5043 3242 5053 —-

2093 5099 2251 5154 etiam
2292 5099 2434 5154 rides
2464 5097 2830 5166 frigidissime.
2859 5101 3052 5154 Nonne
3079 5097 3228 5154 vides
3249 5101 3548 5171 puerulos?
