3809 5850
1631 392 1975 455 Eurotas.

192 528 294 583 Sed
313 529 554 583 omnino
573 528 863 601 inelegans
887 538 974 583 est
997 528 1185 582 oratio
1205 538 1260 581 et
1283 539 1576 603 corrupta.
1603 528 1760 583 Scri-

193 620 341 685 bam,
368 632 518 689 pace
543 626 736 689 poetae
763 613 920 688 apud
947 614 1166 673 Inferos
1189 631 1204 671 ε

280 756 339 797 α.
391 720 624 819 Ῥἤτωρ
657 728 772 821 γὰρ
808 724 888 806 εἷς
921 730 994 795 τὸ
1020 738 1118 795 νῦν
1145 727 1265 813 τίς,
1299 732 1365 793 ὅν
1392 734 1450 819 γ’
1479 730 1638 795 ἔστιν
1665 731 1766 795 λε’-

1601 857 1765 925 *sem

285 944 350 1024 β.
409 934 467 1007 ὁ
509 934 812 1033 &uterne
845 936 1125 1031 ἄριστος,
1157 941 1501 1031 ἁλιτήριος.

191 1070 446 1123 Alteram
487 1082 797 1143 pemonam
827 1068 1061 1123 immisit
1103 1068 1276 1126 Mein.
1325 1071 1395 1124 V.
1442 1086 1476 1123 a
1519 1064 1610 1122 ἄλ.
1655 1084 1768 1143 pro

191 1154 458 1233 ἀλιτήριος
501 1156 794 1212 Personas
838 1155 987 1215 Λᾶν.
1029 1172 1094 1231 p.
1149 1154 1249 1227 75.
1303 1157 1568 1229 Buzygen
1615 1166 1770 1211 reete

187 1244 504 1302 Frommel.
557 1243 840 1299 intellexit
883 1246 1308 1301 Demostratum
1329 1283 1345 1310 ,
1399 1242 1472 1297 de
1517 1260 1636 1316 quo
1689 1242 1762 1303 cf.

185 1332 392 1404 fragm.
429 1330 528 1395 34.
571 1333 718 1386 Eum
743 1333 988 1406 Raspins
1012 1334 1100 1387 De
1125 1333 1274 1405 Eup.
1316 1332 1510 1386 Demis
1548 1342 1606 1387 et
1647 1332 1768 1388 Civ.

183 1440 246 1492 p.
271 1418 374 1493 56,
393 1414 668 1496 &haimos
689 1419 912 1475 dictum
937 1420 1251 1475 arbitratur
1261 1428 1570 1493 propterea
1585 1458 1604 1487 ,
1631 1420 1770 1493 quin

179 1506 438 1578 majores
471 1506 594 1579 ejus
627 1506 866 1580 Cylonei
903 1508 1118 1580 piaculi
1161 1506 1181 1583 (
1219 1506 1501 1563 uei-odet.
1546 1506 1602 1577 5,
1645 1524 1712 1575 7¹
1750 1527 1767 1575 3

181 1594 369 1652 ΤΙιυσ.
409 1614 462 1665 1,
499 1594 640 1673 126)
663 1596 970 1671 participes
997 1594 1230 1653 fuerint.

955 1706 1012 1763 8.

267 1821 428 1878 Plut.
461 1820 526 1877 V.
559 1820 743 1879 Alcib.
775 1839 904 1897 cap.
937 1820 1032 1893 13,
1057 1820 1130 1877 de
1155 1820 1384 1877 Phaeace
1413 1840 1428 1874 ι
1462 1808 1524 1889 ἧν
1551 1816 1674 1897 γὰρ,
1702 1820 1772 1883 ὡς

181 1904 428 1971 Εὔπολίς
451 1928 584 1985 φησι
599 1949 616 1977 ,

287 2027 524 2087 Λαλεῒν
554 2016 828 2110 ἄριστος,
873 2014 1345 2095 ἀδυνατώτατος
1383 2022 1604 2113 λέγειν.

187 2151 464 2203 imitatus
487 2149 602 2205 hoc
629 2150 926 2205 Sallustius
947 2151 1090 2206 Gell.
1119 2152 1188 2208 N.
1213 2154 1283 2207 A.
1319 2169 1372 2219 1,
1403 2149 1470 2206 15
1507 2171 1520 2203 ι
1562 2154 1772 2225 loquax

181 2242 388 2307 magis
405 2234 900 2309 quamsacundair.
923 2238 1007 2292 Ex
1027 2236 1233 2292 eodem
1255 2238 1545 2311 colloquio
1565 2239 1774 2313 petitus

183 2342 422 2393 versus,
477 2322 634 2379 unde
684 2324 805 2379 duo
863 2324 1175 2399 fragmenta
1232 2325 1633 2399 praecedentia.
1691 2328 1775 2381 De

183 2400 432 2467 i'haeaee
457 2411 538 2467 cf.
573 2412 782 2487 Bergk.
811 2412 1154 2469 Commentt.
1182 2431 1242 2488 p.
1273 2412 1410 2484 237.

955 2544 1019 2599 9.

271 2637 444 2691 Idem
469 2638 541 2693 V.
579 2638 814 2693 Periclis
845 2656 972 2715 cap.
999 2646 1076 2705 24
1107 2660 1122 2693 :
1153 2640 1295 2696 δοκεῖ
1319 2635 1376 2695 δὲ
1405 2636 1495 2695 καὶ
1519 2637 1608 2695 τὸν
1631 2636 1774 2695 νόθον

189 2725 252 2779 ἐκ
293 2720 498 2792 razi-em
527 2720 886 2801 (Ἀσπασίας)
931 2727 1223 2797 τεκνῶσαι,
1248 2725 1370 2803 περὶ
1397 2716 1456 2783 οὗ
1491 2724 1776 2796 πεποίηκεν

193 2812 272 2867 fi.
305 2808 1242 2891 ὴὼαῦτὸνμὲνοῧτωςέρωοῶντα

291 2937 350 3008 ὁ
381 2941 555 3019 νόθος
591 2932 664 3007 δέ
696 2967 800 3034 μοι
835 2938 910 3036 ζῇ
939 2969 960 3032 ;

189 3077 282 3135 τὸν
314 3075 372 3136 δὲ
411 3073 738 3156 Μυρωνίδην
776 3076 1182 3158 ἀποκρινόμενον

299 3247 398 3260 —-
429 3207 568 3277 Καὶ
603 3209 800 3276 πάλαι
843 3216 902 3303 γ’
941 3206 1014 3276 ἃν
1058 3210 1132 3283 ἦν
1169 3211 1338 3302 ἀνὴρ,

297 3319 354 3384 εἰ
393 3321 478 3408 μὴ
517 3309 596 3381 ‘ro
636 3325 749 3393 τῆς
790 3317 1006 3410 πόρνης
1043 3321 1144 3383 ὕπ’
1186 3308 1452 3410 ὠρρώδει
1483 3318 1686 3386 κακόν.

196 3467 512 3538 Pet-peram
531 3461 668 3518 libri
695 3482 814 3520 uno
837 3463 1019 3520 verbo
1049 3461 1354 3542 ὑπωρρώδει
1369 3505 1387 3534 ,
1419 3466 1768 3532 subtimeret,

197 3555 362 3624 quasi
387 3553 603 3606 nothus
621 3553 715 3608 ille
737 3553 970 3608 Periclis
994 3549 1144 3608 filius
1165 3555 1356 3608 nescio
1380 3553 1542 3626 quod
1569 3555 1780 3610 malum

195 3641 524 3696 mei-etrieis
543 3641 788 3714 Aspasiae
803 3641 1004 3696 leviter
1027 3642 1314 3698 timuisset.
1347 3643 1532 3698 Immo
1549 3640 1782 3718 ὠρρώδει

201 3727 366 3786 κακὸν
401 3725 464 3784 τὸ
511 3723 616 3783 ὑπὸ
657 3729 752 3796 τῆς
796 3726 1022 3806 πόρνης,
1051 3731 1111 3785 h.
1143 3747 1196 3789 e.
1240 3732 1550 3805 interprete
1581 3732 1780 3800 Mein„

215 3845 236 3862 -ι
279 3817 448 3893 qnod
487 3819 786 3872 meretrice
815 3828 1014 3873 natum
1042 3836 1102 3873 se
1128 3828 1398 3887 noverat,
1429 3818 1490 3872 id
1533 3820 1784 3874 animuin

211 3903 326 3973 ejus
345 3905 729 3978 deprimebat.
759 3928 786 3954 υ
816 3907 1016 3978 Neque
1045 3893 1198 3964 enim
1233 3905 1470 3962 Athenis
1495 3906 1692 3975 nothi,
1721 3919 1786 3962 ut

217 3993 374 4047 liberi
403 3992 688 4065 legitimi,
713 3993 904 4047 statim
935 4009 970 4046 a
992 3993 1288 4048 nativitate
1313 3993 1519 4048 tabulis
1539 3994 1786 4068 publicis

217 4080 708 4153 inscribebantur,
749 4091 803 4135 et
838 4082 1075 4136 omnino
1116 4080 1370 4137 deterior
1424 4091 1546 4137 erat
1590 4101 1786 4138 eornm

215 4167 472 4222 conditio
497 4187 512 4222 t
541 4185 597 4224 v.
622 4169 690 4226 L.
715 4167 871 4222 Bosii
897 4169 1092 4240 Antiq.
1115 4168 1216 4225 Gr.
1243 4188 1305 4243 p.
1348 4167 1460 4224 213
1487 4169 1580 4225 cd.
1610 4171 1784 4238 Zeun,

215 4265 484 4310 annotata
510 4255 684 4310 nobis
705 4255 782 4310 ad
799 4253 1006 4328 Odyss.
1036 4259 1097 4322 4,
1133 4273 1226 4325 12,
1247 4268 1359 4313 etc.
1393 4255 1658 4315 Ceterum
1681 4275 1788 4313 ne—

217 4363 382 4414 quam
437 4342 672 4397 fuerunt
713 4343 949 4398 Periclis
985 4341 1088 4397 filii
1133 4344 1368 4418 legitimi
1411 4363 1425 4397 ι
1469 4361 1526 4400 ν.
1569 4345 1638 4401 fr.
1693 4363 1784 4403 ιο.

217 4431 404 4488 Schol.
449 4431 706 4484 Platonis
733 4449 794 4503 p.
843 4429 952 4502 391
1005 4429 1179 4489 Bekk.
1227 4449 1242 4486 z
1285 4427 1412 4507 ἔσχε
1453 4429 1507 4486 δὲ
1539 4427 1591 4497 ἐξ
1629 4431 1790 4501 αὐτῆς

221 4519 536 4592 (Aspasiam
565 4517 734 4592 dicit)
761 4519 789 4574 δ
831 4516 1100 4595 Περικλῆς
1141 4517 1286 4575 νόθον
1328 4515 1467 4589 υίὸν,
1512 4517 1592 4598 ἐφ’
1628 4507 1673 4596 ᾧ
1699 4517 1790 4575 καὶ

225 4604 498 4677 ἐτελεύτα,
543 4605 649 4662 τῶν
682 4603 912 4680 γνησίων
960 4603 1448 4688 προαποθανόντων,
1491 4605 1560 4671 ὡς
1605 4604 1671 4663 Ε.
1721 4609 1788 4663 Δ.

977 4779 1031 4828 8.

215 4861 468 4916 Gan-iter
493 4859 766 4934 optimus,
789 4859 1282 4932 impotentissimus
1303 4867 1506 4916 orator.

979 4953 1034 5003 9.

221 5043 340 5090 Per.
373 5033 592 5091 Nothus
617 5041 805 5090 autem
833 5047 905 5088 an
929 5033 1066 5088 mihi
1089 5033 1256 5089 vivit?

227 5127 364 5194 uqr.
391 5125 462 5178 Et
493 5119 710 5178 dudum
741 5119 824 5176 vir
845 5117 1024 5176 faetus
1047 5129 1188 5176 essct
1204 5161 1217 5186 ‚

225 5213 318 5266 nisi
342 5228 372 5267 a
391 5211 682 5266 meretrice
705 5209 920 5264 timeret
945 5207 1174 5265 malum.

3312 410 3419 459 16³

1859 529 2147 602 liat-poet.
2168 548 2231 604 p.
2264 527 2360 599 37,
2396 530 2467 585 18
2499 549 2510 582 :
2540 528 2681 585 δοκεῖ
2704 526 2755 595 ἐξ
2780 529 2942 599 αὐτῆς
2966 528 3251 609 ἐσχηκέναι
3274 534 3303 587 ὁ
3326 532 3427 589 Πε-

1859 614 2040 691 ρικλῆς
2058 614 2149 673 τὸν
2174 612 2453 691 ὁμώνυμον
2474 618 2615 695 αὖτῷ
2641 614 2903 693 Περικλέα
2924 615 3011 675 τὸν
3036 616 3206 693 νόθον,
3228 621 3299 685 ὡς
3322 621 3425 695 ἐμ-

1857 702 2030 781 φαίνει
2050 702 2145 762 καὶ
2174 705 2243 765 Ε.
2272 704 2327 761 ἐν
2350 712 2455 769 τοῖς
2476 710 2542 764 Δ.
2578 730 2602 757 ιι
2632 708 2709 780 Is,
2740 708 2901 763 brevi
2930 720 3061 763 ante
3082 710 3263 783 patris
3286 711 3427 765 obi-

1859 804 1983 848 tum
2030 794 2337 849 tribulibus
2384 795 2705 869 adscriptus
2756 794 2939 870 (Plut.
2988 798 3057 851 V.
3108 794 3237 855 Per.
3284 797 3357 867 37
3384 796 3427 872 ),

1856 894 2057 957 postea
2076 884 2137 937 in
2157 900 2353 959 pugna
2372 883 2448 939 ad
2470 883 2801 958 Arginussas
2816 885 3177 958 imperatoris
3192 902 3429 943 munere

1861 970 2086 1026 functus
2106 969 2409 1045 (Xenoph.
2434 971 2579 1026 Bell.
2608 989 2659 1039 ι,
2682 968 2740 1039 5,
2765 970 2857 1040 163
2878 970 3057 1030 Diod.
3076 970 3191 1029 Sic.
3216 972 3307 1042 13,
3328 972 3426 1049 98)

1859 1067 1919 1111 et
1946 1074 2079 1111 cum
2112 1056 2314 1112 ceteris
2338 1075 2545 1113 novem
2576 1056 2818 1113 ducibus
2846 1058 3069 1113 occisus
3090 1068 3175 1112 est
3208 1059 3423 1133 olymp.

1864 1140 1963 1215 93,
1993 1140 2025 1197 3
2052 1141 2218 1217 (ante
2242 1142 2376 1200 chr.
2406 1155 2523 1201 nat.
2550 1142 2665 1211 405
2682 1144 2726 1219 );
2752 1164 2808 1200 v.
2841 1154 3049 1219 praeter
3072 1144 3431 1220 Xenophon-

1863 1240 1979 1285 tem
2000 1230 2041 1288 l.
2074 1230 2117 1287 l.
2146 1228 2523 1287 Philochorus
2547 1232 2705 1307 apud
2732 1234 2916 1287 schol.
2946 1232 3245 1307 Aristoph.
3278 1235 3426 1291 Rau.

1869 1334 2038 1388 ¹2²7·
2060 1318 2384 1390 Mymnides
2408 1316 2564 1374 haud
2584 1318 2759 1376 dubie
2781 1319 3183 1395 intelligendus
3208 1331 3292 1376 est
3316 1324 3431 1377 La-

1863 1404 2348 1461 cedaemoniorum
2384 1408 2577 1462 victor
2622 1407 2783 1481 apud
2822 1408 3168 1482 OEnophyta
3208 1410 3424 1483 olymp.

1864 1490 1964 1562 83,
1996 1492 2031 1547 3
2062 1493 2221 1565 (ante
2253 1494 2386 1550 Chr.
2421 1506 2540 1549 nat.
2580 1492 2751 1569 445),
2781 1496 2968 1553 Callioe
3002 1492 3180 1565 filius,
3208 1497 3298 1550 vir
3331 1514 3429 1551 an-

1865 1581 2023 1653 tiqua
2048 1577 2164 1636 fide
2186 1598 2254 1636 ac
2276 1582 2487 1637 virtute
2512 1582 2748 1657 insignis
2768 1581 2851 1659 (v.
2882 1583 3086 1653 Thac„
3117 1584 3431 1659 Aristoph„

1863 1666 2035 1723 Diod.
2066 1668 2180 1724 Sic.
2217 1687 2307 1741 ιι,
2339 1688 2436 1743 79,
2470 1668 2598 1745 81),
2642 1670 2777 1743 qui,
2806 1688 3083 1726 summam
3120 1670 3345 1725 laudem
3372 1673 3431 1725 in

1863 1756 2095 1829 capitali
2138 1757 2345 1831 proelio
2383 1757 2487 1813 illo
2538 1768 2901 1828 consecutus,
2956 1758 3239 1831 initioque
3288 1758 3447 1815 belli‘

1865 1843 2269 1919 Peloponnesii
2312 1862 2387 1914 70
2433 1844 2609 1901 ferme
2648 1862 2825 1901 annos
2866 1856 3063 1916 natus,
3092 1846 3154 1899 in
3192 1846 3433 1902 honesto

1863 1932 1991 1987 otio
2036 1932 2399 2002 senescebat3
2448 1932 2655 2009 dignus
2694 1934 2794 2005 qui
2820 1934 2881 1987 in
2920 1933 3031 1987 hac
3072 1933 3263 1989 fibula
3302 1952 3433 1989 cum

1836 2019 2097 2090 -Solone,
2116 2019 2365 2076 Aristide
2380 2062 2397 2091 ,
2420 2020 2679 2089 Cimone,
2703 2020 2937 2087 Pericle,
2962 2020 3035 2075 de
3054 2020 3269 2093 optima
3287 2039 3434 2075 rem·

1861 2106 2027 2181 publ.
2056 2106 2400 2164 emendandi
2422 2108 2645 2163 ratione
2674 2106 2991 2163 dissereret.
3028 2131 3052 2155 »
3084 2108 3135 2161 E
3152 2108 3243 2163 M.

2604 2238 2693 2277 10.

1948 2332 2157 2389 Athen.
2184 2350 2243 2406 9,
2268 2351 2333 2407 p.
2366 2316 2505 2403 373,
2532 2332 2579 2387 E
2609 2350 2623 2385 ι
2660 2326 2739 2387 ὅτι
2768 2327 2824 2387 δὲ
2848 2326 2941 2386 καὶ
2966 2328 3057 2385 ἐπὶ
3082 2331 3172 2385 τοῦ
3200 2330 3432 2400 πληθυν-

1869 2421 2017 2477 τικοῦ
2048 2417 2252 2497 ὄρνεις
2282 2417 2513 2494 λέγουσι,
2540 2415 2812 2495 πρόκειται
2838 2414 2899 2473 τὸ
2926 2414 3276 2493 Μενάνδρειον
3302 2438 3435 2495 μαρ-

1867 2504 2041 2585 τύρων
2061 2549 2081 2581 ,
2103 2549 2193 2567 ....
2215 2505 2309 2563 καὶ
2334 2508 2403 2567 Ε.
2432 2506 2486 2563 ἐν
2519 2508 2585 2564 Δ.

1970 2626 2061 2688 Οὐ
2088 2614 2283 2687 δεινὸν
2310 2620 2409 2688 οὖν
2434 2622 2625 2713 κριοὺς
2654 2622 2752 2711 ἔμ’
2791 2624 3068 2712 ἐκγεννᾶν
3100 2624 3317 2699 τέκνα,

1966 2726 2154 2819 ὄρνεις
2182 2719 2243 2793 δ’
2278 2726 2515 2819 ὁμοίους
2548 2726 2683 2802 τοὺς
2717 2726 2993 2801 νεοττοὺς
3028 2736 3120 2813 τῷ
3160 2726 3385 2817 πατρί;

1870 2855 2048 2911 Versu
2080 2873 2104 2909 1
2150 2853 2283 2909 libri
2305 2848 2504 2932 κριίους
2536 2851 2593 2928 μ’
2618 2852 2732 2930 ἐκγ.
2758 2874 2811 2907 τ.
2844 2852 3038 2911 Valck.
3068 2852 3144 2907 ad
3164 2852 3437 2911 Phoeniss.

1874 2948 1947 3008 44
1976 2937 2148 3018 κριοὺς
2172 2937 2282 3015 ἔμ’,
2306 2961 2557 3016 qnorum
2580 2939 2723 3000 illud
2742 2941 2973 3015 quidem
2998 2940 3299 2996 indubium
3322 2953 3438 3010 est;

1871 3028 1973 3085 sed
1999 3048 2109 3104 pro
2146 3021 2231 3103 ἔμ’
2258 3029 2525 3102 equidem
2549 3031 2742 3085 malim
2769 3030 2826 3101 μ’
2860 3025 2951 3098 ἂν,
2986 3029 3088 3102 qui
3124 3030 3441 3104 neglectam

1871 3136 2019 3192 saepe
2050 3119 2223 3173 sciam
2250 3135 2287 3172 a
2315 3117 2559 3174 librariis
2582 3119 2895 3192 elegantem
2922 3117 3281 3190 particulam.
3304 3121 3369 3176 V.
3407 3137 3441 3174 τι

1874 3205 2051 3280 vulgo
2096 3201 2140 3261 θ’
2181 3223 2291 3280 pro
2334 3201 2380 3260 δ’
2424 3201 2581 3279 apud
2610 3201 2873 3262 Grotium
2902 3203 3170 3280 Excerpt.
3207 3224 3263 3279 p.
3300 3211 3440 3278 499.

1875 3289 2129 3365 Ὁμοίους
2166 3311 2277 3366 pro
2312 3289 2503 3367 ὁμοίως
2532 3291 2775 3349 casaub.
2828 3291 3060 3347 Periclis
3082 3289 3182 3347 filii
3209 3293 3444 3366 legitimi

1875 3391 2098 3438 mature
2120 3391 2366 3436 mortem
2391 3380 2691 3454 obierunt,
2718 3390 2855 3434 teste
2886 3379 3066 3437 schol.
3096 3377 3245 3435 Plat.
3272 3397 3443 3454 supra

1874 3469 2069 3526 allato.
2102 3492 2127 3516 σι
2171 3469 2349 3522 Recte
2380 3465 2503 3522 haec
2532 3465 2767 3521 Periclis
2792 3465 2972 3520 verba
2999 3483 3115 3521 esse
3160 3476 3443 3536 statuunt,

1875 3553 2038 3630 quod
2079 3553 2385 3628 degeneres
2433 3570 2466 3608 a
2497 3553 2684 3626 patria
2728 3553 2939 3606 virtute
2986 3549 3133 3606 filios
3181 3555 3445 3626 genuerit

1876 3641 2297 3714 conquerentis.
2336 3639 2649 3716 Zenobius,
2676 3638 2943 3694 laudante
2972 3637 3187 3708 Valck„
3238 3639 3283 3696 Κ
3304 3661 3331 3714 ρ
3350 3636 3445 3704 eb<

1880 3729 2149 3804 (fortasse
2172 3729 2508 3804 ponendum
2525 3739 2607 3784 est
2624 3723 2790 3806 κριοῦ)
2817 3721 3065 3804 τροφεῖ’
3094 3723 3399 3782 ἀπέτισεν
3428 3747 3440 3780 :

1877 3818 1911 3886 ἡ
1935 3814 2195 3895 παροιμία
2216 3815 2303 3874 ἐπὶ
2326 3815 2428 3874 τῶν
2454 3813 2755 3893 ἀχαρίστων
2770 3859 2787 3886 ,
2817 3811 2929 3870 ἐπεὶ
2955 3809 3048 3878 τὰς
3068 3811 3263 3891 mipvas:
3280 3811 3447 3882 πλήτ-

1876 3924 2051 3961 τουσιν
2076 3905 2122 3961 οἱ
2146 3899 2301 3983 κριοί.
2334 3905 2608 3960 Libanius
2630 3905 2717 3959 De
2744 3905 2861 3958 vita
2888 3921 2989 3958 sua
3022 3921 3037 3956 :
3069 3897 3357 3978 ἀνθρώπιον
3389 3901 3447 3956 ἐκ

1879 3989 2109 4058 Κυζίκου
2133 3990 2319 4069 μιαρόν
2344 4012 2401 4049 τε
2426 3990 2517 4048 καὶ
2540 3989 2827 4069 ἀχάριστον
2843 4032 2859 4065 ,
2982 3991 3127 4064 κριοῦ
3154 3987 3208 4046 δὲ
3234 3991 3446 4066 τροφεῖα

1879 4077 2017 4136 κατὰ
2059 4077 2151 4148 τὴν
2200 4077 2489 4155 παροιμίαν
2540 4077 2800 4135 ἀποτῖνον.
2840 4077 2927 4133 Cf.
2961 4077 3206 4152 Diogen.
3256 4077 3313 4144 5,
3344 4077 3444 4144 62,

1877 4166 2155 4224 Proverb.
2182 4167 2353 4226 Bodl.
2384 4165 2523 4224 556.
2556 4191 2582 4216 ι
2605 4167 2657 4220 Ε
2678 4165 2765 4222 Μ.

2618 4295 2641 4332 τ
2662 4295 2683 4331 t
2698 4321 2711 4334 .

1960 4389 2219 4446 Tiberius
2241 4391 2438 4445 rhetor
2465 4397 2555 4459 47,
2586 4409 2647 4464 p.
2672 4389 2747 4445 66
2773 4409 2787 4447 :
2810 4385 2959 4465 παρὰ
2984 4385 3036 4443 δὲ
3063 4385 3178 4450 τοὺς
3203 4381 3447 4463 ἀριθμοὺς

1884 4473 2160 4541 ἀλλοίωσις
2178 4519 2194 4548 ,
2214 4479 2285 4541 ὡς
2305 4477 2430 4554 παρ’
2458 4475 2712 4535 Εὐπόλιδι
2736 4476 2790 4531 ἐν
2814 4479 2880 4532 Δ.

1985 4583 2213 4657 Ᾰπασα
2252 4590 2365 4684 γὰρ
2396 4591 2689 4682 ποθοῦμεν
2723 4597 2759 4663 ἡ
2799 4595 3003 4664 κλεινὴ
3035 4591 3233 4665 πόλις.

2628 4778 2713 4828 10.

1891 4863 2085 4917 Nonne
2120 4860 2325 4916 malum
2358 4868 2463 4928 est,
2476 4860 2690 4950 =arietes
2718 4875 2809 4916 me
2830 4875 3113 4933 procreare
3136 4859 3361 4922 liberos,

1887 4964 2013 5004 aves
2040 4957 2217 5004 autem
2242 4947 2449 5004 similes
2474 4949 2615 5020 patri
2636 4948 2847 5020 pullos?

2630 5043 2715 5090 11.

1887 5122 2080 5177 Omnis
2109 5123 2253 5176 enim
2278 5119 2423 5176 clara
2453 5121 2642 5177 civitas
2670 5120 3061 5178 desideramus.

3182 5302 3247 5340 11.
