<?xml version="1.0" encoding="UTF-8"?>
<!DOCTYPE html PUBLIC "-//W3C//DTD XHTML 1.0 Transitional//EN"
    "http://www.w3.org/TR/xhtml1/DTD/xhtml1-transitional.dtd">
<html xmlns="http://www.w3.org/1999/xhtml" xml:lang="en" lang="en">
 <head>
  <title>
</title>
<meta http-equiv="Content-Type" content="text/html;charset=utf-8" />
  <meta name='ocr-system' content='tesseract 3.04.00' />
  <meta name='ocr-capabilities' content='ocr_page ocr_carea ocr_par ocr_line ocrx_word'/>
</head>
<body>
  <div class='ocr_page' id='page_1' title='image "./poetarumcomicor01hunzgoog_0112.png"; bbox 0 0 3809 5850; ppageno 0'>
   <div class='ocr_carea' id='block_1_1' title="bbox 406 374 2630 478">
    <p class='ocr_par' dir='ltr' id='par_1_1' title="bbox 406 374 2630 478">
     <span class='ocr_line' id='line_1_1' title="bbox 406 374 2630 478; baseline -0.005 -7"><span class='ocrx_word' id='word_1_1' title='bbox 406 422 479 471; x_wconf 64' lang='grc' dir='ltr'><strong>οι.»</strong></span> <span class='ocrx_word' id='word_1_2' title='bbox 1388 374 1796 467; x_wconf 53' lang='lat' dir='ltr'><strong>condemn:</strong></span> <span class='ocrx_word' id='word_1_3' title='bbox 1839 402 2173 467; x_wconf 73' lang='lat' dir='ltr'><strong>vn&#39;rsms</strong></span> <span class='ocrx_word' id='word_1_4' title='bbox 2215 403 2630 478; x_wconf 71' lang='lat' dir='ltr'><strong>nEQOAE.</strong></span> 
     </span>
    </p>
   </div>
   <div class='ocr_carea' id='block_1_2' title="bbox 400 537 1972 1145">
    <p class='ocr_par' dir='ltr' id='par_1_2' title="bbox 402 537 1964 615">
     <span class='ocr_line' id='line_1_2' title="bbox 402 537 1964 615; baseline -0.006 -13"><span class='ocrx_word' id='word_1_5' title='bbox 402 544 641 602; x_wconf 85' lang='lat' dir='ltr'><strong>Videtur</strong></span> <span class='ocrx_word' id='word_1_6' title='bbox 662 540 813 597; x_wconf 91' lang='lat' dir='ltr'><strong>enim</strong></span> <span class='ocrx_word' id='word_1_7' title='bbox 836 541 1101 615; x_wconf 85' lang='lat' dir='ltr'><strong>magister</strong></span> <span class='ocrx_word' id='word_1_8' title='bbox 1124 538 1219 593; x_wconf 86' lang='lat' dir='ltr'><strong>ille</strong></span> <span class='ocrx_word' id='word_1_9' title='bbox 1244 546 1392 595; x_wconf 83' lang='lat' dir='ltr'><strong>artes</strong></span> <span class='ocrx_word' id='word_1_10' title='bbox 1420 538 1654 612; x_wconf 88' lang='lat' dir='ltr'><strong>quidem</strong></span> <span class='ocrx_word' id='word_1_11' title='bbox 1682 537 1964 611; x_wconf 82' lang='lat' dir='ltr'><strong>liberales,</strong></span> 
     </span>
    </p>

    <p class='ocr_par' dir='ltr' id='par_1_3' title="bbox 402 624 1970 704">
     <span class='ocr_line' id='line_1_3' title="bbox 402 624 1970 704; baseline -0.003 -19"><span class='ocrx_word' id='word_1_12' title='bbox 402 634 462 686; x_wconf 89' lang='lat' dir='ltr'><strong>in</strong></span> <span class='ocrx_word' id='word_1_13' title='bbox 486 629 693 704; x_wconf 86' lang='lat' dir='ltr'><strong>quibus</strong></span> <span class='ocrx_word' id='word_1_14' title='bbox 714 629 990 683; x_wconf 85' lang='lat' dir='ltr'>musicam</span> <span class='ocrx_word' id='word_1_15' title='bbox 1012 626 1098 702; x_wconf 80' lang='lat' dir='ltr'><strong>(v,</strong></span> <span class='ocrx_word' id='word_1_16' title='bbox 1122 625 1195 681; x_wconf 79' lang='lat' dir='ltr'><strong>fr.</strong></span> <span class='ocrx_word' id='word_1_17' title='bbox 1216 624 1321 702; x_wconf 82' lang='lat'><strong>8),</strong></span> <span class='ocrx_word' id='word_1_18' title='bbox 1344 625 1637 701; x_wconf 77' lang='lat' dir='ltr'><strong>probasse,</strong></span> <span class='ocrx_word' id='word_1_19' title='bbox 1660 625 1762 681; x_wconf 88' lang='lat' dir='ltr'><strong>sed</strong></span> <span class='ocrx_word' id='word_1_20' title='bbox 1783 624 1970 681; x_wconf 86' lang='lat' dir='ltr'><strong>odisse</strong></span> 
     </span>
    </p>

    <p class='ocr_par' dir='ltr' id='par_1_4' title="bbox 402 711 1971 792">
     <span class='ocr_line' id='line_1_4' title="bbox 402 711 1971 792; baseline -0.004 -19"><span class='ocrx_word' id='word_1_21' title='bbox 402 719 572 789; x_wconf 87' lang='lat' dir='ltr'><strong>talos,</strong></span> <span class='ocrx_word' id='word_1_22' title='bbox 608 729 879 792; x_wconf 81' lang='lat' dir='ltr'><strong>tanquam</strong></span> <span class='ocrx_word' id='word_1_23' title='bbox 919 717 1241 771; x_wconf 88' lang='lat' dir='ltr'><strong>otiosorum</strong></span> <span class='ocrx_word' id='word_1_24' title='bbox 1270 724 1441 787; x_wconf 89' lang='lat' dir='ltr'><strong>atque</strong></span> <span class='ocrx_word' id='word_1_25' title='bbox 1478 732 1784 769; x_wconf 80' lang='lat' dir='ltr'><strong>avarorum</strong></span> <span class='ocrx_word' id='word_1_26' title='bbox 1811 711 1971 767; x_wconf 86' lang='lat' dir='ltr'><strong>dele-</strong></span> 
     </span>
    </p>

    <p class='ocr_par' dir='ltr' id='par_1_5' title="bbox 402 799 1972 875">
     <span class='ocr_line' id='line_1_5' title="bbox 402 799 1972 875; baseline -0.005 -13"><span class='ocrx_word' id='word_1_27' title='bbox 402 816 774 873; x_wconf 84' lang='lat' dir='ltr'><strong>ctamentum,</strong></span> <span class='ocrx_word' id='word_1_28' title='bbox 795 813 872 872; x_wconf 91' lang='lat' dir='ltr'><strong>et,</strong></span> <span class='ocrx_word' id='word_1_29' title='bbox 890 802 1221 874; x_wconf 87' lang='lat' dir='ltr'><strong>ubicunque</strong></span> <span class='ocrx_word' id='word_1_30' title='bbox 1236 801 1452 857; x_wconf 71' lang='lat' dir='ltr'><strong>lusores</strong></span> <span class='ocrx_word' id='word_1_31' title='bbox 1469 799 1633 871; x_wconf 82' lang='lat' dir='ltr'><strong>vidit,</strong></span> <span class='ocrx_word' id='word_1_32' title='bbox 1652 818 1751 856; x_wconf 89' lang='lat' dir='ltr'><strong>eos</strong></span> <span class='ocrx_word' id='word_1_33' title='bbox 1764 800 1972 875; x_wconf 80' lang='lat' dir='ltr'>pugnis</span> 
     </span>
    </p>

    <p class='ocr_par' dir='ltr' id='par_1_6' title="bbox 402 886 1972 964">
     <span class='ocr_line' id='line_1_6' title="bbox 402 886 1972 964; baseline -0.004 -17"><span class='ocrx_word' id='word_1_34' title='bbox 402 891 707 961; x_wconf 85' lang='lat' dir='ltr'><strong>cecidisse·‚</strong></span> <span class='ocrx_word' id='word_1_35' title='bbox 738 890 915 964; x_wconf 89' lang='lat' dir='ltr'><strong>idque</strong></span> <span class='ocrx_word' id='word_1_36' title='bbox 942 906 1019 944; x_wconf 87' lang='lat' dir='ltr'><strong>ne</strong></span> <span class='ocrx_word' id='word_1_37' title='bbox 1040 888 1177 963; x_wconf 85' lang='lat' dir='ltr'><strong>ipsis</strong></span> <span class='ocrx_word' id='word_1_38' title='bbox 1198 888 1433 961; x_wconf 88' lang='lat' dir='ltr'><strong>quidem</strong></span> <span class='ocrx_word' id='word_1_39' title='bbox 1459 888 1635 944; x_wconf 84' lang='lat' dir='ltr'><strong>servis</strong></span> <span class='ocrx_word' id='word_1_40' title='bbox 1661 886 1972 961; x_wconf 73' lang='lat' dir='ltr'>frugalibus</span> 
     </span>
    </p>

    <p class='ocr_par' dir='ltr' id='par_1_7' title="bbox 400 976 1966 1145">
     <span class='ocr_line' id='line_1_7' title="bbox 400 976 1966 1052; baseline -0.001 -17"><span class='ocrx_word' id='word_1_41' title='bbox 400 980 605 1035; x_wconf 80' lang='lat' dir='ltr'><strong>invitis.</strong></span> <span class='ocrx_word' id='word_1_42' title='bbox 622 1009 697 1021; x_wconf 95' lang='lat'>—</span> <span class='ocrx_word' id='word_1_43' title='bbox 714 1003 740 1028; x_wconf 77' lang='grc' dir='ltr'><strong>ι</strong></span> <span class='ocrx_word' id='word_1_44' title='bbox 756 977 1128 1035; x_wconf 79' lang='lat' dir='ltr'><strong>Essevidetur</strong></span> <span class='ocrx_word' id='word_1_45' title='bbox 1147 994 1281 1051; x_wconf 86' lang='lat' dir='ltr'><strong>pars</strong></span> <span class='ocrx_word' id='word_1_46' title='bbox 1292 992 1487 1032; x_wconf 82' lang='lat' dir='ltr'><strong>versus</strong></span> <span class='ocrx_word' id='word_1_47' title='bbox 1502 976 1813 1052; x_wconf 86' lang='lat' dir='ltr'><strong>eupolidei.</strong></span> <span class='ocrx_word' id='word_1_48' title='bbox 1834 998 1859 1025; x_wconf 62' lang='grc' dir='ltr'><strong><em>υ</em></strong></span> <span class='ocrx_word' id='word_1_49' title='bbox 1878 976 1966 1033; x_wconf 85' lang='grc' dir='ltr'><strong>Μ.</strong></span> 
     </span>
     <span class='ocr_line' id='line_1_8' title="bbox 1140 1105 1233 1145; baseline 0.011 -2"><span class='ocrx_word' id='word_1_50' title='bbox 1140 1105 1233 1145; x_wconf 88' lang='grc' dir='ltr'><strong>ιο.</strong></span> 
     </span>
    </p>
   </div>
   <div class='ocr_carea' id='block_1_3' title="bbox 482 1196 1972 1278">
    <p class='ocr_par' dir='ltr' id='par_1_8' title="bbox 482 1196 1972 1278">
     <span class='ocr_line' id='line_1_9' title="bbox 482 1196 1972 1278; baseline -0.004 -17"><span class='ocrx_word' id='word_1_51' title='bbox 482 1202 691 1261; x_wconf 82' lang='lat' dir='ltr'><strong>Pollux</strong></span> <span class='ocrx_word' id='word_1_52' title='bbox 742 1220 836 1274; x_wconf 85' lang='grc' dir='ltr'><strong>ιο,</strong></span> <span class='ocrx_word' id='word_1_53' title='bbox 880 1201 955 1268; x_wconf 69' lang='lat'><strong>51.</strong></span> <span class='ocrx_word' id='word_1_54' title='bbox 983 1200 1113 1260; x_wconf 68' lang='lat' dir='ltr'><strong>:nal</strong></span> <span class='ocrx_word' id='word_1_55' title='bbox 1164 1198 1584 1278; x_wconf 68' lang='grc' dir='ltr'><strong>ἐγκεντρίδας</strong></span> <span class='ocrx_word' id='word_1_56' title='bbox 1625 1196 1680 1257; x_wconf 78' lang='grc' dir='ltr'><strong>δὲ</strong></span> <span class='ocrx_word' id='word_1_57' title='bbox 1706 1204 1816 1265; x_wconf 85' lang='grc' dir='ltr'><strong>τοῖς</strong></span> <span class='ocrx_word' id='word_1_58' title='bbox 1843 1196 1972 1257; x_wconf 78' lang='grc' dir='ltr'><strong>ποσὶ</strong></span> 
     </span>
    </p>
   </div>
   <div class='ocr_carea' id='block_1_4' title="bbox 402 1286 2058 1370">
    <p class='ocr_par' dir='ltr' id='par_1_9' title="bbox 402 1286 2058 1370">
     <span class='ocr_line' id='line_1_10' title="bbox 402 1286 2058 1370; baseline -0.003 -21"><span class='ocrx_word' id='word_1_59' title='bbox 402 1288 496 1357; x_wconf 74' lang='grc' dir='ltr'><strong>τὰς</strong></span> <span class='ocrx_word' id='word_1_60' title='bbox 536 1292 761 1370; x_wconf 83' lang='grc' dir='ltr'><strong>πτέρνας</strong></span> <span class='ocrx_word' id='word_1_61' title='bbox 810 1290 860 1348; x_wconf 77' lang='grc' dir='ltr'><strong>οῖ</strong></span> <span class='ocrx_word' id='word_1_62' title='bbox 904 1288 1211 1355; x_wconf 72' lang='grc' dir='ltr'>ἱππεύοντες</span> <span class='ocrx_word' id='word_1_63' title='bbox 1245 1289 1596 1370; x_wconf 77' lang='grc' dir='ltr'><strong>περιεδοῧντο.</strong></span> <span class='ocrx_word' id='word_1_64' title='bbox 1638 1289 1721 1348; x_wconf 86' lang='grc' dir='ltr'><strong>Φ.</strong></span> <span class='ocrx_word' id='word_1_65' title='bbox 1766 1286 1971 1367; x_wconf 80' lang='grc' dir='ltr'><strong>εἴρηκεν</strong></span> <span class='ocrx_word' id='word_1_66' title='bbox 2049 1342 2058 1349; x_wconf 86' lang='grc'><strong>,</strong></span> 
     </span>
    </p>
   </div>
   <div class='ocr_carea' id='block_1_5' title="bbox 403 1378 550 1437">
    <p class='ocr_par' dir='ltr' id='par_1_10' title="bbox 403 1378 550 1437">
     <span class='ocr_line' id='line_1_11' title="bbox 403 1378 550 1437; baseline 0.007 -1"><span class='ocrx_word' id='word_1_67' title='bbox 403 1378 457 1436; x_wconf 78' lang='grc' dir='ltr'><strong>ἒν</strong></span> <span class='ocrx_word' id='word_1_68' title='bbox 484 1380 550 1437; x_wconf 80' lang='grc' dir='ltr'><strong>Δ.</strong></span> 
     </span>
    </p>
   </div>
   <div class='ocr_carea' id='block_1_6' title="bbox 1141 1475 1233 1511">
    <p class='ocr_par' dir='ltr' id='par_1_11' title="bbox 1141 1475 1233 1511">
     <span class='ocr_line' id='line_1_12' title="bbox 1141 1475 1233 1511; baseline 0 0"><span class='ocrx_word' id='word_1_69' title='bbox 1141 1475 1233 1511; x_wconf 86' lang='lat'><strong>11.</strong></span> 
     </span>
    </p>
   </div>
   <div class='ocr_carea' id='block_1_7' title="bbox 402 1562 1976 2269">
    <p class='ocr_par' dir='ltr' id='par_1_12' title="bbox 402 1562 1976 2269">
     <span class='ocr_line' id='line_1_13' title="bbox 482 1562 1968 1646; baseline -0.003 -19"><span class='ocrx_word' id='word_1_70' title='bbox 482 1570 862 1627; x_wconf 80' lang='lat' dir='ltr'><strong>Antiatticista</strong></span> <span class='ocrx_word' id='word_1_71' title='bbox 898 1589 959 1646; x_wconf 90' lang='lat' dir='ltr'><strong>p.</strong></span> <span class='ocrx_word' id='word_1_72' title='bbox 988 1587 1091 1643; x_wconf 86' lang='lat'><strong>99,</strong></span> <span class='ocrx_word' id='word_1_73' title='bbox 1132 1568 1232 1642; x_wconf 79' lang='lat'><strong>23,</strong></span> <span class='ocrx_word' id='word_1_74' title='bbox 1263 1562 1508 1637; x_wconf 79' lang='grc' dir='ltr'><strong>Θησίω</strong></span> <span class='ocrx_word' id='word_1_75' title='bbox 1542 1586 1555 1621; x_wconf 91' lang='lat'>:</span> <span class='ocrx_word' id='word_1_76' title='bbox 1608 1563 1727 1622; x_wconf 78' lang='grc' dir='ltr'><strong>ἀντὶ</strong></span> <span class='ocrx_word' id='word_1_77' title='bbox 1749 1568 1842 1624; x_wconf 74' lang='grc' dir='ltr'><strong>τοῦ</strong></span> <span class='ocrx_word' id='word_1_78' title='bbox 1870 1568 1968 1637; x_wconf 82' lang='grc' dir='ltr'><strong>θη-</strong></span> 
     </span>
     <span class='ocr_line' id='line_1_14' title="bbox 404 1660 1966 1743; baseline -0.001 -21"><span class='ocrx_word' id='word_1_79' title='bbox 404 1662 547 1723; x_wconf 82' lang='grc' dir='ltr'><strong>σείω.</strong></span> <span class='ocrx_word' id='word_1_80' title='bbox 592 1665 672 1724; x_wconf 84' lang='grc' dir='ltr'><strong>Φ.</strong></span> <span class='ocrx_word' id='word_1_81' title='bbox 719 1668 787 1725; x_wconf 87' lang='grc' dir='ltr'><strong>Δ.</strong></span> <span class='ocrx_word' id='word_1_82' title='bbox 840 1690 865 1716; x_wconf 71' lang='grc' dir='ltr'><strong>α</strong></span> <span class='ocrx_word' id='word_1_83' title='bbox 899 1665 1209 1739; x_wconf 86' lang='lat' dir='ltr'><strong>Compares</strong></span> <span class='ocrx_word' id='word_1_84' title='bbox 1248 1664 1609 1721; x_wconf 81' lang='lat' dir='ltr'><strong>homericum</strong></span> <span class='ocrx_word' id='word_1_85' title='bbox 1651 1660 1757 1721; x_wconf 77' lang='grc' dir='ltr'><strong>κέω</strong></span> <span class='ocrx_word' id='word_1_86' title='bbox 1801 1660 1966 1743; x_wconf 82' lang='grc' dir='ltr'><strong>(κέων</strong></span> 
     </span>
     <span class='ocr_line' id='line_1_15' title="bbox 402 1749 1976 1829; baseline -0.002 -18"><span class='ocrx_word' id='word_1_87' title='bbox 402 1756 601 1828; x_wconf 78' lang='lat' dir='ltr'><strong>Odyss-</strong></span> <span class='ocrx_word' id='word_1_88' title='bbox 637 1774 691 1826; x_wconf 90' lang='lat'><strong>7,</strong></span> <span class='ocrx_word' id='word_1_89' title='bbox 736 1751 884 1829; x_wconf 74' lang='lat'>34²)</span> <span class='ocrx_word' id='word_1_90' title='bbox 928 1772 1036 1827; x_wconf 92' lang='lat' dir='ltr'><strong>pro</strong></span> <span class='ocrx_word' id='word_1_91' title='bbox 1061 1749 1223 1827; x_wconf 74' lang='grc' dir='ltr'><strong>κείω,</strong></span> <span class='ocrx_word' id='word_1_92' title='bbox 1266 1764 1325 1809; x_wconf 91' lang='lat' dir='ltr'><strong>et</strong></span> <span class='ocrx_word' id='word_1_93' title='bbox 1352 1752 1513 1827; x_wconf 87' lang='lat' dir='ltr'><strong>quod</strong></span> <span class='ocrx_word' id='word_1_94' title='bbox 1539 1753 1809 1827; x_wconf 84' lang='lat' dir='ltr'><strong>Sophron</strong></span> <span class='ocrx_word' id='word_1_95' title='bbox 1829 1753 1976 1809; x_wconf 81' lang='lat' dir='ltr'>dixit</span> 
     </span>
     <span class='ocr_line' id='line_1_16' title="bbox 404 1841 1972 1918; baseline 0.001 -20"><span class='ocrx_word' id='word_1_96' title='bbox 404 1842 563 1917; x_wconf 87' lang='lat' dir='ltr'><strong>apud</strong></span> <span class='ocrx_word' id='word_1_97' title='bbox 604 1844 978 1918; x_wconf 86' lang='lat' dir='ltr'><strong>Apollonium</strong></span> <span class='ocrx_word' id='word_1_98' title='bbox 1006 1844 1093 1898; x_wconf 91' lang='lat' dir='ltr'><strong>De</strong></span> <span class='ocrx_word' id='word_1_99' title='bbox 1136 1858 1309 1916; x_wconf 88' lang='lat' dir='ltr'><strong>pron.</strong></span> <span class='ocrx_word' id='word_1_100' title='bbox 1350 1860 1412 1915; x_wconf 88' lang='lat' dir='ltr'><strong>p.</strong></span> <span class='ocrx_word' id='word_1_101' title='bbox 1458 1841 1611 1914; x_wconf 80' lang='lat'><strong>323,</strong></span> <span class='ocrx_word' id='word_1_102' title='bbox 1640 1852 1699 1897; x_wconf 91' lang='lat' dir='ltr'><strong>et</strong></span> <span class='ocrx_word' id='word_1_103' title='bbox 1734 1860 1972 1916; x_wconf 87' lang='lat' dir='ltr'><strong>gramm.</strong></span> 
     </span>
     <span class='ocr_line' id='line_1_17' title="bbox 404 1924 1976 2005; baseline -0.002 -17"><span class='ocrx_word' id='word_1_104' title='bbox 404 1932 653 1988; x_wconf 82' lang='lat' dir='ltr'><strong>Crameri</strong></span> <span class='ocrx_word' id='word_1_105' title='bbox 676 1930 893 1989; x_wconf 80' lang='lat' dir='ltr'><strong>Anecd.</strong></span> <span class='ocrx_word' id='word_1_106' title='bbox 919 1931 1028 1986; x_wconf 88' lang='lat' dir='ltr'><strong>Ox.</strong></span> <span class='ocrx_word' id='word_1_107' title='bbox 1050 1934 1184 2004; x_wconf 75' lang='lat' dir='ltr'><strong>4,p.</strong></span> <span class='ocrx_word' id='word_1_108' title='bbox 1206 1934 1237 1995; x_wconf 76' lang='grc'><strong>4</strong></span> <span class='ocrx_word' id='word_1_109' title='bbox 1252 1927 1319 1984; x_wconf 89' lang='grc' dir='ltr'><strong>ι3</strong></span> <span class='ocrx_word' id='word_1_110' title='bbox 1347 1948 1360 1984; x_wconf 90' lang='lat'><strong>:</strong></span> <span class='ocrx_word' id='word_1_111' title='bbox 1388 1924 1521 2005; x_wconf 77' lang='grc' dir='ltr'><strong>ἐγὼν</strong></span> <span class='ocrx_word' id='word_1_112' title='bbox 1544 1926 1601 1985; x_wconf 78' lang='grc' dir='ltr'><strong>δέ</strong></span> <span class='ocrx_word' id='word_1_113' title='bbox 1612 1950 1670 1985; x_wconf 90' lang='grc' dir='ltr'><strong>τε</strong></span> <span class='ocrx_word' id='word_1_114' title='bbox 1686 1926 1778 1985; x_wconf 78' lang='grc' dir='ltr'><strong>καὶ</strong></span> <span class='ocrx_word' id='word_1_115' title='bbox 1804 1925 1976 1985; x_wconf 80' lang='grc' dir='ltr'><strong>πάλαι</strong></span> 
     </span>
     <span class='ocr_line' id='line_1_18' title="bbox 403 2012 1976 2098; baseline -0.003 -23"><span class='ocrx_word' id='word_1_116' title='bbox 403 2015 573 2098; x_wconf 74' lang='grc' dir='ltr'><strong>ὥψιον</strong></span> <span class='ocrx_word' id='word_1_117' title='bbox 593 2061 611 2089; x_wconf 89' lang='grc'><strong>,</strong></span> <span class='ocrx_word' id='word_1_118' title='bbox 636 2018 708 2074; x_wconf 81' lang='lat' dir='ltr'><strong>ab</strong></span> <span class='ocrx_word' id='word_1_119' title='bbox 739 2015 883 2096; x_wconf 83' lang='grc' dir='ltr'><strong>ὀψέω</strong></span> <span class='ocrx_word' id='word_1_120' title='bbox 910 2035 1019 2092; x_wconf 90' lang='lat' dir='ltr'><strong>pro</strong></span> <span class='ocrx_word' id='word_1_121' title='bbox 1050 2013 1234 2095; x_wconf 86' lang='grc' dir='ltr'><strong>ὀψείω.</strong></span> <span class='ocrx_word' id='word_1_122' title='bbox 1268 2018 1453 2072; x_wconf 87' lang='lat' dir='ltr'><strong>Etiam</strong></span> <span class='ocrx_word' id='word_1_123' title='bbox 1480 2017 1625 2073; x_wconf 88' lang='lat' dir='ltr'><strong>illud</strong></span> <span class='ocrx_word' id='word_1_124' title='bbox 1654 2012 1826 2086; x_wconf 77' lang='grc' dir='ltr'><strong>θησέω</strong></span> <span class='ocrx_word' id='word_1_125' title='bbox 1855 2018 1976 2073; x_wconf 56' lang='lat' dir='ltr'><strong>forb</strong></span> 
     </span>
     <span class='ocr_line' id='line_1_19' title="bbox 406 2106 1971 2182; baseline -0.002 -18"><span class='ocrx_word' id='word_1_126' title='bbox 406 2120 548 2163; x_wconf 86' lang='lat' dir='ltr'><strong>tasse</strong></span> <span class='ocrx_word' id='word_1_127' title='bbox 572 2126 643 2163; x_wconf 88' lang='lat' dir='ltr'><strong>ex</strong></span> <span class='ocrx_word' id='word_1_128' title='bbox 664 2124 730 2163; x_wconf 84' lang='lat' dir='ltr'><strong>ea</strong></span> <span class='ocrx_word' id='word_1_129' title='bbox 757 2116 921 2182; x_wconf 85' lang='lat' dir='ltr'><strong>parte</strong></span> <span class='ocrx_word' id='word_1_130' title='bbox 950 2106 1160 2161; x_wconf 75' lang='lat' dir='ltr'><strong>fabulae</strong></span> <span class='ocrx_word' id='word_1_131' title='bbox 1196 2106 1441 2179; x_wconf 88' lang='lat' dir='ltr'><strong>petitum</strong></span> <span class='ocrx_word' id='word_1_132' title='bbox 1470 2116 1581 2175; x_wconf 89' lang='lat' dir='ltr'><strong>est,</strong></span> <span class='ocrx_word' id='word_1_133' title='bbox 1608 2106 1710 2161; x_wconf 89' lang='lat' dir='ltr'><strong>ubi</strong></span> <span class='ocrx_word' id='word_1_134' title='bbox 1731 2106 1971 2161; x_wconf 89' lang='lat' dir='ltr'><strong>Dorien-</strong></span> 
     </span>
     <span class='ocr_line' id='line_1_20' title="bbox 406 2193 1638 2269; baseline -0.002 -18"><span class='ocrx_word' id='word_1_135' title='bbox 406 2214 522 2251; x_wconf 88' lang='lat' dir='ltr'><strong>sem</strong></span> <span class='ocrx_word' id='word_1_136' title='bbox 546 2196 835 2251; x_wconf 81' lang='lat' dir='ltr'><strong>hominem</strong></span> <span class='ocrx_word' id='word_1_137' title='bbox 858 2205 1032 2269; x_wconf 87' lang='lat' dir='ltr'><strong>poeta</strong></span> <span class='ocrx_word' id='word_1_138' title='bbox 1052 2193 1375 2251; x_wconf 81' lang='lat' dir='ltr'><strong>induxerat.</strong></span> <span class='ocrx_word' id='word_1_139' title='bbox 1408 2217 1433 2244; x_wconf 70' lang='lat' dir='ltr'>n</span> <span class='ocrx_word' id='word_1_140' title='bbox 1470 2195 1521 2249; x_wconf 85' lang='grc' dir='ltr'><em>Ε</em></span> <span class='ocrx_word' id='word_1_141' title='bbox 1545 2194 1638 2249; x_wconf 84' lang='grc' dir='ltr'><strong>Μ.</strong></span> 
     </span>
    </p>
   </div>
   <div class='ocr_carea' id='block_1_8' title="bbox 1142 2326 1237 2364">
    <p class='ocr_par' dir='ltr' id='par_1_13' title="bbox 1142 2326 1237 2364">
     <span class='ocr_line' id='line_1_21' title="bbox 1142 2326 1237 2364; baseline 0 0"><span class='ocrx_word' id='word_1_142' title='bbox 1142 2326 1237 2364; x_wconf 81' lang='lat'><strong>12.</strong></span> 
     </span>
    </p>
   </div>
   <div class='ocr_carea' id='block_1_9' title="bbox 408 2418 1978 2745">
    <p class='ocr_par' dir='ltr' id='par_1_14' title="bbox 408 2418 1978 2745">
     <span class='ocr_line' id='line_1_22' title="bbox 490 2418 1976 2497; baseline -0.002 -18"><span class='ocrx_word' id='word_1_143' title='bbox 490 2422 653 2479; x_wconf 83' lang='lat' dir='ltr'>Idem</span> <span class='ocrx_word' id='word_1_144' title='bbox 672 2440 735 2497; x_wconf 93' lang='grc' dir='ltr'><strong>Ρ.</strong></span> <span class='ocrx_word' id='word_1_145' title='bbox 778 2422 910 2493; x_wconf 75' lang='grc'><strong>113,</strong></span> <span class='ocrx_word' id='word_1_146' title='bbox 936 2418 997 2493; x_wconf 88' lang='grc'><strong>5,</strong></span> <span class='ocrx_word' id='word_1_147' title='bbox 1028 2419 1328 2490; x_wconf 75' lang='grc' dir='ltr'><strong>Ῥαὸδίζειν</strong></span> <span class='ocrx_word' id='word_1_148' title='bbox 1354 2438 1371 2481; x_wconf 73' lang='lat' dir='ltr'><strong>t</strong></span> <span class='ocrx_word' id='word_1_149' title='bbox 1400 2421 1479 2480; x_wconf 83' lang='grc' dir='ltr'><strong>Φ.</strong></span> <span class='ocrx_word' id='word_1_150' title='bbox 1518 2423 1586 2479; x_wconf 88' lang='grc' dir='ltr'><strong>Δ.</strong></span> <span class='ocrx_word' id='word_1_151' title='bbox 1629 2444 1654 2471; x_wconf 73' lang='grc' dir='ltr'><strong>α</strong></span> <span class='ocrx_word' id='word_1_152' title='bbox 1684 2419 1976 2491; x_wconf 70' lang='lat' dir='ltr'><strong>Similiter,</strong></span> 
     </span>
     <span class='ocr_line' id='line_1_23' title="bbox 408 2502 1978 2587; baseline -0.001 -22"><span class='ocrx_word' id='word_1_153' title='bbox 408 2520 473 2565; x_wconf 92' lang='lat' dir='ltr'><strong>ut</strong></span> <span class='ocrx_word' id='word_1_154' title='bbox 496 2520 684 2584; x_wconf 86' lang='lat' dir='ltr'><strong>putes,</strong></span> <span class='ocrx_word' id='word_1_155' title='bbox 718 2528 784 2565; x_wconf 87' lang='lat' dir='ltr'><strong>ac</strong></span> <span class='ocrx_word' id='word_1_156' title='bbox 826 2502 1090 2586; x_wconf 73' lang='grc' dir='ltr'><strong>ραὅδίζειν</strong></span> <span class='ocrx_word' id='word_1_157' title='bbox 1128 2520 1187 2565; x_wconf 86' lang='lat' dir='ltr'><strong>et</strong></span> <span class='ocrx_word' id='word_1_158' title='bbox 1214 2506 1537 2587; x_wconf 72' lang='grc' dir='ltr'><strong>Ξκραὸδίζειν</strong></span> <span class='ocrx_word' id='word_1_159' title='bbox 1576 2508 1722 2565; x_wconf 84' lang='lat' dir='ltr'>dixit</span> <span class='ocrx_word' id='word_1_160' title='bbox 1755 2510 1978 2564; x_wconf 82' lang='lat' dir='ltr'><strong>Aristo-</strong></span> 
     </span>
     <span class='ocr_line' id='line_1_24' title="bbox 410 2595 1978 2673; baseline 0 -20"><span class='ocrx_word' id='word_1_161' title='bbox 410 2600 627 2673; x_wconf 81' lang='lat' dir='ltr'><strong>phanes</strong></span> <span class='ocrx_word' id='word_1_162' title='bbox 652 2600 783 2671; x_wconf 77' lang='lat' dir='ltr'><strong>Lys.</strong></span> <span class='ocrx_word' id='word_1_163' title='bbox 826 2596 940 2668; x_wconf 81' lang='lat'><strong>575</strong></span> <span class='ocrx_word' id='word_1_164' title='bbox 985 2608 1044 2653; x_wconf 90' lang='lat' dir='ltr'><strong>et</strong></span> <span class='ocrx_word' id='word_1_165' title='bbox 1090 2595 1203 2669; x_wconf 82' lang='lat'><strong>587</strong></span> <span class='ocrx_word' id='word_1_166' title='bbox 1220 2638 1239 2668; x_wconf 92' lang='lat'>,</span> <span class='ocrx_word' id='word_1_167' title='bbox 1275 2598 1549 2671; x_wconf 88' lang='lat' dir='ltr'><strong>quoniam</strong></span> <span class='ocrx_word' id='word_1_168' title='bbox 1591 2598 1675 2654; x_wconf 87' lang='lat' dir='ltr'><strong>rei</strong></span> <span class='ocrx_word' id='word_1_169' title='bbox 1722 2598 1978 2655; x_wconf 79' lang='lat' dir='ltr'><strong>textoriae</strong></span> 
     </span>
     <span class='ocr_line' id='line_1_25' title="bbox 408 2685 1814 2745; baseline 0 -4"><span class='ocrx_word' id='word_1_170' title='bbox 408 2688 585 2741; x_wconf 82' lang='lat' dir='ltr'><strong>multa</strong></span> <span class='ocrx_word' id='word_1_171' title='bbox 610 2687 891 2743; x_wconf 85' lang='lat' dir='ltr'><strong>memoria</strong></span> <span class='ocrx_word' id='word_1_172' title='bbox 922 2686 1033 2741; x_wconf 79' lang='lat' dir='ltr'><strong>fuit</strong></span> <span class='ocrx_word' id='word_1_173' title='bbox 1058 2686 1119 2741; x_wconf 91' lang='lat' dir='ltr'><strong>in</strong></span> <span class='ocrx_word' id='word_1_174' title='bbox 1144 2686 1258 2741; x_wconf 84' lang='lat' dir='ltr'><strong>hoc</strong></span> <span class='ocrx_word' id='word_1_175' title='bbox 1283 2685 1556 2745; x_wconf 83' lang='lat' dir='ltr'><strong>dramate.</strong></span> <span class='ocrx_word' id='word_1_176' title='bbox 1589 2710 1613 2736; x_wconf 72' lang='lat' dir='ltr'>n</span> <span class='ocrx_word' id='word_1_177' title='bbox 1644 2686 1696 2740; x_wconf 84' lang='lat' dir='ltr'><em>E</em></span> <span class='ocrx_word' id='word_1_178' title='bbox 1726 2686 1814 2741; x_wconf 84' lang='lat' dir='ltr'><strong>M.</strong></span> 
     </span>
    </p>
   </div>
   <div class='ocr_carea' id='block_1_10' title="bbox 488 2800 1759 3020">
    <p class='ocr_par' dir='ltr' id='par_1_15' title="bbox 488 2800 1759 3020">
     <span class='ocr_line' id='line_1_26' title="bbox 488 2800 1736 2877; baseline 0.002 -19"><span class='ocrx_word' id='word_1_179' title='bbox 488 2801 650 2860; x_wconf 84' lang='lat' dir='ltr'><strong>Adde</strong></span> <span class='ocrx_word' id='word_1_180' title='bbox 684 2800 1005 2858; x_wconf 74' lang='lat' dir='ltr'><strong>fabularum</strong></span> <span class='ocrx_word' id='word_1_181' title='bbox 1026 2803 1374 2857; x_wconf 80' lang='lat' dir='ltr'><strong>incertarum</strong></span> <span class='ocrx_word' id='word_1_182' title='bbox 1396 2801 1601 2877; x_wconf 80' lang='lat' dir='ltr'><strong>fragm.</strong></span> <span class='ocrx_word' id='word_1_183' title='bbox 1642 2800 1736 2860; x_wconf 82' lang='lat'><strong>18.</strong></span> 
     </span>
     <span class='ocr_line' id='line_1_27' title="bbox 618 2943 1759 3020; baseline -0.004 -14"><span class='ocrx_word' id='word_1_184' title='bbox 618 2945 725 3008; x_wconf 83' lang='lat' dir='ltr'><strong>Vl.</strong></span> <span class='ocrx_word' id='word_1_185' title='bbox 770 2943 1327 3020; x_wconf 66' lang='lat' dir='ltr'><strong>EnlAflzMnNfl</strong></span> <span class='ocrx_word' id='word_1_186' title='bbox 1368 2944 1759 3006; x_wconf 78' lang='grc' dir='ltr'><strong>ΘΑΛΔΤΤΑ.</strong></span> 
     </span>
    </p>
   </div>
   <div class='ocr_carea' id='block_1_11' title="bbox 1167 3102 1219 3141">
    <p class='ocr_par' dir='ltr' id='par_1_16' title="bbox 1167 3102 1219 3141">
     <span class='ocr_line' id='line_1_28' title="bbox 1167 3102 1219 3141; baseline 0.019 -1"><span class='ocrx_word' id='word_1_187' title='bbox 1167 3102 1219 3141; x_wconf 81' lang='lat'><strong>1.</strong></span> 
     </span>
    </p>
   </div>
   <div class='ocr_carea' id='block_1_12' title="bbox 408 3198 1979 3370">
    <p class='ocr_par' dir='ltr' id='par_1_17' title="bbox 408 3198 1979 3370">
     <span class='ocr_line' id='line_1_29' title="bbox 488 3198 1977 3283; baseline 0.001 -21"><span class='ocrx_word' id='word_1_188' title='bbox 488 3205 698 3263; x_wconf 81' lang='lat' dir='ltr'><strong>Athen.</strong></span> <span class='ocrx_word' id='word_1_189' title='bbox 728 3203 791 3280; x_wconf 85' lang='lat'><strong>3,</strong></span> <span class='ocrx_word' id='word_1_190' title='bbox 831 3223 890 3279; x_wconf 89' lang='lat' dir='ltr'><strong>p.</strong></span> <span class='ocrx_word' id='word_1_191' title='bbox 925 3223 1057 3275; x_wconf 85' lang='lat'>111,</span> <span class='ocrx_word' id='word_1_192' title='bbox 1094 3206 1139 3260; x_wconf 88' lang='grc' dir='ltr'><strong>Β</strong></span> <span class='ocrx_word' id='word_1_193' title='bbox 1176 3222 1193 3264; x_wconf 89' lang='lat'>:</span> <span class='ocrx_word' id='word_1_194' title='bbox 1236 3205 1265 3262; x_wconf 78' lang='grc' dir='ltr'>ὁ</span> <span class='ocrx_word' id='word_1_195' title='bbox 1306 3199 1363 3260; x_wconf 68' lang='grc' dir='ltr'><strong>δὲ</strong></span> <span class='ocrx_word' id='word_1_196' title='bbox 1397 3198 1608 3266; x_wconf 62' lang='lat' dir='ltr'><strong>desua&lt;</strong></span> <span class='ocrx_word' id='word_1_197' title='bbox 1647 3199 1801 3282; x_wconf 75' lang='grc' dir='ltr'><strong>ἄρτος</strong></span> <span class='ocrx_word' id='word_1_198' title='bbox 1828 3202 1977 3283; x_wconf 85' lang='lat' dir='ltr'><strong>(hoe</strong></span> 
     </span>
     <span class='ocr_line' id='line_1_30' title="bbox 408 3285 1979 3370; baseline 0.001 -22"><span class='ocrx_word' id='word_1_199' title='bbox 408 3289 611 3364; x_wconf 84' lang='lat' dir='ltr'><strong>deleo)</strong></span> <span class='ocrx_word' id='word_1_200' title='bbox 644 3287 899 3362; x_wconf 77' lang='grc' dir='ltr'><strong>κέκληται</strong></span> <span class='ocrx_word' id='word_1_201' title='bbox 925 3288 1045 3361; x_wconf 85' lang='grc' dir='ltr'><strong>ἤτοι</strong></span> <span class='ocrx_word' id='word_1_202' title='bbox 1071 3287 1153 3348; x_wconf 75' lang='grc' dir='ltr'><strong>ὅτι</strong></span> <span class='ocrx_word' id='word_1_203' title='bbox 1188 3288 1383 3350; x_wconf 77' lang='grc' dir='ltr'><strong>66ολοῧ</strong></span> <span class='ocrx_word' id='word_1_204' title='bbox 1410 3285 1763 3370; x_wconf 72' lang='grc' dir='ltr'><strong>πιπράσκεται</strong></span> <span class='ocrx_word' id='word_1_205' title='bbox 1781 3338 1797 3367; x_wconf 90' lang='grc'><strong>,</strong></span> <span class='ocrx_word' id='word_1_206' title='bbox 1826 3294 1897 3361; x_wconf 75' lang='grc' dir='ltr'><strong>ὣς</strong></span> <span class='ocrx_word' id='word_1_207' title='bbox 1926 3294 1979 3354; x_wconf 70' lang='grc' dir='ltr'><strong>ἰν</strong></span> 
     </span>
    </p>
   </div>
   <div class='ocr_carea' id='block_1_13' title="bbox 408 3376 1978 3545">
    <p class='ocr_par' dir='ltr' id='par_1_18' title="bbox 408 3376 1978 3545">
     <span class='ocr_line' id='line_1_31' title="bbox 408 3376 1978 3540; baseline 0.003 -102"><span class='ocrx_word' id='word_1_208' title='bbox 408 3377 795 3540; x_wconf 48' lang='grc' dir='ltr'><strong>’λΑήλεξανδριίἪ</strong></span> <span class='ocrx_word' id='word_1_209' title='bbox 835 3376 873 3452; x_wconf 76' lang='grc' dir='ltr'>ἢ</span> <span class='ocrx_word' id='word_1_210' title='bbox 916 3376 1002 3440; x_wconf 77' lang='grc' dir='ltr'><strong>ὅτι</strong></span> <span class='ocrx_word' id='word_1_211' title='bbox 1032 3380 1086 3440; x_wconf 75' lang='grc' dir='ltr'><strong>ἐν</strong></span> <span class='ocrx_word' id='word_1_212' title='bbox 1130 3377 1420 3448; x_wconf 78' lang='grc' dir='ltr'><strong>ὄὸελίσκοις</strong></span> <span class='ocrx_word' id='word_1_213' title='bbox 1444 3381 1681 3442; x_wconf 73' lang='grc' dir='ltr'><strong>ὠπτᾶτο.</strong></span> <span class='ocrx_word' id='word_1_214' title='bbox 1712 3383 1791 3442; x_wconf 88' lang='grc' dir='ltr'><strong>Φ.</strong></span> <span class='ocrx_word' id='word_1_215' title='bbox 1825 3383 1978 3446; x_wconf 82' lang='grc' dir='ltr'><strong>Ἐπι-</strong></span> 
     </span>
     <span class='ocr_line' id='line_1_32' title="bbox 485 3487 659 3545; baseline -0.006 -21"><span class='ocrx_word' id='word_1_216' title='bbox 485 3487 659 3545; x_wconf 84' lang='grc' dir='ltr'><strong>σμονι·</strong></span> 
     </span>
    </p>
   </div>
   <div class='ocr_carea' id='block_1_14' title="bbox 505 3578 1976 3680">
    <p class='ocr_par' dir='ltr' id='par_1_19' title="bbox 505 3578 1976 3680">
     <span class='ocr_line' id='line_1_33' title="bbox 505 3578 1976 3680; baseline 0.003 -29"><span class='ocrx_word' id='word_1_217' title='bbox 505 3579 684 3652; x_wconf 61' lang='lat' dir='ltr'><strong>m&amp;</strong></span> <span class='ocrx_word' id='word_1_218' title='bbox 701 3579 957 3653; x_wconf 73' lang='grc' dir='ltr'><strong>ὀὸελιῶν</strong></span> <span class='ocrx_word' id='word_1_219' title='bbox 978 3578 1249 3671; x_wconf 75' lang='grc' dir='ltr'><strong>σποδεῖν,</strong></span> <span class='ocrx_word' id='word_1_220' title='bbox 1272 3581 1453 3678; x_wconf 76' lang='grc' dir='ltr'><strong>ἄρτον</strong></span> <span class='ocrx_word' id='word_1_221' title='bbox 1467 3580 1535 3654; x_wconf 80' lang='grc' dir='ltr'><strong>δὲ</strong></span> <span class='ocrx_word' id='word_1_222' title='bbox 1548 3589 1632 3680; x_wconf 71' lang='grc' dir='ltr'><strong>μὴ</strong></span> <span class='ocrx_word' id='word_1_223' title='bbox 1648 3592 1976 3680; x_wconf 77' lang='grc' dir='ltr'><strong>προτιμᾶν.</strong></span> 
     </span>
    </p>
   </div>
   <div class='ocr_carea' id='block_1_15' title="bbox 407 3712 1984 4584">
    <p class='ocr_par' dir='ltr' id='par_1_20' title="bbox 407 3712 1984 4584">
     <span class='ocr_line' id='line_1_34' title="bbox 407 3712 1979 3795; baseline 0.003 -25"><span class='ocrx_word' id='word_1_224' title='bbox 407 3712 581 3788; x_wconf 81' lang='lat' dir='ltr'><strong>Apud</strong></span> <span class='ocrx_word' id='word_1_225' title='bbox 608 3715 936 3773; x_wconf 69' lang='lat' dir='ltr'><strong>Athenaeum</strong></span> <span class='ocrx_word' id='word_1_226' title='bbox 964 3727 1219 3790; x_wconf 84' lang='lat' dir='ltr'><strong>suspecta</strong></span> <span class='ocrx_word' id='word_1_227' title='bbox 1236 3727 1321 3772; x_wconf 89' lang='lat' dir='ltr'><strong>est</strong></span> <span class='ocrx_word' id='word_1_228' title='bbox 1340 3735 1454 3774; x_wconf 84' lang='lat' dir='ltr'><strong>vox</strong></span> <span class='ocrx_word' id='word_1_229' title='bbox 1474 3715 1628 3795; x_wconf 78' lang='grc' dir='ltr'><strong>ἄρτος</strong></span> <span class='ocrx_word' id='word_1_230' title='bbox 1652 3728 1979 3794; x_wconf 82' lang='lat' dir='ltr'><strong>propterea,</strong></span> 
     </span>
     <span class='ocr_line' id='line_1_35' title="bbox 410 3798 1983 3882; baseline 0.004 -28"><span class='ocrx_word' id='word_1_231' title='bbox 410 3801 553 3874; x_wconf 81' lang='lat' dir='ltr'><strong>quia</strong></span> <span class='ocrx_word' id='word_1_232' title='bbox 597 3802 763 3859; x_wconf 85' lang='lat' dir='ltr'><strong>Pher.</strong></span> <span class='ocrx_word' id='word_1_233' title='bbox 810 3798 1020 3867; x_wconf 78' lang='grc' dir='ltr'><strong>ὀὸελίας</strong></span> <span class='ocrx_word' id='word_1_234' title='bbox 1068 3804 1313 3878; x_wconf 90' lang='lat' dir='ltr'><strong>opponit</strong></span> <span class='ocrx_word' id='word_1_235' title='bbox 1360 3801 1537 3882; x_wconf 78' lang='grc' dir='ltr'><strong>ἄρτῳ,</strong></span> <span class='ocrx_word' id='word_1_236' title='bbox 1584 3805 1641 3860; x_wconf 84' lang='lat' dir='ltr'><strong>h.</strong></span> <span class='ocrx_word' id='word_1_237' title='bbox 1686 3823 1739 3864; x_wconf 87' lang='lat' dir='ltr'><strong>e.</strong></span> <span class='ocrx_word' id='word_1_238' title='bbox 1791 3806 1983 3862; x_wconf 75' lang='lat' dir='ltr'><strong>verbis</strong></span> 
     </span>
     <span class='ocr_line' id='line_1_36' title="bbox 408 3889 1980 3971; baseline 0.004 -28"><span class='ocrx_word' id='word_1_239' title='bbox 408 3890 767 3962; x_wconf 82' lang='lat' dir='ltr'><strong>grammatici</strong></span> <span class='ocrx_word' id='word_1_240' title='bbox 811 3889 1157 3946; x_wconf 80' lang='lat' dir='ltr'><strong>Bachmann.</strong></span> <span class='ocrx_word' id='word_1_241' title='bbox 1190 3891 1408 3948; x_wconf 80' lang='lat' dir='ltr'><strong>Anecd.</strong></span> <span class='ocrx_word' id='word_1_242' title='bbox 1438 3910 1497 3963; x_wconf 71' lang='lat' dir='ltr'><strong>a,</strong></span> <span class='ocrx_word' id='word_1_243' title='bbox 1528 3912 1591 3968; x_wconf 91' lang='lat' dir='ltr'><strong>p.</strong></span> <span class='ocrx_word' id='word_1_244' title='bbox 1625 3890 1722 3963; x_wconf 84' lang='lat'><strong>30,</strong></span> <span class='ocrx_word' id='word_1_245' title='bbox 1750 3893 1818 3971; x_wconf 84' lang='grc' dir='ltr'><strong>τῇ</strong></span> <span class='ocrx_word' id='word_1_246' title='bbox 1859 3892 1980 3950; x_wconf 80' lang='grc' dir='ltr'><strong>ὁλο-</strong></span> 
     </span>
     <span class='ocr_line' id='line_1_37' title="bbox 412 3972 1978 4055; baseline 0.003 -24"><span class='ocrx_word' id='word_1_247' title='bbox 412 3972 593 4052; x_wconf 80' lang='grc' dir='ltr'>κλήρῳ</span> <span class='ocrx_word' id='word_1_248' title='bbox 616 3973 759 4054; x_wconf 75' lang='grc' dir='ltr'><strong>μάζῃ</strong></span> <span class='ocrx_word' id='word_1_249' title='bbox 775 4019 792 4048; x_wconf 84' lang='grc'><strong>,</strong></span> <span class='ocrx_word' id='word_1_250' title='bbox 817 3978 1037 4053; x_wconf 88' lang='lat' dir='ltr'><strong>potiori</strong></span> <span class='ocrx_word' id='word_1_251' title='bbox 1064 3978 1149 4033; x_wconf 89' lang='lat' dir='ltr'><strong>illi</strong></span> <span class='ocrx_word' id='word_1_252' title='bbox 1178 3977 1441 4053; x_wconf 83' lang='lat' dir='ltr'><strong>pluribus</strong></span> <span class='ocrx_word' id='word_1_253' title='bbox 1467 3977 1783 4054; x_wconf 83' lang='lat' dir='ltr'><strong>panicellis.</strong></span> <span class='ocrx_word' id='word_1_254' title='bbox 1817 3980 1978 4055; x_wconf 63' lang='lat' dir='ltr'><strong>Ath„</strong></span> 
     </span>
     <span class='ocr_line' id='line_1_38' title="bbox 412 4061 1978 4138; baseline 0.003 -20"><span class='ocrx_word' id='word_1_255' title='bbox 412 4063 644 4137; x_wconf 85' lang='lat' dir='ltr'><strong>opinor,</strong></span> <span class='ocrx_word' id='word_1_256' title='bbox 666 4082 844 4138; x_wconf 88' lang='lat' dir='ltr'><strong>perse</strong></span> <span class='ocrx_word' id='word_1_257' title='bbox 869 4064 1013 4121; x_wconf 83' lang='lat' dir='ltr'>dixit</span> <span class='ocrx_word' id='word_1_258' title='bbox 1032 4061 1266 4138; x_wconf 78' lang='grc' dir='ltr'><strong>ὀὸελίας,</strong></span> <span class='ocrx_word' id='word_1_259' title='bbox 1282 4065 1575 4122; x_wconf 88' lang='lat' dir='ltr'><strong>intellecto</strong></span> <span class='ocrx_word' id='word_1_260' title='bbox 1597 4065 1758 4130; x_wconf 86' lang='grc' dir='ltr'><strong>σῖτος.</strong></span> <span class='ocrx_word' id='word_1_261' title='bbox 1782 4066 1978 4122; x_wconf 85' lang='lat' dir='ltr'>Libri:</span> 
     </span>
     <span class='ocr_line' id='line_1_39' title="bbox 411 4137 1983 4230; baseline 0.003 -22"><span class='ocrx_word' id='word_1_262' title='bbox 411 4137 575 4208; x_wconf 74' lang='grc' dir='ltr'><strong>Ὧλεν</strong></span> <span class='ocrx_word' id='word_1_263' title='bbox 599 4148 810 4209; x_wconf 76' lang='grc' dir='ltr'><strong>ὀὸελίαν</strong></span> <span class='ocrx_word' id='word_1_264' title='bbox 832 4173 956 4223; x_wconf 90' lang='grc' dir='ltr'><strong>σπ.,</strong></span> <span class='ocrx_word' id='word_1_265' title='bbox 980 4171 1108 4227; x_wconf 78' lang='lat' dir='ltr'><strong>quae</strong></span> <span class='ocrx_word' id='word_1_266' title='bbox 1133 4171 1299 4210; x_wconf 85' lang='lat' dir='ltr'><strong>sensu</strong></span> <span class='ocrx_word' id='word_1_267' title='bbox 1328 4171 1485 4210; x_wconf 80' lang='lat' dir='ltr'><strong>cassa</strong></span> <span class='ocrx_word' id='word_1_268' title='bbox 1504 4162 1663 4224; x_wconf 84' lang='lat' dir='ltr'><strong>sunt;</strong></span> <span class='ocrx_word' id='word_1_269' title='bbox 1690 4153 1788 4210; x_wconf 85' lang='lat' dir='ltr'><strong>sed</strong></span> <span class='ocrx_word' id='word_1_270' title='bbox 1810 4157 1983 4230; x_wconf 83' lang='lat' dir='ltr'><strong>aptis-</strong></span> 
     </span>
     <span class='ocr_line' id='line_1_40' title="bbox 412 4237 1982 4317; baseline 0.004 -23"><span class='ocrx_word' id='word_1_271' title='bbox 412 4239 557 4295; x_wconf 87' lang='lat' dir='ltr'><strong>sima</strong></span> <span class='ocrx_word' id='word_1_272' title='bbox 580 4237 753 4298; x_wconf 73' lang='grc' dir='ltr'><strong>ὦλένα</strong></span> <span class='ocrx_word' id='word_1_273' title='bbox 782 4237 1000 4298; x_wconf 77' lang='grc' dir='ltr'><strong>ὀδελιιῗιν</strong></span> <span class='ocrx_word' id='word_1_274' title='bbox 1014 4283 1035 4312; x_wconf 88' lang='grc'><strong>,</strong></span> <span class='ocrx_word' id='word_1_275' title='bbox 1060 4242 1257 4298; x_wconf 84' lang='lat' dir='ltr'><strong>ulnam</strong></span> <span class='ocrx_word' id='word_1_276' title='bbox 1281 4241 1601 4299; x_wconf 87' lang='lat' dir='ltr'><strong>obeliarum</strong></span> <span class='ocrx_word' id='word_1_277' title='bbox 1629 4242 1747 4299; x_wconf 80' lang='lat' dir='ltr'><strong>sive</strong></span> <span class='ocrx_word' id='word_1_278' title='bbox 1764 4261 1982 4317; x_wconf 87' lang='lat' dir='ltr'><strong>panum</strong></span> 
     </span>
     <span class='ocr_line' id='line_1_41' title="bbox 414 4319 1980 4405; baseline 0.004 -21"><span class='ocrx_word' id='word_1_279' title='bbox 414 4327 592 4386; x_wconf 88' lang='lat' dir='ltr'><strong>obolo</strong></span> <span class='ocrx_word' id='word_1_280' title='bbox 621 4330 923 4387; x_wconf 83' lang='lat' dir='ltr'><strong>venalium.</strong></span> <span class='ocrx_word' id='word_1_281' title='bbox 970 4330 1285 4387; x_wconf 80' lang='lat' dir='ltr'><strong>Meinekius</strong></span> <span class='ocrx_word' id='word_1_282' title='bbox 1326 4349 1514 4405; x_wconf 84' lang='lat' dir='ltr'><strong>nuper</strong></span> <span class='ocrx_word' id='word_1_283' title='bbox 1561 4350 1576 4386; x_wconf 78' lang='lat' dir='ltr'>z</span> <span class='ocrx_word' id='word_1_284' title='bbox 1634 4355 1659 4381; x_wconf 71' lang='grc' dir='ltr'><strong>α</strong></span> <span class='ocrx_word' id='word_1_285' title='bbox 1692 4331 1807 4388; x_wconf 85' lang='lat' dir='ltr'><strong>Pro</strong></span> <span class='ocrx_word' id='word_1_286' title='bbox 1846 4319 1980 4390; x_wconf 69' lang='grc' dir='ltr'><strong>ὧλεν</strong></span> 
     </span>
     <span class='ocr_line' id='line_1_42' title="bbox 414 4415 1981 4498; baseline 0.003 -25"><span class='ocrx_word' id='word_1_287' title='bbox 414 4418 649 4477; x_wconf 82' lang='lat' dir='ltr'><strong>sortasse</strong></span> <span class='ocrx_word' id='word_1_288' title='bbox 664 4415 885 4498; x_wconf 75' lang='grc' dir='ltr'><strong>ὤφειλεν</strong></span> <span class='ocrx_word' id='word_1_289' title='bbox 906 4420 1020 4477; x_wconf 80' lang='lat' dir='ltr'><strong>sive</strong></span> <span class='ocrx_word' id='word_1_290' title='bbox 1046 4415 1239 4494; x_wconf 74' lang='grc' dir='ltr'><strong>ὤφειλέ</strong></span> <span class='ocrx_word' id='word_1_291' title='bbox 1261 4419 1311 4478; x_wconf 87' lang='grc' dir='ltr'><strong>σ’</strong></span> <span class='ocrx_word' id='word_1_292' title='bbox 1330 4416 1565 4479; x_wconf 78' lang='grc' dir='ltr'><strong>ὀὸελίαν.</strong></span> <span class='ocrx_word' id='word_1_293' title='bbox 1598 4419 1821 4480; x_wconf 84' lang='grc' dir='ltr'><strong>Σποδεῗν</strong></span> <span class='ocrx_word' id='word_1_294' title='bbox 1848 4419 1981 4498; x_wconf 87' lang='lat' dir='ltr'><strong>(co-</strong></span> 
     </span>
     <span class='ocr_line' id='line_1_43' title="bbox 416 4506 1984 4584; baseline 0.003 -23"><span class='ocrx_word' id='word_1_295' title='bbox 416 4506 527 4562; x_wconf 88' lang='lat' dir='ltr'><strong>dex</strong></span> <span class='ocrx_word' id='word_1_296' title='bbox 557 4518 682 4583; x_wconf 87' lang='lat' dir='ltr'><strong>opt.</strong></span> <span class='ocrx_word' id='word_1_297' title='bbox 714 4506 960 4584; x_wconf 86' lang='grc' dir='ltr'><strong>σποδιν),</strong></span> <span class='ocrx_word' id='word_1_298' title='bbox 988 4509 1269 4564; x_wconf 72' lang='lat' dir='ltr'><strong>devoram.</strong></span> <span class='ocrx_word' id='word_1_299' title='bbox 1297 4507 1561 4566; x_wconf 84' lang='lat' dir='ltr'><strong>Ceterum</strong></span> <span class='ocrx_word' id='word_1_300' title='bbox 1586 4509 1847 4566; x_wconf 79' lang='lat' dir='ltr'><strong>Thalassa</strong></span> <span class='ocrx_word' id='word_1_301' title='bbox 1874 4508 1984 4566; x_wconf 74' lang='lat' dir='ltr'><strong>fflit</strong></span> 
     </span>
    </p>
   </div>
   <div class='ocr_carea' id='block_1_16' title="bbox 418 4673 1984 5165">
    <p class='ocr_par' dir='ltr' id='par_1_21' title="bbox 418 4673 1984 5165">
     <span class='ocr_line' id='line_1_44' title="bbox 693 4673 1704 4734; baseline -0.001 -3"><span class='ocrx_word' id='word_1_302' title='bbox 693 4673 1121 4732; x_wconf 81' lang='lat' dir='ltr'><strong>OBlelosUs</strong></span> <span class='ocrx_word' id='word_1_303' title='bbox 1154 4674 1271 4732; x_wconf 79' lang='lat' dir='ltr'><strong>sivo</strong></span> <span class='ocrx_word' id='word_1_304' title='bbox 1304 4675 1704 4734; x_wconf 80' lang='lat' dir='ltr'><strong>THALASSA.</strong></span> 
     </span>
     <span class='ocr_line' id='line_1_45' title="bbox 418 4765 1984 4920; baseline 0.001 -20"><span class='ocrx_word' id='word_1_305' title='bbox 418 4845 469 4902; x_wconf 87' lang='lat' dir='ltr'><strong>U</strong></span> <span class='ocrx_word' id='word_1_306' title='bbox 476 4843 622 4902; x_wconf 78' lang='lat' dir='ltr'><strong>luam</strong></span> <span class='ocrx_word' id='word_1_307' title='bbox 649 4843 953 4904; x_wconf 84' lang='lat' dir='ltr'><strong>obeliorum</strong></span> <span class='ocrx_word' id='word_1_308' title='bbox 972 4765 1319 4916; x_wconf 46' lang='lat' dir='ltr'><strong>devorafsed</strong></span> <span class='ocrx_word' id='word_1_309' title='bbox 1343 4861 1539 4920; x_wconf 81' lang='lat' dir='ltr'><strong>panem</strong></span> <span class='ocrx_word' id='word_1_310' title='bbox 1562 4861 1633 4906; x_wconf 82' lang='lat' dir='ltr'><strong>ne</strong></span> <span class='ocrx_word' id='word_1_311' title='bbox 1650 4854 1984 4906; x_wconf 76' lang='lat' dir='ltr'><strong>contemnas.</strong></span> 
     </span>
     <span class='ocr_line' id='line_1_46' title="bbox 418 4939 1415 5078; baseline 0 -2"><span class='ocrx_word' id='word_1_312' title='bbox 418 5023 555 5076; x_wconf 86' lang='lat' dir='ltr'><strong>Cum</strong></span> <span class='ocrx_word' id='word_1_313' title='bbox 581 5020 693 5075; x_wconf 86' lang='lat' dir='ltr'><strong>tuis</strong></span> <span class='ocrx_word' id='word_1_314' title='bbox 710 5033 826 5076; x_wconf 86' lang='lat' dir='ltr'><strong>rem</strong></span> <span class='ocrx_word' id='word_1_315' title='bbox 856 5019 1064 5078; x_wconf 85' lang='lat' dir='ltr'><strong>habens</strong></span> <span class='ocrx_word' id='word_1_316' title='bbox 1090 4939 1415 5078; x_wconf 51' lang='lat' dir='ltr'><strong>eorzeinulis</strong></span> 
     </span>
     <span class='ocr_line' id='line_1_47' title="bbox 420 5106 781 5165; baseline 0.006 -2"><span class='ocrx_word' id='word_1_317' title='bbox 420 5125 483 5163; x_wconf 81' lang='lat' dir='ltr'><strong>ae</strong></span> <span class='ocrx_word' id='word_1_318' title='bbox 509 5106 781 5165; x_wconf 77' lang='lat' dir='ltr'><strong>maenuiis.</strong></span> 
     </span>
    </p>
   </div>
   <div class='ocr_carea' id='block_1_17' title="bbox 3737 47 3745 612">
    <p class='ocr_par' dir='ltr' id='par_1_22' title="bbox 3737 47 3745 612">
     <span class='ocr_line' id='line_1_48' title="bbox 3737 47 3745 612; baseline 0 0"><span class='ocrx_word' id='word_1_319' title='bbox 3737 47 3745 612; x_wconf 95' lang='lat' dir='ltr'><strong> </strong></span> 
     </span>
    </p>
   </div>
   <div class='ocr_carea' id='block_1_18' title="bbox 2063 536 3635 984">
    <p class='ocr_par' dir='ltr' id='par_1_23' title="bbox 2063 536 3635 984">
     <span class='ocr_line' id='line_1_49' title="bbox 2069 536 3635 611; baseline 0.003 -18"><span class='ocrx_word' id='word_1_320' title='bbox 2069 540 2368 608; x_wconf 85' lang='lat' dir='ltr'><strong>meretrix,</strong></span> <span class='ocrx_word' id='word_1_321' title='bbox 2407 556 2534 611; x_wconf 83' lang='lat' dir='ltr'><strong>quae</strong></span> <span class='ocrx_word' id='word_1_322' title='bbox 2567 538 2738 595; x_wconf 83' lang='lat' dir='ltr'><strong>etiam</strong></span> <span class='ocrx_word' id='word_1_323' title='bbox 2775 536 3023 593; x_wconf 79' lang='lat' dir='ltr'><strong>Diocleae</strong></span> <span class='ocrx_word' id='word_1_324' title='bbox 3053 536 3258 597; x_wconf 76' lang='lat' dir='ltr'><strong>fabulae</strong></span> <span class='ocrx_word' id='word_1_325' title='bbox 3289 557 3508 595; x_wconf 87' lang='lat' dir='ltr'><strong>nomen</strong></span> <span class='ocrx_word' id='word_1_326' title='bbox 3535 541 3635 597; x_wconf 84' lang='lat' dir='ltr'><strong>dc-</strong></span> 
     </span>
     <span class='ocr_line' id='line_1_50' title="bbox 2063 625 2358 685; baseline 0.02 -6"><span class='ocrx_word' id='word_1_327' title='bbox 2063 625 2168 685; x_wconf 72' lang='lat' dir='ltr'><strong>dit.</strong></span> <span class='ocrx_word' id='word_1_328' title='bbox 2204 650 2230 675; x_wconf 66' lang='grc' dir='ltr'><strong>υ</strong></span> <span class='ocrx_word' id='word_1_329' title='bbox 2268 627 2358 685; x_wconf 81' lang='lat' dir='ltr'><strong>M.</strong></span> 
     </span>
     <span class='ocr_line' id='line_1_51' title="bbox 2821 721 2875 759; baseline 0.019 -1"><span class='ocrx_word' id='word_1_330' title='bbox 2821 721 2875 759; x_wconf 71' lang='grc' dir='ltr'><strong>α.</strong></span> 
     </span>
     <span class='ocr_line' id='line_1_52' title="bbox 2145 815 3635 895; baseline 0 -20"><span class='ocrx_word' id='word_1_331' title='bbox 2145 818 2306 875; x_wconf 88' lang='lat' dir='ltr'><strong>Idem</strong></span> <span class='ocrx_word' id='word_1_332' title='bbox 2334 837 2393 888; x_wconf 83' lang='lat'><strong>7,</strong></span> <span class='ocrx_word' id='word_1_333' title='bbox 2421 838 2484 893; x_wconf 88' lang='lat' dir='ltr'><strong>p.</strong></span> <span class='ocrx_word' id='word_1_334' title='bbox 2517 817 2655 887; x_wconf 88' lang='grc'><strong>308,</strong></span> <span class='ocrx_word' id='word_1_335' title='bbox 2685 818 2730 874; x_wconf 84' lang='lat' dir='ltr'>F</span> <span class='ocrx_word' id='word_1_336' title='bbox 2765 836 2779 871; x_wconf 71' lang='grc' dir='ltr'>ε</span> <span class='ocrx_word' id='word_1_337' title='bbox 2812 816 3222 895; x_wconf 72' lang='grc' dir='ltr'><strong>ὑποκοριστικῶς</strong></span> <span class='ocrx_word' id='word_1_338' title='bbox 3241 815 3521 893; x_wconf 76' lang='grc' dir='ltr'><strong>ὠνόμασεν</strong></span> <span class='ocrx_word' id='word_1_339' title='bbox 3541 818 3635 875; x_wconf 79' lang='grc' dir='ltr'><strong>αὖ·</strong></span> 
     </span>
     <span class='ocr_line' id='line_1_53' title="bbox 2067 902 3164 984; baseline -0.003 -20"><span class='ocrx_word' id='word_1_340' title='bbox 2067 903 2188 972; x_wconf 73' lang='grc' dir='ltr'><strong>τοὺς</strong></span> <span class='ocrx_word' id='word_1_341' title='bbox 2220 906 2569 984; x_wconf 82' lang='lat' dir='ltr'><strong>(coracinos)</strong></span> <span class='ocrx_word' id='word_1_342' title='bbox 2599 906 2679 965; x_wconf 84' lang='grc' dir='ltr'><strong>Φ.</strong></span> <span class='ocrx_word' id='word_1_343' title='bbox 2709 904 2762 962; x_wconf 75' lang='grc' dir='ltr'><strong>ἐν</strong></span> <span class='ocrx_word' id='word_1_344' title='bbox 2787 902 3164 980; x_wconf 78' lang='grc' dir='ltr'><strong>Ἐπιλήσμονι·</strong></span> 
     </span>
    </p>
   </div>
   <div class='ocr_carea' id='block_1_19' title="bbox 2162 1020 3198 1285">
    <p class='ocr_par' dir='ltr' id='par_1_24' title="bbox 2162 1020 3198 1285">
     <span class='ocr_line' id='line_1_54' title="bbox 2165 1020 3198 1121; baseline -0.002 -24"><span class='ocrx_word' id='word_1_345' title='bbox 2165 1036 2310 1107; x_wconf 82' lang='grc' dir='ltr'><strong>Τοῖς</strong></span> <span class='ocrx_word' id='word_1_346' title='bbox 2343 1035 2499 1097; x_wconf 86' lang='grc' dir='ltr'><strong>σοῖσι</strong></span> <span class='ocrx_word' id='word_1_347' title='bbox 2535 1032 2723 1095; x_wconf 84' lang='grc' dir='ltr'><strong>συνὼν</strong></span> <span class='ocrx_word' id='word_1_348' title='bbox 2769 1020 3198 1121; x_wconf 81' lang='grc' dir='ltr'><strong>κορακινιδίοις</strong></span> 
     </span>
     <span class='ocr_line' id='line_1_55' title="bbox 2162 1128 2856 1285; baseline 0.006 -84"><span class='ocrx_word' id='word_1_349' title='bbox 2162 1134 2267 1202; x_wconf 86' lang='grc' dir='ltr'><strong>καὶ</strong></span> <span class='ocrx_word' id='word_1_350' title='bbox 2303 1128 2655 1229; x_wconf 72' lang='grc' dir='ltr'><strong>μαινιδίοις.</strong></span> <span class='ocrx_word' id='word_1_351' title='bbox 2821 1228 2856 1285; x_wconf 66' lang='grc'>3</span> 
     </span>
    </p>
   </div>
   <div class='ocr_carea' id='block_1_20' title="bbox 2067 1336 3642 1597">
    <p class='ocr_par' dir='ltr' id='par_1_25' title="bbox 2067 1336 3642 1597">
     <span class='ocr_line' id='line_1_56' title="bbox 2146 1336 3642 1421; baseline 0 -22"><span class='ocrx_word' id='word_1_352' title='bbox 2146 1342 2308 1400; x_wconf 85' lang='lat' dir='ltr'><strong>Idem</strong></span> <span class='ocrx_word' id='word_1_353' title='bbox 2335 1343 2392 1414; x_wconf 91' lang='grc'><strong>8,</strong></span> <span class='ocrx_word' id='word_1_354' title='bbox 2438 1362 2499 1419; x_wconf 91' lang='grc' dir='ltr'><strong>Ρ.</strong></span> <span class='ocrx_word' id='word_1_355' title='bbox 2532 1340 2673 1419; x_wconf 88' lang='grc'><strong>365,</strong></span> <span class='ocrx_word' id='word_1_356' title='bbox 2698 1345 2747 1400; x_wconf 84' lang='lat' dir='ltr'>A</span> <span class='ocrx_word' id='word_1_357' title='bbox 2780 1360 2797 1396; x_wconf 69' lang='grc' dir='ltr'><strong>ε</strong></span> <span class='ocrx_word' id='word_1_358' title='bbox 2829 1336 3000 1399; x_wconf 68' lang='grc' dir='ltr'><strong>οἴδασι</strong></span> <span class='ocrx_word' id='word_1_359' title='bbox 3031 1338 3088 1399; x_wconf 70' lang='grc' dir='ltr'><strong>δὲ</strong></span> <span class='ocrx_word' id='word_1_360' title='bbox 3129 1342 3177 1400; x_wconf 72' lang='grc' dir='ltr'><strong>οἱ</strong></span> <span class='ocrx_word' id='word_1_361' title='bbox 3201 1342 3418 1421; x_wconf 76' lang='grc' dir='ltr'><strong>ἀρχαῖοι</strong></span> <span class='ocrx_word' id='word_1_362' title='bbox 3445 1342 3539 1401; x_wconf 84' lang='grc' dir='ltr'><strong>καὶ</strong></span> <span class='ocrx_word' id='word_1_363' title='bbox 3573 1342 3642 1400; x_wconf 69' lang='grc' dir='ltr'><strong>τὰ</strong></span> 
     </span>
     <span class='ocr_line' id='line_1_57' title="bbox 2067 1426 3628 1509; baseline 0.001 -21"><span class='ocrx_word' id='word_1_364' title='bbox 2067 1433 2155 1489; x_wconf 80' lang='grc' dir='ltr'><strong>νῦν</strong></span> <span class='ocrx_word' id='word_1_365' title='bbox 2189 1426 2492 1506; x_wconf 80' lang='grc' dir='ltr'><strong>καλούμενα</strong></span> <span class='ocrx_word' id='word_1_366' title='bbox 2525 1428 2630 1487; x_wconf 70' lang='grc' dir='ltr'><strong>ἀπὸ</strong></span> <span class='ocrx_word' id='word_1_367' title='bbox 2649 1428 2896 1508; x_wconf 79' lang='grc' dir='ltr'><strong>σπυρίδος</strong></span> <span class='ocrx_word' id='word_1_368' title='bbox 2925 1428 3138 1487; x_wconf 80' lang='grc' dir='ltr'><strong>δεῖπνα·</strong></span> <span class='ocrx_word' id='word_1_369' title='bbox 3167 1430 3443 1509; x_wconf 75' lang='grc' dir='ltr'><strong>ἐμφανίζει</strong></span> <span class='ocrx_word' id='word_1_370' title='bbox 3463 1429 3520 1488; x_wconf 85' lang='grc' dir='ltr'><strong>δὲ</strong></span> <span class='ocrx_word' id='word_1_371' title='bbox 3547 1430 3628 1489; x_wconf 82' lang='grc' dir='ltr'><strong>Φ.</strong></span> 
     </span>
     <span class='ocr_line' id='line_1_58' title="bbox 2068 1514 3045 1597; baseline -0.003 -20"><span class='ocrx_word' id='word_1_372' title='bbox 2068 1520 2122 1577; x_wconf 83' lang='grc' dir='ltr'><strong>ἐν</strong></span> <span class='ocrx_word' id='word_1_373' title='bbox 2157 1516 2514 1596; x_wconf 81' lang='grc' dir='ltr'><strong>Ἐπιλήσμονι</strong></span> <span class='ocrx_word' id='word_1_374' title='bbox 2541 1514 2576 1588; x_wconf 74' lang='grc' dir='ltr'><strong>ἢ</strong></span> <span class='ocrx_word' id='word_1_375' title='bbox 2599 1514 2856 1597; x_wconf 73' lang='grc' dir='ltr'><strong>Θαλάττῃ</strong></span> <span class='ocrx_word' id='word_1_376' title='bbox 2879 1514 3045 1575; x_wconf 72' lang='grc' dir='ltr'><strong>οὕτω·</strong></span> 
     </span>
    </p>
   </div>
   <div class='ocr_carea' id='block_1_21' title="bbox 2166 1628 3644 1834">
    <p class='ocr_par' dir='ltr' id='par_1_26' title="bbox 2166 1628 3644 1834">
     <span class='ocr_line' id='line_1_59' title="bbox 2166 1628 3644 1730; baseline 0.001 -28"><span class='ocrx_word' id='word_1_377' title='bbox 2166 1634 2691 1726; x_wconf 83' lang='grc' dir='ltr'><strong>Συσκευασοὶμενος</strong></span> <span class='ocrx_word' id='word_1_378' title='bbox 2728 1628 2979 1703; x_wconf 83' lang='grc' dir='ltr'><strong>δεῖπνον</strong></span> <span class='ocrx_word' id='word_1_379' title='bbox 3012 1628 3048 1667; x_wconf 70' lang='lat'><strong>⁴¹</strong></span> <span class='ocrx_word' id='word_1_380' title='bbox 3081 1632 3144 1702; x_wconf 74' lang='grc' dir='ltr'><strong>ἓν</strong></span> <span class='ocrx_word' id='word_1_381' title='bbox 3180 1636 3250 1703; x_wconf 86' lang='grc' dir='ltr'><strong>τὸ</strong></span> <span class='ocrx_word' id='word_1_382' title='bbox 3295 1630 3644 1730; x_wconf 80' lang='grc' dir='ltr'><strong>σπυρίδιον,</strong></span> 
     </span>
     <span class='ocr_line' id='line_1_60' title="bbox 2167 1734 3186 1834; baseline 0.003 -26"><span class='ocrx_word' id='word_1_383' title='bbox 2167 1735 2439 1820; x_wconf 71' lang='grc' dir='ltr'><strong>ἐὸάδιζεν</strong></span> <span class='ocrx_word' id='word_1_384' title='bbox 2484 1747 2563 1818; x_wconf 85' lang='grc' dir='ltr'><strong>ὡς</strong></span> <span class='ocrx_word' id='word_1_385' title='bbox 2599 1740 2743 1834; x_wconf 84' lang='grc' dir='ltr'><strong>πρὸς</strong></span> <span class='ocrx_word' id='word_1_386' title='bbox 2778 1741 2886 1807; x_wconf 85' lang='grc' dir='ltr'><strong>τὸν</strong></span> <span class='ocrx_word' id='word_1_387' title='bbox 2917 1734 3186 1833; x_wconf 74' lang='grc' dir='ltr'><strong>ὀφέλαν.</strong></span> 
     </span>
    </p>
   </div>
   <div class='ocr_carea' id='block_1_22' title="bbox 2067 1867 3650 2402">
    <p class='ocr_par' dir='ltr' id='par_1_27' title="bbox 2067 1867 3650 2298">
     <span class='ocr_line' id='line_1_61' title="bbox 2067 1867 3646 1951; baseline -0.004 -22"><span class='ocrx_word' id='word_1_388' title='bbox 2067 1874 2220 1929; x_wconf 80' lang='grc' dir='ltr'><strong>τοῦτο</strong></span> <span class='ocrx_word' id='word_1_389' title='bbox 2257 1868 2313 1929; x_wconf 75' lang='grc' dir='ltr'><strong>δὲ</strong></span> <span class='ocrx_word' id='word_1_390' title='bbox 2343 1872 2522 1951; x_wconf 78' lang='grc' dir='ltr'><strong>σαφῶς</strong></span> <span class='ocrx_word' id='word_1_391' title='bbox 2562 1870 2712 1940; x_wconf 85' lang='grc' dir='ltr'><strong>δηλοῖ</strong></span> <span class='ocrx_word' id='word_1_392' title='bbox 2738 1868 2798 1928; x_wconf 82' lang='grc' dir='ltr'><strong>τὸ</strong></span> <span class='ocrx_word' id='word_1_393' title='bbox 2833 1868 2942 1928; x_wconf 71' lang='grc' dir='ltr'><strong>ἀπὸ</strong></span> <span class='ocrx_word' id='word_1_394' title='bbox 2969 1869 3215 1951; x_wconf 78' lang='grc' dir='ltr'><strong>σπυρίδος</strong></span> <span class='ocrx_word' id='word_1_395' title='bbox 3241 1870 3480 1947; x_wconf 85' lang='grc' dir='ltr'><strong>δεῖπνον,</strong></span> <span class='ocrx_word' id='word_1_396' title='bbox 3515 1867 3646 1925; x_wconf 79' lang='grc' dir='ltr'><strong>ὅταν</strong></span> 
     </span>
     <span class='ocr_line' id='line_1_62' title="bbox 2069 1954 3648 2038; baseline -0.003 -21"><span class='ocrx_word' id='word_1_397' title='bbox 2069 1980 2146 2025; x_wconf 89' lang='grc' dir='ltr'><strong>τις</strong></span> <span class='ocrx_word' id='word_1_398' title='bbox 2173 1956 2328 2025; x_wconf 78' lang='grc' dir='ltr'><strong>αὖτὸς</strong></span> <span class='ocrx_word' id='word_1_399' title='bbox 2355 1960 2500 2038; x_wconf 75' lang='grc' dir='ltr'><strong>αὑτῷ</strong></span> <span class='ocrx_word' id='word_1_400' title='bbox 2519 1956 2782 2026; x_wconf 73' lang='grc' dir='ltr'><strong>σκευάσας</strong></span> <span class='ocrx_word' id='word_1_401' title='bbox 2809 1957 2900 2016; x_wconf 78' lang='grc' dir='ltr'><strong>καὶ</strong></span> <span class='ocrx_word' id='word_1_402' title='bbox 2924 1958 3124 2024; x_wconf 81' lang='grc' dir='ltr'><strong>συνθεὶς</strong></span> <span class='ocrx_word' id='word_1_403' title='bbox 3148 1959 3222 2025; x_wconf 76' lang='grc' dir='ltr'><strong>εἰς</strong></span> <span class='ocrx_word' id='word_1_404' title='bbox 3243 1956 3470 2037; x_wconf 80' lang='grc' dir='ltr'><strong>σπυρίδα</strong></span> <span class='ocrx_word' id='word_1_405' title='bbox 3493 1954 3648 2034; x_wconf 76' lang='grc' dir='ltr'><strong>παρά</strong></span> 
     </span>
     <span class='ocr_line' id='line_1_63' title="bbox 2068 2042 3650 2127; baseline -0.002 -22"><span class='ocrx_word' id='word_1_406' title='bbox 2068 2067 2187 2105; x_wconf 87' lang='grc' dir='ltr'><strong>τινα</strong></span> <span class='ocrx_word' id='word_1_407' title='bbox 2215 2044 2507 2124; x_wconf 75' lang='grc' dir='ltr'><strong>δειπνήσων</strong></span> <span class='ocrx_word' id='word_1_408' title='bbox 2535 2042 2610 2125; x_wconf 70' lang='grc' dir='ltr'><strong>ἴῃ.</strong></span> <span class='ocrx_word' id='word_1_409' title='bbox 2638 2048 2781 2104; x_wconf 86' lang='lat' dir='ltr'><strong>Sunt</strong></span> <span class='ocrx_word' id='word_1_410' title='bbox 2803 2044 2910 2105; x_wconf 74' lang='grc' dir='ltr'><strong>ἀπὸ</strong></span> <span class='ocrx_word' id='word_1_411' title='bbox 2935 2045 3180 2127; x_wconf 88' lang='grc' dir='ltr'><strong>σπυρίδος</strong></span> <span class='ocrx_word' id='word_1_412' title='bbox 3203 2046 3407 2118; x_wconf 83' lang='grc' dir='ltr'><strong>δεῖπνα,</strong></span> <span class='ocrx_word' id='word_1_413' title='bbox 3429 2067 3463 2102; x_wconf 83' lang='lat' dir='ltr'><strong>e</strong></span> <span class='ocrx_word' id='word_1_414' title='bbox 3485 2067 3650 2123; x_wconf 80' lang='lat' dir='ltr'><strong>spor-</strong></span> 
     </span>
     <span class='ocr_line' id='line_1_64' title="bbox 2071 2135 3648 2212; baseline 0.001 -21"><span class='ocrx_word' id='word_1_415' title='bbox 2071 2138 2192 2191; x_wconf 72' lang='lat' dir='ltr'><strong>mla</strong></span> <span class='ocrx_word' id='word_1_416' title='bbox 2213 2154 2427 2206; x_wconf 82' lang='lat' dir='ltr'><strong>coenoe,</strong></span> <span class='ocrx_word' id='word_1_417' title='bbox 2457 2135 2531 2192; x_wconf 87' lang='lat' dir='ltr'><strong>de</strong></span> <span class='ocrx_word' id='word_1_418' title='bbox 2560 2135 2802 2212; x_wconf 87' lang='lat' dir='ltr'><strong>quibus,</strong></span> <span class='ocrx_word' id='word_1_419' title='bbox 2829 2136 2998 2192; x_wconf 86' lang='lat' dir='ltr'><strong>etiam</strong></span> <span class='ocrx_word' id='word_1_420' title='bbox 3035 2136 3234 2191; x_wconf 81' lang='lat' dir='ltr'><strong>Romae</strong></span> <span class='ocrx_word' id='word_1_421' title='bbox 3253 2135 3498 2209; x_wconf 80' lang='lat' dir='ltr'><strong>usitatis,</strong></span> <span class='ocrx_word' id='word_1_422' title='bbox 3533 2138 3648 2193; x_wconf 87' lang='lat' dir='ltr'><strong>Ju-</strong></span> 
     </span>
     <span class='ocr_line' id='line_1_65' title="bbox 2070 2222 2702 2298; baseline 0.005 -20"><span class='ocrx_word' id='word_1_423' title='bbox 2070 2223 2281 2279; x_wconf 82' lang='lat' dir='ltr'><strong>venalis</strong></span> <span class='ocrx_word' id='word_1_424' title='bbox 2306 2223 2422 2283; x_wconf 79' lang='lat' dir='ltr'><strong>Sat.</strong></span> <span class='ocrx_word' id='word_1_425' title='bbox 2450 2222 2508 2297; x_wconf 84' lang='lat'><strong>3,</strong></span> <span class='ocrx_word' id='word_1_426' title='bbox 2539 2228 2657 2298; x_wconf 75' lang='lat'><strong>249</strong></span> <span class='ocrx_word' id='word_1_427' title='bbox 2685 2240 2702 2281; x_wconf 74' lang='lat' dir='ltr'><strong>t</strong></span> 
     </span>
    </p>

    <p class='ocr_par' dir='ltr' id='par_1_28' title="bbox 2149 2322 3650 2402">
     <span class='ocr_line' id='line_1_66' title="bbox 2149 2322 3650 2402; baseline 0.001 -19"><span class='ocrx_word' id='word_1_428' title='bbox 2149 2328 2352 2384; x_wconf 87' lang='lat' dir='ltr'><strong>Nonne</strong></span> <span class='ocrx_word' id='word_1_429' title='bbox 2371 2326 2558 2399; x_wconf 81' lang='lat' dir='ltr'><strong>vides,</strong></span> <span class='ocrx_word' id='word_1_430' title='bbox 2583 2336 2800 2402; x_wconf 77' lang='lat' dir='ltr'><strong>quanto</strong></span> <span class='ocrx_word' id='word_1_431' title='bbox 2824 2322 3144 2385; x_wconf 86' lang='lat' dir='ltr'><strong>celebretur</strong></span> <span class='ocrx_word' id='word_1_432' title='bbox 3163 2328 3424 2402; x_wconf 84' lang='lat' dir='ltr'><strong>sportula</strong></span> <span class='ocrx_word' id='word_1_433' title='bbox 3441 2327 3607 2385; x_wconf 83' lang='lat' dir='ltr'><strong>fumo</strong></span> <span class='ocrx_word' id='word_1_434' title='bbox 3623 2330 3650 2385; x_wconf 83' lang='lat'>?</span> 
     </span>
    </p>
   </div>
   <div class='ocr_carea' id='block_1_23' title="bbox 2070 2427 3651 2855">
    <p class='ocr_par' dir='ltr' id='par_1_29' title="bbox 2070 2427 3651 2855">
     <span class='ocr_line' id='line_1_67' title="bbox 2070 2427 3651 2506; baseline 0.003 -21"><span class='ocrx_word' id='word_1_435' title='bbox 2070 2430 2251 2486; x_wconf 79' lang='lat' dir='ltr'><strong>Versu</strong></span> <span class='ocrx_word' id='word_1_436' title='bbox 2279 2450 2304 2487; x_wconf 88' lang='grc' dir='ltr'><strong>ι</strong></span> <span class='ocrx_word' id='word_1_437' title='bbox 2335 2430 2716 2506; x_wconf 83' lang='lat' dir='ltr'><strong>probabiliter</strong></span> <span class='ocrx_word' id='word_1_438' title='bbox 2739 2430 2980 2488; x_wconf 78' lang='lat' dir='ltr'><strong>Runkel.</strong></span> <span class='ocrx_word' id='word_1_439' title='bbox 3011 2431 3063 2497; x_wconf 64' lang='grc' dir='ltr'><strong>ὃς</strong></span> <span class='ocrx_word' id='word_1_440' title='bbox 3079 2427 3141 2489; x_wconf 81' lang='grc' dir='ltr'><strong>τὸ</strong></span> <span class='ocrx_word' id='word_1_441' title='bbox 3159 2451 3253 2489; x_wconf 89' lang='grc' dir='ltr'><strong>σπ.</strong></span> <span class='ocrx_word' id='word_1_442' title='bbox 3272 2432 3452 2488; x_wconf 86' lang='lat' dir='ltr'><strong>Possis</strong></span> <span class='ocrx_word' id='word_1_443' title='bbox 3469 2434 3651 2489; x_wconf 83' lang='lat' dir='ltr'><strong>etiam</strong></span> 
     </span>
     <span class='ocr_line' id='line_1_68' title="bbox 2073 2512 3648 2597; baseline 0.003 -25"><span class='ocrx_word' id='word_1_444' title='bbox 2073 2512 2214 2582; x_wconf 65' lang='grc' dir='ltr'><strong>ἐντὸς</strong></span> <span class='ocrx_word' id='word_1_445' title='bbox 2273 2515 2563 2595; x_wconf 89' lang='grc' dir='ltr'><strong>σπυριδίου.</strong></span> <span class='ocrx_word' id='word_1_446' title='bbox 2622 2521 2687 2576; x_wconf 87' lang='lat' dir='ltr'><strong>V.</strong></span> <span class='ocrx_word' id='word_1_447' title='bbox 2745 2536 2779 2575; x_wconf 71' lang='grc' dir='ltr'><strong>α</strong></span> <span class='ocrx_word' id='word_1_448' title='bbox 2833 2520 3037 2579; x_wconf 80' lang='lat' dir='ltr'><strong>Athen.</strong></span> <span class='ocrx_word' id='word_1_449' title='bbox 3087 2518 3159 2583; x_wconf 75' lang='grc' dir='ltr'><strong>ὥς</strong></span> <span class='ocrx_word' id='word_1_450' title='bbox 3193 2515 3322 2597; x_wconf 78' lang='grc' dir='ltr'><strong>πρὸς</strong></span> <span class='ocrx_word' id='word_1_451' title='bbox 3379 2516 3648 2597; x_wconf 79' lang='grc' dir='ltr'><strong>Ὠφέλην,</strong></span> 
     </span>
     <span class='ocr_line' id='line_1_69' title="bbox 2074 2603 3648 2686; baseline 0.003 -26"><span class='ocrx_word' id='word_1_452' title='bbox 2074 2607 2362 2663; x_wconf 87' lang='lat' dir='ltr'><strong>Porsonus</strong></span> <span class='ocrx_word' id='word_1_453' title='bbox 2387 2606 2533 2665; x_wconf 84' lang='lat' dir='ltr'><strong>Adv.</strong></span> <span class='ocrx_word' id='word_1_454' title='bbox 2561 2624 2624 2680; x_wconf 87' lang='grc' dir='ltr'><strong>Ρ.</strong></span> <span class='ocrx_word' id='word_1_455' title='bbox 2658 2605 2727 2662; x_wconf 90' lang='grc' dir='ltr'><strong>8ι</strong></span> <span class='ocrx_word' id='word_1_456' title='bbox 2750 2647 2768 2676; x_wconf 92' lang='grc'><strong>,</strong></span> <span class='ocrx_word' id='word_1_457' title='bbox 2797 2606 2868 2671; x_wconf 79' lang='grc' dir='ltr'><strong>ὣς</strong></span> <span class='ocrx_word' id='word_1_458' title='bbox 2895 2604 3023 2684; x_wconf 83' lang='grc' dir='ltr'><strong>πρὸς</strong></span> <span class='ocrx_word' id='word_1_459' title='bbox 3039 2604 3128 2663; x_wconf 79' lang='grc' dir='ltr'><strong>τὸν</strong></span> <span class='ocrx_word' id='word_1_460' title='bbox 3154 2603 3410 2686; x_wconf 73' lang='grc' dir='ltr'><strong>Ὀφέλαν.</strong></span> <span class='ocrx_word' id='word_1_461' title='bbox 3435 2610 3494 2665; x_wconf 84' lang='lat' dir='ltr'><strong>Is</strong></span> <span class='ocrx_word' id='word_1_462' title='bbox 3519 2609 3648 2665; x_wconf 82' lang='lat' dir='ltr'><strong>sor-</strong></span> 
     </span>
     <span class='ocr_line' id='line_1_70' title="bbox 2079 2694 3643 2770; baseline 0.004 -20"><span class='ocrx_word' id='word_1_463' title='bbox 2079 2704 2224 2751; x_wconf 85' lang='lat' dir='ltr'><strong>tasse</strong></span> <span class='ocrx_word' id='word_1_464' title='bbox 2249 2713 2386 2751; x_wconf 82' lang='lat' dir='ltr'><strong>avus</strong></span> <span class='ocrx_word' id='word_1_465' title='bbox 2411 2695 2522 2751; x_wconf 76' lang='lat' dir='ltr'><strong>fuit</strong></span> <span class='ocrx_word' id='word_1_466' title='bbox 2557 2695 2708 2750; x_wconf 87' lang='lat' dir='ltr'><strong>illius</strong></span> <span class='ocrx_word' id='word_1_467' title='bbox 2743 2694 2818 2753; x_wconf 85' lang='lat' dir='ltr'><strong>de</strong></span> <span class='ocrx_word' id='word_1_468' title='bbox 2845 2712 2964 2770; x_wconf 87' lang='lat' dir='ltr'><strong>quo</strong></span> <span class='ocrx_word' id='word_1_469' title='bbox 3001 2695 3391 2770; x_wconf 82' lang='lat' dir='ltr'><strong>Apollodorus</strong></span> <span class='ocrx_word' id='word_1_470' title='bbox 3426 2698 3643 2756; x_wconf 80' lang='lat' dir='ltr'><strong>Athen.</strong></span> 
     </span>
     <span class='ocr_line' id='line_1_71' title="bbox 2075 2780 2527 2855; baseline 0.007 -18"><span class='ocrx_word' id='word_1_471' title='bbox 2075 2782 2136 2852; x_wconf 89' lang='lat'><strong>6,</strong></span> <span class='ocrx_word' id='word_1_472' title='bbox 2173 2799 2235 2855; x_wconf 87' lang='lat' dir='ltr'><strong>p.</strong></span> <span class='ocrx_word' id='word_1_473' title='bbox 2262 2780 2402 2853; x_wconf 76' lang='lat'><strong>243,</strong></span> <span class='ocrx_word' id='word_1_474' title='bbox 2432 2783 2486 2838; x_wconf 93' lang='lat' dir='ltr'>D</span> <span class='ocrx_word' id='word_1_475' title='bbox 2511 2798 2527 2840; x_wconf 68' lang='grc' dir='ltr'><strong>ε</strong></span> 
     </span>
    </p>
   </div>
   <div class='ocr_carea' id='block_1_24' title="bbox 2071 2900 3409 3297">
    <p class='ocr_par' dir='ltr' id='par_1_30' title="bbox 2071 2900 3409 3297">
     <span class='ocr_line' id='line_1_72' title="bbox 2156 2900 3388 2984; baseline 0 -21"><span class='ocrx_word' id='word_1_476' title='bbox 2156 2900 2355 2963; x_wconf 80' lang='grc' dir='ltr'><strong>Καινόν</strong></span> <span class='ocrx_word' id='word_1_477' title='bbox 2380 2900 2442 2980; x_wconf 80' lang='grc' dir='ltr'><strong>γε’</strong></span> <span class='ocrx_word' id='word_1_478' title='bbox 2465 2924 2594 2982; x_wconf 87' lang='grc' dir='ltr'><strong>φασι</strong></span> <span class='ocrx_word' id='word_1_479' title='bbox 2621 2902 2956 2984; x_wconf 76' lang='grc' dir='ltr'><strong>Χαιρεφῶντ’</strong></span> <span class='ocrx_word' id='word_1_480' title='bbox 2985 2904 3038 2962; x_wconf 72' lang='grc' dir='ltr'><strong>ἒν</strong></span> <span class='ocrx_word' id='word_1_481' title='bbox 3067 2910 3174 2972; x_wconf 85' lang='grc' dir='ltr'><strong>τοῖς</strong></span> <span class='ocrx_word' id='word_1_482' title='bbox 3198 2903 3388 2983; x_wconf 78' lang='grc' dir='ltr'><strong>γάμοις</strong></span> 
     </span>
     <span class='ocr_line' id='line_1_73' title="bbox 2151 2989 3409 3072; baseline 0.004 -23"><span class='ocrx_word' id='word_1_483' title='bbox 2151 2993 2222 3058; x_wconf 81' lang='grc' dir='ltr'><strong>ὡς</strong></span> <span class='ocrx_word' id='word_1_484' title='bbox 2251 2989 2338 3050; x_wconf 81' lang='grc' dir='ltr'><strong>τὸν</strong></span> <span class='ocrx_word' id='word_1_485' title='bbox 2369 2990 2603 3072; x_wconf 83' lang='grc' dir='ltr'><strong>Ὀφέλαν</strong></span> <span class='ocrx_word' id='word_1_486' title='bbox 2636 2992 2864 3064; x_wconf 79' lang='grc' dir='ltr'><strong>ἄκλητον</strong></span> <span class='ocrx_word' id='word_1_487' title='bbox 2897 2992 3272 3066; x_wconf 76' lang='grc' dir='ltr'><strong>εἰσδεδυκέναι,</strong></span> <span class='ocrx_word' id='word_1_488' title='bbox 3296 3007 3409 3055; x_wconf 89' lang='lat' dir='ltr'><strong>etc.</strong></span> 
     </span>
     <span class='ocr_line' id='line_1_74' title="bbox 2071 3112 3240 3195; baseline 0.005 -25"><span class='ocrx_word' id='word_1_489' title='bbox 2071 3113 2390 3172; x_wconf 74' lang='lat' dir='ltr'><strong>Meineln‘us</strong></span> <span class='ocrx_word' id='word_1_490' title='bbox 2413 3133 2604 3190; x_wconf 86' lang='lat' dir='ltr'><strong>nuper</strong></span> <span class='ocrx_word' id='word_1_491' title='bbox 2628 3117 2936 3192; x_wconf 88' lang='lat' dir='ltr'><strong>proposuit</strong></span> <span class='ocrx_word' id='word_1_492' title='bbox 2964 3112 3240 3195; x_wconf 84' lang='grc' dir='ltr'><strong>Ὠφελίαν.</strong></span> 
     </span>
     <span class='ocr_line' id='line_1_75' title="bbox 2831 3237 2884 3297; baseline 0 -11"><span class='ocrx_word' id='word_1_493' title='bbox 2831 3237 2884 3297; x_wconf 73' lang='grc'><strong>4.</strong></span> 
     </span>
    </p>
   </div>
   <div class='ocr_carea' id='block_1_25' title="bbox 2072 3331 3666 4589">
    <p class='ocr_par' dir='ltr' id='par_1_31' title="bbox 2072 3331 3656 3598">
     <span class='ocr_line' id='line_1_76' title="bbox 2150 3331 3650 3422; baseline 0.003 -24"><span class='ocrx_word' id='word_1_494' title='bbox 2150 3342 2344 3402; x_wconf 80' lang='lat' dir='ltr'><strong>Schol.</strong></span> <span class='ocrx_word' id='word_1_495' title='bbox 2371 3349 2472 3404; x_wconf 83' lang='lat' dir='ltr'><strong>Ar.</strong></span> <span class='ocrx_word' id='word_1_496' title='bbox 2493 3346 2663 3418; x_wconf 85' lang='lat' dir='ltr'><strong>Vesp.</strong></span> <span class='ocrx_word' id='word_1_497' title='bbox 2699 3361 2851 3418; x_wconf 78' lang='lat'>10²9</span> <span class='ocrx_word' id='word_1_498' title='bbox 2864 3385 2884 3420; x_wconf 88' lang='lat'>,</span> <span class='ocrx_word' id='word_1_499' title='bbox 2903 3341 3078 3422; x_wconf 78' lang='grc' dir='ltr'><strong>φωνὴν</strong></span> <span class='ocrx_word' id='word_1_500' title='bbox 3091 3341 3141 3400; x_wconf 79' lang='grc' dir='ltr'><strong>δ’</strong></span> <span class='ocrx_word' id='word_1_501' title='bbox 3160 3331 3298 3422; x_wconf 72' lang='grc' dir='ltr'><strong>εἶχεν</strong></span> <span class='ocrx_word' id='word_1_502' title='bbox 3317 3341 3598 3422; x_wconf 75' lang='grc' dir='ltr'><strong>χαράδρας</strong></span> <span class='ocrx_word' id='word_1_503' title='bbox 3633 3365 3650 3402; x_wconf 89' lang='lat'><strong>:</strong></span> 
     </span>
     <span class='ocr_line' id='line_1_77' title="bbox 2074 3427 3656 3513; baseline 0.003 -26"><span class='ocrx_word' id='word_1_504' title='bbox 2074 3427 2256 3500; x_wconf 76' lang='grc' dir='ltr'><strong>ἐπειδὴ</strong></span> <span class='ocrx_word' id='word_1_505' title='bbox 2283 3427 2446 3489; x_wconf 73' lang='grc' dir='ltr'><strong>πλέον</strong></span> <span class='ocrx_word' id='word_1_506' title='bbox 2493 3431 2653 3509; x_wconf 75' lang='lat' dir='ltr'><strong>(fort.</strong></span> <span class='ocrx_word' id='word_1_507' title='bbox 2681 3429 2889 3491; x_wconf 76' lang='grc' dir='ltr'><strong>Κλέων.</strong></span> <span class='ocrx_word' id='word_1_508' title='bbox 2915 3431 3128 3506; x_wconf 85' lang='lat' dir='ltr'><strong>Mein.)</strong></span> <span class='ocrx_word' id='word_1_509' title='bbox 3156 3453 3208 3490; x_wconf 86' lang='grc' dir='ltr'><strong>τι</strong></span> <span class='ocrx_word' id='word_1_510' title='bbox 3234 3434 3325 3490; x_wconf 76' lang='grc' dir='ltr'><strong>τοῦ</strong></span> <span class='ocrx_word' id='word_1_511' title='bbox 3347 3431 3656 3513; x_wconf 76' lang='grc' dir='ltr'><strong>χειμάρρου</strong></span> 
     </span>
     <span class='ocr_line' id='line_1_78' title="bbox 2072 3508 3656 3598; baseline 0.002 -24"><span class='ocrx_word' id='word_1_512' title='bbox 2072 3517 2146 3584; x_wconf 80' lang='grc' dir='ltr'><strong>εἰς</strong></span> <span class='ocrx_word' id='word_1_513' title='bbox 2165 3515 2472 3597; x_wconf 74' lang='grc' dir='ltr'><strong>τραχύτητα</strong></span> <span class='ocrx_word' id='word_1_514' title='bbox 2497 3517 2588 3576; x_wconf 81' lang='grc' dir='ltr'><strong>καὶ</strong></span> <span class='ocrx_word' id='word_1_515' title='bbox 2613 3517 2918 3595; x_wconf 80' lang='grc' dir='ltr'><strong>ἀνωμαλίαν</strong></span> <span class='ocrx_word' id='word_1_516' title='bbox 2934 3508 3064 3598; x_wconf 68' lang='grc' dir='ltr'><strong>εἶχε.</strong></span> <span class='ocrx_word' id='word_1_517' title='bbox 3085 3518 3164 3580; x_wconf 83' lang='grc' dir='ltr'><strong>Φ.</strong></span> <span class='ocrx_word' id='word_1_518' title='bbox 3184 3521 3238 3578; x_wconf 70' lang='grc' dir='ltr'><strong>ἒν</strong></span> <span class='ocrx_word' id='word_1_519' title='bbox 3263 3517 3656 3597; x_wconf 82' lang='grc' dir='ltr'><strong>Ἐπιλήσμοσι·</strong></span> 
     </span>
    </p>

    <p class='ocr_par' dir='ltr' id='par_1_32' title="bbox 2072 3622 3666 4589">
     <span class='ocr_line' id='line_1_79' title="bbox 2175 3622 3444 3721; baseline 0 -28"><span class='ocrx_word' id='word_1_520' title='bbox 2175 3622 2307 3694; x_wconf 74' lang='grc' dir='ltr'><strong>Κᾶν</strong></span> <span class='ocrx_word' id='word_1_521' title='bbox 2339 3627 2452 3719; x_wconf 73' lang='grc' dir='ltr'><strong>μὲν</strong></span> <span class='ocrx_word' id='word_1_522' title='bbox 2491 3634 2724 3710; x_wconf 84' lang='grc' dir='ltr'><strong>σιωπῶ,</strong></span> <span class='ocrx_word' id='word_1_523' title='bbox 2756 3629 3002 3719; x_wconf 78' lang='grc' dir='ltr'><strong>φύρεται</strong></span> <span class='ocrx_word' id='word_1_524' title='bbox 3035 3627 3136 3694; x_wconf 84' lang='grc' dir='ltr'><strong>καὶ</strong></span> <span class='ocrx_word' id='word_1_525' title='bbox 3167 3625 3444 3721; x_wconf 50' lang='lat' dir='ltr'><strong>mixta-tan.</strong></span> 
     </span>
     <span class='ocr_line' id='line_1_80' title="bbox 2173 3726 3657 3828; baseline 0.001 -29"><span class='ocrx_word' id='word_1_526' title='bbox 2173 3732 2277 3800; x_wconf 83' lang='grc' dir='ltr'><strong>καί</strong></span> <span class='ocrx_word' id='word_1_527' title='bbox 2297 3757 2443 3824; x_wconf 81' lang='grc' dir='ltr'><strong>φησι</strong></span> <span class='ocrx_word' id='word_1_528' title='bbox 2467 3761 2502 3796; x_wconf 78' lang='grc' dir='ltr'><strong>ιι</strong></span> <span class='ocrx_word' id='word_1_529' title='bbox 2531 3730 2609 3800; x_wconf 90' lang='grc' dir='ltr'><strong>Τί</strong></span> <span class='ocrx_word' id='word_1_530' title='bbox 2635 3736 2902 3820; x_wconf 72' lang='grc' dir='ltr'><strong>σιωπᾷςς</strong></span> <span class='ocrx_word' id='word_1_531' title='bbox 2938 3757 2972 3792; x_wconf 71' lang='lat'><strong>2&gt;</strong></span> <span class='ocrx_word' id='word_1_532' title='bbox 3008 3733 3107 3799; x_wconf 81' lang='grc' dir='ltr'><strong>ἐὰν</strong></span> <span class='ocrx_word' id='word_1_533' title='bbox 3132 3726 3204 3800; x_wconf 79' lang='grc' dir='ltr'><strong>δέ</strong></span> <span class='ocrx_word' id='word_1_534' title='bbox 3229 3730 3285 3828; x_wconf 84' lang='grc' dir='ltr'><strong>γ’</strong></span> <span class='ocrx_word' id='word_1_535' title='bbox 3315 3733 3657 3828; x_wconf 80' lang='grc' dir='ltr'><strong>ἀποκριθῶ,</strong></span> 
     </span>
     <span class='ocr_line' id='line_1_81' title="bbox 2180 3835 3656 3935; baseline 0 -31"><span class='ocrx_word' id='word_1_536' title='bbox 2180 3869 2214 3904; x_wconf 81' lang='grc' dir='ltr'><strong>ιι</strong></span> <span class='ocrx_word' id='word_1_537' title='bbox 2255 3837 2444 3930; x_wconf 84' lang='grc' dir='ltr'><strong>Οἵμοι</strong></span> <span class='ocrx_word' id='word_1_538' title='bbox 2481 3837 2674 3916; x_wconf 78' lang='grc' dir='ltr'><strong>τάλας</strong></span> <span class='ocrx_word' id='word_1_539' title='bbox 2707 3863 2785 3924; x_wconf 70' lang='lat' dir='ltr'><strong>u,</strong></span> <span class='ocrx_word' id='word_1_540' title='bbox 2825 3838 3040 3930; x_wconf 78' lang='grc' dir='ltr'><strong>φησὶν,</strong></span> <span class='ocrx_word' id='word_1_541' title='bbox 3095 3867 3130 3903; x_wconf 77' lang='grc' dir='ltr'><strong>α</strong></span> <span class='ocrx_word' id='word_1_542' title='bbox 3157 3835 3435 3935; x_wconf 78' lang='grc' dir='ltr'><strong>χαράδρα</strong></span> <span class='ocrx_word' id='word_1_543' title='bbox 3457 3864 3656 3905; x_wconf 82' lang='grc' dir='ltr'><strong>κατε-</strong></span> 
     </span>
     <span class='ocr_line' id='line_1_82' title="bbox 3266 3939 3652 4018; baseline 0 -8"><span class='ocrx_word' id='word_1_544' title='bbox 3266 3939 3560 4018; x_wconf 64' lang='grc' dir='ltr'><strong>λήλυθενῖ</strong></span> <span class='ocrx_word' id='word_1_545' title='bbox 3611 3973 3652 4004; x_wconf 68' lang='grc' dir='ltr'><strong>κ</strong></span> 
     </span>
     <span class='ocr_line' id='line_1_83' title="bbox 2072 4061 3666 4144; baseline -0.001 -19"><span class='ocrx_word' id='word_1_546' title='bbox 2072 4071 2252 4125; x_wconf 83' lang='lat' dir='ltr'><strong>Versu</strong></span> <span class='ocrx_word' id='word_1_547' title='bbox 2295 4085 2320 4123; x_wconf 84' lang='lat'>1</span> <span class='ocrx_word' id='word_1_548' title='bbox 2369 4064 2642 4123; x_wconf 84' lang='lat' dir='ltr'><strong>mendose</strong></span> <span class='ocrx_word' id='word_1_549' title='bbox 2679 4065 2812 4122; x_wconf 87' lang='lat' dir='ltr'><strong>libri</strong></span> <span class='ocrx_word' id='word_1_550' title='bbox 2849 4061 3081 4144; x_wconf 76' lang='grc' dir='ltr'><strong>φέρεται.</strong></span> <span class='ocrx_word' id='word_1_551' title='bbox 3107 4065 3490 4122; x_wconf 83' lang='lat' dir='ltr'><strong>Scribendmn</strong></span> <span class='ocrx_word' id='word_1_552' title='bbox 3521 4078 3666 4124; x_wconf 81' lang='lat' dir='ltr'><strong>erat</strong></span> 
     </span>
     <span class='ocr_line' id='line_1_84' title="bbox 2074 4147 3662 4234; baseline 0 -22"><span class='ocrx_word' id='word_1_553' title='bbox 2074 4153 2318 4234; x_wconf 83' lang='grc' dir='ltr'><strong>φύρεται,</strong></span> <span class='ocrx_word' id='word_1_554' title='bbox 2345 4156 2720 4211; x_wconf 69' lang='lat' dir='ltr'><strong>contat-bam.</strong></span> <span class='ocrx_word' id='word_1_555' title='bbox 2752 4153 2934 4211; x_wconf 85' lang='lat' dir='ltr'><strong>Iidem</strong></span> <span class='ocrx_word' id='word_1_556' title='bbox 2961 4150 3024 4212; x_wconf 73' lang='grc' dir='ltr'><strong>ἂν</strong></span> <span class='ocrx_word' id='word_1_557' title='bbox 3054 4147 3110 4210; x_wconf 66' lang='grc' dir='ltr'><strong>δὲ</strong></span> <span class='ocrx_word' id='word_1_558' title='bbox 3139 4153 3258 4226; x_wconf 69' lang='lat' dir='ltr'><strong>eur„</strong></span> <span class='ocrx_word' id='word_1_559' title='bbox 3291 4172 3420 4228; x_wconf 64' lang='lat' dir='ltr'><strong>que</strong></span> <span class='ocrx_word' id='word_1_560' title='bbox 3452 4165 3662 4212; x_wconf 76' lang='lat' dir='ltr'><strong>metro</strong></span> 
     </span>
     <span class='ocr_line' id='line_1_85' title="bbox 2074 4240 3666 4313; baseline 0 -13"><span class='ocrx_word' id='word_1_561' title='bbox 2074 4242 2530 4301; x_wconf 79' lang='lat' dir='ltr'><strong>accommodavit</strong></span> <span class='ocrx_word' id='word_1_562' title='bbox 2571 4243 2746 4300; x_wconf 74' lang='lat' dir='ltr'><strong>Mein.</strong></span> <span class='ocrx_word' id='word_1_563' title='bbox 2799 4245 3008 4300; x_wconf 85' lang='lat' dir='ltr'><strong>Versus</strong></span> <span class='ocrx_word' id='word_1_564' title='bbox 3074 4240 3109 4299; x_wconf 97' lang='grc'><strong>3</strong></span> <span class='ocrx_word' id='word_1_565' title='bbox 3147 4241 3546 4313; x_wconf 83' lang='lat' dir='ltr'><strong>intolerabilis,</strong></span> <span class='ocrx_word' id='word_1_566' title='bbox 3587 4256 3666 4300; x_wconf 83' lang='lat' dir='ltr'><strong>nt</strong></span> 
     </span>
     <span class='ocr_line' id='line_1_86' title="bbox 2075 4330 3662 4408; baseline -0.001 -20"><span class='ocrx_word' id='word_1_567' title='bbox 2075 4335 2175 4408; x_wconf 88' lang='lat' dir='ltr'><strong>qui</strong></span> <span class='ocrx_word' id='word_1_568' title='bbox 2221 4333 2380 4388; x_wconf 90' lang='lat' dir='ltr'><strong>omni</strong></span> <span class='ocrx_word' id='word_1_569' title='bbox 2435 4351 2648 4389; x_wconf 69' lang='lat' dir='ltr'><strong>casura</strong></span> <span class='ocrx_word' id='word_1_570' title='bbox 2701 4342 2918 4403; x_wconf 87' lang='lat' dir='ltr'><strong>careat,</strong></span> <span class='ocrx_word' id='word_1_571' title='bbox 2988 4330 3217 4406; x_wconf 79' lang='lat' dir='ltr'><strong>qualem</strong></span> <span class='ocrx_word' id='word_1_572' title='bbox 3275 4331 3620 4387; x_wconf 82' lang='lat' dir='ltr'><strong>Pherecrati</strong></span> <span class='ocrx_word' id='word_1_573' title='bbox 3637 4373 3662 4401; x_wconf 86' lang='lat'><strong>,</strong></span> 
     </span>
     <span class='ocr_line' id='line_1_87' title="bbox 2076 4419 3666 4588; baseline -0.001 -111"><span class='ocrx_word' id='word_1_574' title='bbox 2076 4421 2296 4579; x_wconf 34' lang='lat' dir='ltr'><strong>⁰24¹}ss</strong></span> <span class='ocrx_word' id='word_1_575' title='bbox 2335 4431 2544 4588; x_wconf 48' lang='lat' dir='ltr'><strong>pega,</strong></span> <span class='ocrx_word' id='word_1_576' title='bbox 2573 4421 2845 4497; x_wconf 81' lang='lat' dir='ltr'><strong>imputari</strong></span> <span class='ocrx_word' id='word_1_577' title='bbox 2886 4419 3044 4476; x_wconf 79' lang='lat' dir='ltr'><strong>nefas</strong></span> <span class='ocrx_word' id='word_1_578' title='bbox 3085 4429 3190 4477; x_wconf 57' lang='grc' dir='ltr'><strong>σοι.</strong></span> <span class='ocrx_word' id='word_1_579' title='bbox 3229 4419 3438 4477; x_wconf 84' lang='lat' dir='ltr'><strong>Scribo</strong></span> <span class='ocrx_word' id='word_1_580' title='bbox 3471 4421 3666 4496; x_wconf 84' lang='lat' dir='ltr'><strong>igitur</strong></span> 
     </span>
     <span class='ocr_line' id='line_1_88' title="bbox 2077 4530 2475 4589; baseline -0.003 -23"><span class='ocrx_word' id='word_1_581' title='bbox 2077 4531 2114 4589; x_wconf 86' lang='grc' dir='ltr'><strong>φ</strong></span> <span class='ocrx_word' id='word_1_582' title='bbox 2153 4530 2186 4566; x_wconf 77' lang='lat' dir='ltr'>c</span> <span class='ocrx_word' id='word_1_583' title='bbox 2297 4551 2314 4580; x_wconf 90' lang='lat'><strong>,</strong></span> <span class='ocrx_word' id='word_1_584' title='bbox 2460 4550 2475 4565; x_wconf 92' lang='lat'><strong>.</strong></span> 
     </span>
    </p>
   </div>
   <div class='ocr_carea' id='block_1_26' title="bbox 2073 4679 2910 4988">
    <p class='ocr_par' dir='ltr' id='par_1_33' title="bbox 2073 4679 2910 4988">
     <span class='ocr_line' id='line_1_89' title="bbox 2073 4679 2910 4835; baseline -0.002 -17"><span class='ocrx_word' id='word_1_585' title='bbox 2073 4761 2386 4835; x_wconf 83' lang='lat' dir='ltr'><strong>Composita</strong></span> <span class='ocrx_word' id='word_1_586' title='bbox 2409 4775 2566 4818; x_wconf 86' lang='lat' dir='ltr'><strong>eoena</strong></span> <span class='ocrx_word' id='word_1_587' title='bbox 2589 4761 2648 4816; x_wconf 87' lang='lat' dir='ltr'><strong>in</strong></span> <span class='ocrx_word' id='word_1_588' title='bbox 2663 4679 2910 4833; x_wconf 58' lang='lat' dir='ltr'><strong>sportdla</strong></span> 
     </span>
     <span class='ocr_line' id='line_1_90' title="bbox 2073 4848 2862 4988; baseline -0.01 -80"><span class='ocrx_word' id='word_1_589' title='bbox 2073 4851 2306 4923; x_wconf 82' lang='lat' dir='ltr'><strong>perrexit</strong></span> <span class='ocrx_word' id='word_1_590' title='bbox 2331 4849 2402 4906; x_wconf 87' lang='lat' dir='ltr'><strong>ad</strong></span> <span class='ocrx_word' id='word_1_591' title='bbox 2429 4848 2724 4922; x_wconf 79' lang='lat' dir='ltr'><strong>Ophelam.</strong></span> <span class='ocrx_word' id='word_1_592' title='bbox 2825 4938 2862 4988; x_wconf 62' lang='lat'><strong>⁴</strong></span> 
     </span>
    </p>
   </div>
   <div class='ocr_carea' id='block_1_27' title="bbox 2073 4975 3672 5261">
    <p class='ocr_par' dir='ltr' id='par_1_34' title="bbox 2073 4975 3672 5261">
     <span class='ocr_line' id='line_1_91' title="bbox 2073 4975 3545 5093; baseline -0.001 -15"><span class='ocrx_word' id='word_1_593' title='bbox 2073 5024 2144 5078; x_wconf 85' lang='lat' dir='ltr'><strong>Et</strong></span> <span class='ocrx_word' id='word_1_594' title='bbox 2161 5035 2249 5076; x_wconf 86' lang='lat' dir='ltr'><strong>me</strong></span> <span class='ocrx_word' id='word_1_595' title='bbox 2271 5018 2494 5093; x_wconf 82' lang='lat' dir='ltr'><strong>quidem</strong></span> <span class='ocrx_word' id='word_1_596' title='bbox 2517 5019 2710 5077; x_wconf 81' lang='lat' dir='ltr'><strong>silente</strong></span> <span class='ocrx_word' id='word_1_597' title='bbox 2735 4975 3093 5076; x_wconf 74' lang='lat' dir='ltr'><strong>eonturbatur</strong></span> <span class='ocrx_word' id='word_1_598' title='bbox 3115 5017 3510 5090; x_wconf 72' lang='lat' dir='ltr'><strong>cruciatui-que</strong></span> <span class='ocrx_word' id='word_1_599' title='bbox 3527 5062 3545 5087; x_wconf 77' lang='grc'><strong>,</strong></span> 
     </span>
     <span class='ocr_line' id='line_1_92' title="bbox 2074 5101 3668 5178; baseline -0.004 -13"><span class='ocrx_word' id='word_1_600' title='bbox 2074 5107 2262 5166; x_wconf 84' lang='lat' dir='ltr'><strong>dieens</strong></span> <span class='ocrx_word' id='word_1_601' title='bbox 2281 5131 2306 5156; x_wconf 70' lang='grc' dir='ltr'><strong>α</strong></span> <span class='ocrx_word' id='word_1_602' title='bbox 2332 5105 2484 5178; x_wconf 87' lang='lat' dir='ltr'><strong>Quid</strong></span> <span class='ocrx_word' id='word_1_603' title='bbox 2509 5108 2690 5162; x_wconf 80' lang='lat' dir='ltr'><strong>taees?</strong></span> <span class='ocrx_word' id='word_1_604' title='bbox 2715 5127 2740 5154; x_wconf 69' lang='grc' dir='ltr'>υ</span> <span class='ocrx_word' id='word_1_605' title='bbox 2773 5105 2860 5162; x_wconf 87' lang='lat' dir='ltr'><strong>sin</strong></span> <span class='ocrx_word' id='word_1_606' title='bbox 2881 5101 3216 5178; x_wconf 83' lang='lat' dir='ltr'><strong>respondeo,</strong></span> <span class='ocrx_word' id='word_1_607' title='bbox 3463 5106 3604 5174; x_wconf 70' lang='lat' dir='ltr'><strong>[diu</strong></span> <span class='ocrx_word' id='word_1_608' title='bbox 3643 5135 3668 5158; x_wconf 82' lang='grc'><strong>..</strong></span> 
     </span>
     <span class='ocr_line' id='line_1_93' title="bbox 2078 5189 3672 5261; baseline 0.004 -16"><span class='ocrx_word' id='word_1_609' title='bbox 2078 5218 2106 5245; x_wconf 63' lang='grc' dir='ltr'><strong>α</strong></span> <span class='ocrx_word' id='word_1_610' title='bbox 2130 5196 2229 5252; x_wconf 84' lang='lat' dir='ltr'><strong>Vae</strong></span> <span class='ocrx_word' id='word_1_611' title='bbox 2257 5191 2392 5251; x_wconf 83' lang='lat' dir='ltr'><strong>mihi</strong></span> <span class='ocrx_word' id='word_1_612' title='bbox 2421 5191 2619 5250; x_wconf 69' lang='lat' dir='ltr'><strong>niisero</strong></span> <span class='ocrx_word' id='word_1_613' title='bbox 2634 5234 2650 5261; x_wconf 84' lang='lat'>‚</span> <span class='ocrx_word' id='word_1_614' title='bbox 2679 5215 2705 5242; x_wconf 74' lang='lat' dir='ltr'>n</span> <span class='ocrx_word' id='word_1_615' title='bbox 2736 5189 3080 5259; x_wconf 62' lang='lat' dir='ltr'><strong>solemnem,</strong></span> <span class='ocrx_word' id='word_1_616' title='bbox 3113 5213 3138 5240; x_wconf 85' lang='lat'><strong>·</strong></span> <span class='ocrx_word' id='word_1_617' title='bbox 3157 5192 3402 5248; x_wconf 75' lang='lat' dir='ltr'><strong>Tot-rens</strong></span> <span class='ocrx_word' id='word_1_618' title='bbox 3417 5190 3672 5252; x_wconf 81' lang='lat' dir='ltr'><strong>deseen-</strong></span> 
     </span>
    </p>
   </div>
  </div>
 </body>
</html>
