3809 5850
1374 358 1953 421 ANONYMORUM.

82 478 385 539 eonvenit
440 457 853 537 Menandreum
900 480 1043 537 illud
1074 500 1142 537 ex
1171 481 1385 539 Andria
1428 482 1501 538 fr.
1540 490 1625 551 4.

74 566 309 646 ὓρετικὸν
340 556 488 627 εἶναί
531 589 659 648 φασι
682 565 777 663 τὴν
804 565 1027 648 ἐρημίαν
1064 570 1112 628 οἱ
1134 567 1229 635 τὰς
1255 569 1415 649 ὀφρυς
1441 567 1631 649 αἴρσν-
1672 624 1679 639 ,
1720 566 1930 648 αρχίαις
1963 567 2056 626 καὶ
2090 576 2198 639 τοῖς
2209 566 2581 677 -Yssi’dl'fflss-

75 676 143 722 ες.
180 658 425 715 »Iclem.

817 772 917 827 79·

122 874 423 948 Eunapius
476 876 538 929 in
586 874 879 949 Excerptis
914 874 1051 947 Maji
1100 876 1217 933 vol.
1267 894 1327 951 2,
1356 893 1417 979 p.
1473 883 1623 952 294:

74 966 213 1017 πᾶσαι
242 966 370 1037 γοῦν
403 958 573 1017 οἰκίαι
600 982 731 1039 προς
758 964 937 1018 τοῦτον
959 960 1227 1018 ἕκενοῦντο
1255 956 1319 1017 ἂν
1339 959 1429 1019 τὸν
1457 958 1626 1038 δόλον,

74 1045 137 1104 :al
183 1050 355 1127 ῥᾷστα
400 1036 469 1117 ἦν
518 1050 643 1125 δρᾶν
692 1044 814 1115 τους
872 1044 1131 1125 ἄρξαντας
1194 1047 1625 1126 δεδεκασμένους.

74 1132 231 1213 ὅσπερ
251 1156 355 1193 που
384 1132 485 1193 καὶ
515 1137 544 1193 ὁ
566 1132 797 1212 κωμικός
824 1152 1003 1214 φησιν·

146 1256 457 1359 Ᾰρξαντος
480 1256 723 1359 ἀνδρὸς,
758 1257 1027 1357 δημόσια
1058 1262 1143 1332 τὰ
1176 1268 1497 1360 χρήματα.

774 1397 913 1459 *80.

130 1514 455 1573 Eustatluus
480 1516 557 1573 ad
577 1518 751 1575 Hom.
769 1536 829 1595 p.
852 1515 965 1572 206
973 1533 1128 1591 ,27ι
1148 1513 1633 1588 Βλιπιδαίμων

74 1604 89 1659 5
114 1600 526 1679 διεστραμμένος
550 1600 645 1670 τὰς
681 1601 828 1683 ὄψεις
870 1601 961 1660 καὶ
987 1592 1092 1660 οἶον
1120 1600 1223 1661 ὑπὸ
1268 1602 1509 1679 δαίμονος
1536 1627 1634 1663 πε·

74 1687 285 1767 πληγώς.
326 1690 647 1757 Παυσανίας
685 1690 741 1748 δὲ
770 1688 1089 1769 προστίθησι
1120 1713 1211 1748 και
1242 1688 1322 1749 ὅτι
1362 1689 1480 1759 τους
1514 1694 1633 1753 Σω-

74 1776 333 1879 κριτικοὺς
358 1776 530 1845 οὕτως
574 1777 837 1856 ἔλεγον..
812 1781 996 1836 -noc
1031 1780 1457 1839 Socraticorum
1492 1801 1631 1839 con-

74 1868 165 1921 vici
148 1886 260 1921 ium
290 1870 543 1943 antiquae
576 1868 871 1925 comoediae
904 1878 1080 1944 poeta
1112 1867 1501 1944 dignissimum
1529 1881 1631 1930 est.

74 1952 257 2100 Zfflux
290 1974 532 2031 quoque
576 1974 630 2031 1,
661 1974 731 2011 2ι
770 1951 1052 2031 ικωμικὸν
1079 1952 1139 2011 τὸ
1175 1953 1562 2031 βλεπιδαίμων.
1600 1984 1624 2009 υ

126 2060 212 2097 em

796 2156 895 2213 81.

141 2278 228 2336 Id.
246 2297 306 2353 p.
336 2297 476 2351 2ιι,
500 2280 661 2335 inim:
684 2277 833 2357 παρὰ
852 2280 957 2346 τοῖς
978 2278 1222 2345 παλαιοῖς
1246 2276 1547 2359 ῥήτορσιῌ.
1575 2298 1629 2339 ε.

75 2366 127 2419 in
152 2366 335 2423 lexicis
352 2366 691 2444 rhetoricis)
718 2365 810 2425 καὶ
833 2366 1293 2447 ἀρχολίπαρος
1315 2370 1344 2426 ὁ
1372 2367 1631 2445 λιπαρῶν,

75 2452 231 2528 φασὶν,
248 2450 331 2511 ἵνα
353 2456 527 2533 ἀρχῆς
548 2455 720 2535 τύχῃ,
803 2458 881 2514 ,ὃ
914 2478 1006 2514 και
1051 2454 1630 2535 ἀρχογλυπτάδης,

75 2536 217 2613 ἤγουν
232 2541 455 2621 ὡσπερεὶ
465 2541 683 2623 γλύφων
662 2542 836 2609 οτὰς’
807 2541 1047 2623 αρχάς.«
1022 2544 1632 2619 «patronymicorum,

76 2630 226 2700 quale
252 2642 333 2687 est
368 2630 850 2710 ἀρχογλυπτάδης,
884 2634 1067 2689 multa
1104 2633 1365 2709 exempla
1398 2652 1634 2707 compo·

78 2717 178 2772 suit
214 2719 458 2779 Lobeck.
504 2718 579 2777 ad
616 2720 920 2796 Sophoclis
955 2719 1111 2793 Ajac.
1158 2720 1293 2778 880.
1354 2719 1524 2777 Addo
1565 2738 1635 2776 ex

78 2804 353 2863 Eustathio
404 2827 467 2885 p.
524 2808 695 2879 1300,
746 2804 1231 2885 λογοσυλλικτᾶδης
1267 2817 1353 2879 ει,
1388 2809 1439 2865 si
1480 2819 1635 2865 recte

82 2891 343 2970 conjicio,
368 2892 627 2972 μυττίδης
652 2915 722 2954 ex
754 2897 1071 2972 Hesychia,
1100 2894 1472 2961 Μυττίδανοςε
1500 2892 1635 2954 ἀπό-

84 2979 329 3052 πληκτος,
381 3003 493 3059 pro
552 3003 671 3059 quo
716 2939 1087 3042 scribendum
1133 2984 1362 3044 videtur
1410 2981 1633 3044 Μυττιδ.

86 3086 205 3141 ²⁹0⁴,
230 3071 267 3130 i.
295 3089 347 3132 e.
374 3069 690 3146 Μυττίδηςε
720 3069 989 3152 ἄνθρωπος
1014 3069 1421 3144 ἀπόπληκτος.»
1450 3074 1633 3132 Mein.

802 3217 901 3278 82.

156 3339 239 3400 ld.
278 3361 337 3418 p.
376 3345 521 3423 228,
564 3351 691 3413 40:
740 3341 821 3402 ὅτι
860 3342 919 3404 δὲ
965 3343 1075 3403 ἀπὸ
1112 3348 1207 3416 τῆς
1244 3348 1495 3423 στρουθοῦ
1538 3344 1637 3403 καὶ

92 3432 311 3502 στρουθ
329 3427 500 3498 ίζειν
529 3429 589 3488 τὸ
608 3431 830 3500 εὖτελῶς
854 3453 965 3498 πως
986 3431 1149 3512 ᾄδειν,
1182 3432 1334 3503 δηλοῖ
1349 3431 1440 3490 καὶ
1468 3435 1497 3490 ὁ
1522 3455 1637 3490 κω-

95 3511 241 3584 μικός
270 3517 479 3578 Eadem
500 3522 795 3598 repetitp.
835 3528 938 3590 141
960 3541 1013 3592 ι,
1051 3523 1144 3578 15.

741 3633 911 3690 *¹83.

167 3739 249 3798 ld.
279 3762 340 3817 p.
373 3745 523 3823 236,
562 3747 663 3823 32,
713 3747 785 3804 de
822 3745 1009 3824 figura
1038 3745 1395 3825 σολοικοφανεῑ
1420 3763 1643 3824 agens.

98 3818 253 3895 ὅμοιον
270 3827 323 3885 δὲ
346 3829 436 3889 καὶ
460 3831 525 3890 τὸ

181 3934 317 4018 Εξὸν
344 3940 681 4035 καθεύδειν,
712 3953 827 4038 τὴν
870 3951 1223 4042 ἐρωμένην”
1189 3975 1377 4044 εχων,

104 4059 205 4120 ἄντι
236 4074 319 4128 του
350 4071 558 4152 ἔχοντα.
605 4075 937 4136 «Eundem
978 4095 1205 4134 versum
1244 4075 1411 4134 affert
1459 4076 1642 4136 schol.

103 4149 273 4231 Eut-ip.
298 4157 497 4224 Phoen.
532 4165 641 4232 481
676 4178 735 4222 et
753 4167 1001 4223 orationi
1024 4185 1137 4223 suae
1168 4167 1475 4223 immiscuit
1498 4166 1642 4224 Cha·

106 4239 203 4296 ¹¹²⁰
230 4252 283 4315 4,
318 4268 381 4324 p.
416 4254 527 4325 76,
556 4254 659 4310 ubi
694 4255 904 4330 legitur
945 4251 1042 4324 τήν
1077 4274 1136 4311 τε
1170 4251 1437 4333 ἐρωμένην
1484 4249 1643 4331 ἔχειν.

106 4325 269 4390 Prima
306 4342 581 4400 vocabula
613 4343 733 4399 duo
760 4343 958 4418 posuit
996 4343 1339 4418 Apollonius
1376 4345 1463 4400 De
1496 4361 1642 4400 con-

106 4421 277 4481 suuct.
306 4441 367 4500 p.
398 4427 531 4488 331.
567 4432 803 4486 -Meim

811 4541 907 4611 84.

176 4643 256 4703 ld·
292 4667 351 4724 p.
384 4672 417 4709 2
425 4676 517 4734 ,9
560 4657 659 4734 39,
694 4677 763 4715 ex
810 4655 1191 4731 Aristophane
1218 4657 1641 4731 grammatico:

112 4721 194 4794 *ll*
241 4729 397 4814 γίρων
443 4743 677 4822 γέροντος
722 4743 935 4820 γενικὴν
996 4741 1348 4820 ἀναγαγόντες
1395 4743 1637 4820 (AEtoli)

118 4975 393 5052 imperante
414 4995 548 5065 viro,
579 4915 987 5071 Ριιῐιιὶιιιιιτίὲιιπι
1013 4995 1284 5070 pecuniae.

837 5089 928 5140 83.

3174 374 3283 427 733

2612 480 2888 550 Μιλασίοις
2908 480 2996 542 καὶ
3023 483 3135 551 ταῖς
3159 505 3288 544 συν-

2593 571 2722 631 ..τὸ
2748 573 2794 630 δ’
2827 571 2954 631 αὐτό
2997 594 3127 654 φησι
3163 574 3286 655 φαί-

1718 661 1895 715 νεσθαι
1921 655 2012 716 καὶ
2035 655 2123 715 ἐπὶ
2149 661 2244 716 τοῦ
2271 614 2619 736 παθήματος,
2639 661 2710 727 ὡς
2731 661 2886 731 δῆλον
2899 662 2962 719 ἐκ
2979 665 3072 719 τοῦ

1719 480 1791 547 εἰς
1812 479 2014 538 εὐθεῖαν
2040 476 2326 561 γράφουσιν
2355 476 2578 547 nfirma

1817 763 1930 839 Μὴ
1967 768 2348 860 καταγελᾶτε
2375 771 2509 843 τοῖς
2539 768 2704 857 ἐμοῖς
2735 765 3138 859 παθημᾶτοις.

1728 884 1914 942 «Non
1931 884 2134 941 dubito
2153 887 2294 959 quin
2313 888 2518 942 comici
2539 897 2722 961 poetae
2743 906 2936 943 versus
2952 888 3043 957 sit,
3069 888 3168 961 qui
3191 888 3286 944 illa

1720 972 1971 1028 AEtolum
1979 973 2270 1031 hominem
2281 973 2560 1031 dicentem
2573 974 2892 1032 induxerat.
2904 976 3158 1049 Respicit
3165 976 3287 1031 haec

1720 1060 1928 1115 iterum
1957 1061 2107 1117 Rust.
2136 1079 2200 1135 p.
2239 1059 2426 1131 1761,
2460 1060 2533 1118 35
2569 1080 2584 1121 :
2621 1060 2772 1140 παρὰ
2803 1060 2912 1127 τοῖς
2949 1063 3203 1130 Αἰτωλοῖς
3227 1063 3290 1121 τὸ

1720 1152 1828 1211 τοῖς
1848 1144 2058 1224 γέρουσι
2085 1144 2344 1225 γερόντοις
2384 1145 2674 1227 φράζεται,
2710 1138 2895 1210 οἷον..
2925 1148 2987 1206 τὸ
3011 1148 3290 1225 παθήμασι

1722 1231 2077 1307 παθημάτοις.
2121 1236 2387 1308 Ejusdem
2439 1240 2734 1294 commatis
2777 1248 2893 1309 est,
2939 1240 3098 1313 quod
3137 1240 3290 1296 idem

1718 1339 1784 1396 p.
1813 1322 1955 1394 677,
1991 1322 2066 1379 23
2119 1322 2314 1395 affert,
2357 1322 2604 1399 μηλοίτων
2648 1344 2760 1404 pro
2807 1324 3008 1401 μήλων.
3052 1328 3134 1385 Cf.
3174 1329 3289 1384 Lo·

1721 1409 1894 1471 beck.
1921 1412 2170 1488 Paralip.
2201 1430 2264 1486 Ρ.
2302 1412 2430 1482 ι76.
2458 1415 2545 1469 De
2579 1412 2876 1490 καταγελᾶν
2902 1415 3292 1491 similibusque

1723 1500 1889 1555 tertio
1945 1517 2078 1555 casu
2119 1498 2440 1571 conjunctis
2479 1520 2538 1559 v.
2581 1500 2826 1559 eundem
2871 1502 2945 1559 ad
2990 1502 3292 1578 Sophoclis

1720 1584 2116 1661 Ajac.151.n
2141 1589 2329 1647 Mein.

2457 1666 2555 1726 85.

1800 1778 1889 1836 Id.
1919 1798 1980 1854 p.
2012 1776 2152 1851 565,
2185 1778 2300 1839 31:
2330 1776 2500 1837 ἰστέον
2516 1776 2608 1837 καὶ
2633 1779 2724 1857 (ἵ)
2755 1776 2835 1838 ὅτι
2857 1778 3144 1859 κωμῳδίας
3160 1779 3289 1841 ἴδιον

1718 1892 1761 1927 π
1775 1893 1808 1929 α
1823 1892 1865 1929 π
1879 1894 1923 1929 π
1938 1870 1954 1929 ί
1967 1874 2096 1941 ζειν
2127 1871 2212 1931 διὰ
2230 1876 2324 1931 τοῦ
2355 1896 2372 1931 ι
2393 1871 2454 1933 τὸ
2475 1874 2594 1933 καθ’
2617 1870 2866 1954 Ὅμηρον
2886 1875 3208 1945 παππάζειν.

2440 1985 2585 2045 86.

1800 2095 1888 2156 Id.
1920 2114 1984 2171 p.
2033 2094 2174 2167 537,
2215 2096 2340 2171 39.
2378 2095 2528 2173 παρὰ
2556 2094 2617 2155 τὸ
2657 2096 2770 2157 δίον
2803 2096 3161 2179 ἀνελεύθερος,
3199 2098 3292 2157 καὶ

1719 2180 1857 2240 κατὰ
1880 2181 2118 2241 παλαιὰν
2143 2182 2428 2262 κωμῳδίαν
2455 2206 2532 2265 <pc
2549 2182 2706 2257 ιδός,
2727 2185 2888 2262 ἤγουν
2915 2186 3162 2265 φειδωλος
3197 2188 3292 2245 δα-

1721 2266 1917 2343 πάνης,
1936 2269 2276 2349 ὁΠάνδαρος
2302 2272 2754 2349 [deum-1828,
2793 2272 3290 2355 ι2ικαὶφειδός,

1723 2355 1885 2436 ἤγουν
1917 2356 2207 2438 φειδωλὸς,
2232 2356 2319 2418 διὰ
2345 2357 2406 2417 τὸ
2434 2357 2698 2439 φείδεσθαι
2722 2360 2951 2423 πολλῶν.

2457 2464 2554 2537 87

1801 2574 1893 2633 Id.
1920 2594 1982 2651 Ρ.
2007 2573 2160 2647 584,
2189 2574 2306 2634 28.
2333 2571 2658 2651 τδσκῶμμα
2685 2572 3110 2651 ξυλοκύμὸη,
3139 2576 3296 2655 λεγό-

1724 2683 1877 2737 μενον
1915 2661 2005 2720 ἐπὶ
2043 2663 2302 2741 γυναικῶν
2319 2704 2339 2739 ,
2395 2651 2478 2729 αἷς
2527 2660 2648 2721 οὔτε
2686 2661 2880 2730 κάλλος
2926 2667 3138 2725 ἐπανθεῖ
3178 2664 3296 2725 οὔτε

1723 2771 2024 2830 συμμετρον
2055 2750 2290 2829 μεγεθος.

2458 2845 2556 2907 88.

1805 2959 1893 3017 Id.
1921 2977 1980 3034 p.
2017 2957 2151 3030 725,
2174 2957 2292 3015 32.
2329 2955 2476 3037 φέρει
2505 2954 2562 3018 81
2586 2955 2678 3018 καὶ
2708 2955 2946 3037 (auctor
2968 2959 3138 3018 lexici
3159 2961 3297 3018 rhe-

1726 3043 1925 3123 torici)
1957 3043 2062 3102 ἀπὸ
2095 3041 2336 3126 χρήσεως
2371 3066 2462 3102 του
2499 3049 2737 3122 κωμικοῦ
2769 3041 2832 3102 τὸ
2871 3043 3297 3123 παλίμὸολος

1723 3131 2117 3213 τρίπρατος,
2167 3131 2260 3191 και
2309 3129 2566 3200 πολλάκις
2603 3131 3138 3211 ἀπημπολημένοςμι
3185 3137 3299 3194 Sed

1724 3223 1844 3279 hoec
1886 3223 2124 3280 fortasse
2165 3223 2377 3279 rectius
2426 3220 2498 3279 ad
2543 3221 2919 3279 Menandrum
2949 3221 3300 3299 reseruntur,

1727 3330 1899 3386 quem
1926 3310 2058 3369 vide
2086 3311 2158 3367 sr.
2185 3331 2216 3384 7
2239 3307 2510 3387 Sicyonii.
2536 3309 2627 3374 Cf.
2655 3313 2809 3372 Eust.
2831 3330 2892 3387 Ρ.
2925 3309 3292 3384 1542,.·50.

1727 3402 1902 3457 Meae‘n.

2467 3493 2504 3550 8

1808 3609 1898 3672 Id.
1901 3628 1989 3711 p.
2023 3607 2162 3683 802,
2195 3606 2317 3674 34:
2351 3603 2494 3686 λέγει
2507 3514 2662 3666 9δι
2613 3604 2674 3664 τὸ
2701 3606 2830 3666 αὐτὸ
2855 3603 3056 3674 λιξικὸν
3091 3628 3180 3666 και
3222 3604 3303 3666 ὅτι

1728 3694 1789 3756 τὸ
1816 3695 1954 3756 δυοῖν
1979 3693 2071 3756 καὶ
2095 3692 2182 3753 ἐπι
2198 3694 2403 3766 δοτικῆς
2421 3691 2570 3774 παρὰ
2592 3700 2700 3761 τοῖς
2723 3693 3006 3772 Ἀττικοῖς,
3037 3683 3141 3754 οἷον

1829 3802 2002 3862 Δυοῒν
2027 3799 2336 3888 γυναικοῖν
2365 3784 2513 3870 εἶς’
2478 3819 2623 3888 ανςρ
2651 3797 2718 3859 οὗ
2748 3793 3085 3888 στέργεται.

2469 3937 2569 3994 90.

1810 4037 1901 4096 Id.
1927 4057 1988 4113 p.
2019 4035 2156 4105 804,
2186 4041 2281 4106 47,
2299 4032 2371 4091 de
2392 4035 2724 4109 compositis
2754 4051 2882 4090 cum
2907 4037 3080 4112 φορεῖν
3101 4047 3302 4109 agens.

1732 4123 1823 4182 καὶ
1861 4123 1924 4182 τὸ
1952 4123 2330 4203 διαφοριῑν,
2373 4119 2434 4180 τό
2470 4142 2528 4177 τε
2555 4119 2702 4201 παρὰ
2734 4127 2843 4186 τοῖς
2869 4121 3098 4197 ἰατροῖς,
3130 4115 3222 4176 καὶ
3247 4117 3310 4176 τὸ

1734 4208 1990 4288 κωμικόν.
2023 4211 2195 4286 Apud
2224 4209 2476 4266 medicos
2513 4210 2655 4284 quid
2685 4211 2758 4266 sit
2793 4207 3078 4287 διαφοριῑν,
3107 4219 3311 4264 ιιοιιιιιι

1734 4318 1807 4358 ex
1832 4301 2044 4358 Budaeo
2072 4311 2130 4356 et
2155 4297 2426 4374 Stephani
2451 4297 2619 4354 Thes.
2652 4297 2872 4355 Comici
2891 4296 3102 4353 dixisse
3119 4295 3316 4351 viden-

1734 4398 1920 4446 turco
1940 4407 2143 4463 seusu,
2167 4405 2288 4461 quo
2313 4385 2468 4462 apud
2489 4385 2778 4460 Aristoph.
2801 4387 2911 4443 Av.
2941 4383 3098 4443 355.
3119 4380 3187 4444 ἵν’
3206 4381 3314 4441 ὑπο

1734 4473 1939 4534 τουτων
1970 4474 2289 4554 διαφορηθῶ.
2317 4476 2406 4531 Ac
2434 4475 2670 4530 fortasse
2711 4474 2864 4530 huuc
2903 4491 3084 4529 unum
3121 4472 3312 4528 locum

1734 4565 1795 4620 in
1836 4576 2026 4621 mente
2071 4563 2270 4620 habuit
2297 4563 2457 4621 Eust.
2473 4561 2636 4619 ‚vide
2677 4572 2868 4618 tamen
2909 4565 3196 4634 Anonym.
3241 4559 3313 4614 de

1734 4653 2109 4727 Comoediap.
2141 4669 2242 4708 xv1
2265 4647 2353 4730 (n.
2381 4649 2466 4728 6),
2491 4649 2592 4705 ubi
2613 4646 3288 4728 διαφορουμένοιςιιιιι

1733 4741 1916 4816 biguo
1942 4757 2106 4796 sensu
2143 4757 2212 4796 ex
2243 4740 2466 4794 comico
2493 4748 2668 4812 poeta
2703 4735 2956 4794 affertur.
2993 4735 3244 4794 »Μάνη

1740 4997 1820 5051 Ne
1846 4991 2058 5051 illudite
2087 4993 2224 5050 meis
2253 4991 2430 5048 malis.
2485 4907 2552 4960 8⁴

2487 5081 2576 5132 89.

122 5147 281 5216 Quum
304 5158 481 5227 liceret
508 5170 773 5238 dormire,
805 5171 1037 5229 amicam
1067 5168 1323 5225 brachiis
1351 5173 1651 5225 tenentem.
1754 5170 1997 5224 Duarum
2029 5163 2326 5221 mulierum
2351 5177 2495 5221 unus
2521 5161 2602 5218 vir
2623 5177 2736 5218 non
2759 5158 3040 5234 probatur.
