3809 5850
472 386 585 439 3³ss

862 539 971 601 ΙΙΙ.
1022 538 1342 599 ΜΟΥΣΩΝ
1398 538 1647 597 ΙῸΝΑΙ.

1230 704 1281 744 1.

552 796 739 871 Etym.
772 798 850 852 Μ.
899 814 961 873 p.
1009 794 1149 863 352,
1204 801 1301 869 49,
1357 790 1644 871 Ἐπάκριος
1700 791 1833 859 Ζεύς
1885 813 1901 853 ε
1957 794 2040 850 ἐπ’

472 892 657 970 ἄκραις
683 888 783 969 γὰρ
804 893 907 947 τῶν
932 890 1067 969 ὀρῶν
1085 886 1319 968 ἱδρύοντο
1346 885 1552 968 βωμοὺς
1580 891 1657 969 τῷ
1679 890 1789 965 Διὶ,
1814 879 1924 949 οἷον
1949 892 2040 948 τοῦ

470 980 764 1057 Ὑμηττοῦ,
792 982 883 1037 τοῦ
912 975 1195 1057 Παρνήθου
1233 976 1599 1055 (Πάρνηθος).
1631 978 1770 1037 Πολ.
1817 978 2044 1038 Μουσῶν

472 1074 649 1145 γοναῖς
1943 1054 1970 1088 ⁰

572 1168 723 1266 ἱερὸν
754 1170 867 1267 γὰρ
894 1169 960 1240 ὂν
993 1174 1335 1266 τετύχηκας
1368 1167 1670 1266 Eiectat-pion
1696 1172 1847 1248 Διός.

474 1306 561 1358 De
594 1300 778 1357 verbo
814 1297 1091 1378 τυγχάνειν
1122 1319 1255 1356 cum
1292 1301 1617 1357 accusativo
1658 1296 1791 1355 loco
1814 1299 2044 1374 genitivi

474 1390 550 1447 cs.
585 1389 822 1468 Eupolis
854 1388 1137 1464 Prospalt.
1174 1386 1227 1446 3.
1256 1388 1501 1447 Meinek.
1540 1383 1737 1463 Ἱερεὺς
1763 1382 1867 1465 γὰρ
1885 1382 1958 1442 ὢν
1989 1407 2038 1441 τ.

1221 1518 1255 1557 2

554 1614 759 1671 Athen.
794 1632 853 1687 9,
883 1630 947 1687 p.
977 1610 1125 1681 370,
1154 1610 1224 1669 F.
1257 1610 1394 1670 Πολ.
1418 1606 1475 1666 δὲ
1505 1609 1559 1667 ἐν
1588 1610 1667 1668 Μ.
1702 1630 1759 1686 γ.
1798 1605 2044 1686 κράμὸας

476 1700 634 1767 αὐτὰς
660 1698 781 1780 (τὰς
813 1696 1097 1777 ῥαφάνους)
1131 1696 1399 1773 ὀνομάζων
1423 1695 1582 1776 φησὶν

578 1814 955 1912 Ῠψιπέταλοί
990 1846 1057 1889 τε
1090 1815 1361 1914 κράμὸαι
1390 1820 1623 1912 συχναί.

478 1956 843 2024 Asynartetus
864 1968 930 2005 ex
952 1966 1153 2005 eorum
1176 1963 1403 2023 genere,
1431 1946 1531 2018 qui
1554 1954 1808 2001 constant
1828 1942 2050 1999 duabus

474 2036 1015 2112 pentliemimeribns
1037 2031 1327 2104 iambicis,
1357 2034 1455 2091 sed
1485 2030 1717 2110 μείουρος
1749 2030 2049 2109 (σιν-νυν

474 2124 696 2203 σ-υ-).
732 2129 801 2184 V.
830 2124 1118 2200 Aristoph.
1146 2126 1256 2183 Av.
1284 2123 1421 2195 600,
1450 2134 1559 2183 etc.

1230 2249 1288 2309 3.

558 2380 837 2437 zenobius
864 2378 1142 2437 Proverb.
1179 2378 1240 2450 6,
1269 2375 1345 2435 50
1374 2396 1388 2433 τ
1907 2444 1916 2455 ι

574 2490 773 2591 ὥσπερ
807 2497 1052 2564 τέτοκεν
1083 2502 1230 2588 ἡμῖν
1264 2492 1391 2588 (γε)
1427 2488 1773 2572 Χαλκιδική
1803 2500 1970 2591 γυνή.

478 2622 670 2703 ταύτης
702 2624 823 2701 (τῆς
846 2622 1163 2703 παροιμίας)
1186 2623 1321 2683 Πολ.
1346 2621 1611 2699 μέμνηται
1626 2625 1680 2681 ἐν
1696 2625 1772 2684 Μ.
1792 2646 1847 2701 γ.
1871 2624 1958 2683 ἐπί
1972 2647 2051 2682 τι-

477 2726 562 2769 νος
586 2702 787 2769 πολλὰς
826 2704 1111 2785 θυγατέρας
1150 2700 1546 2781 ἀπογεννώσης,
1590 2700 1769 2773 ἐπειδὴ
1803 2704 2050 2765 Χαλκίδα

479 2794 572 2861 τῆς
598 2790 827 2858 Εὖὸοίας
864 2788 1017 2849 πόλιν
1057 2786 1187 2871 φασί
1222 2810 1351 2847 ποτε
1392 2789 1614 2860 ἀνθῆσαι
1646 2788 1828 2871 δόρασί
1864 2816 1921 2850 τε
1956 2791 2048 2850 καὶ

480 2878 671 2952 πλήθει
709 2877 979 2960 τετρώρων
1026 2876 1300 2958 ἁρμάτων.
1350 2877 1399 2937 οἳ
1436 2876 1490 2937 δέ
1534 2900 1690 2959 φασιν
1727 2880 1785 2939 οὗ
1814 2878 1911 2952 τὴν
1951 2882 2052 2942 πό-

481 2970 584 3046 λιν,
635 2967 773 3028 ἆλλὰ
825 2968 921 3040 τὴν
958 2965 1160 3048 ἡρωΐδα
1215 2966 1463 3026 Χαλκίδα
1517 2969 1771 3046 εἰρῆσθαι.
1826 2970 2051 3048 Κόμὸην

478 3059 583 3140 γάρ
628 3080 759 3139 φασι
798 3053 894 3130 τὴν
930 3056 1300 3129 ἐπικληθεῖσαν
1350 3053 1635 3129 Χαλκίδα,
1686 3057 1867 3130 ἐπειδὴ
1914 3059 2051 3119 ὅπλα

481 3149 663 3224 χαλκᾶ
686 3143 975 3217 ἐποιήσατο
1008 3143 1227 3225 πρώτη,
1273 3140 1659 3212 συνοικήσασαν
1687 3144 1837 3223 ἀνδρὶ
1864 3144 2050 3204 ἑκατὸν

481 3235 683 3294 παίδων
705 3233 945 3311 γενέσθαι
976 3231 1199 3314 μητέρα,
1222 3235 1293 3299 ὣς
1315 3232 1606 3308 ἱστοροῦσιν
1635 3234 1685 3291 οἱ
1716 3231 1785 3290 τὰ
1812 3233 2051 3294 Εὐὸοἴκὰ

479 3321 905 3402 συγγράψαντες,
947 3319 1039 3378 καὶ
1064 3317 1305 3400 Ἄριστος
1332 3321 1361 3378 δ
1404 3319 1747 3396 Σαλαμίνιος.
1787 3324 1861 3378 In
1886 3343 2052 3380 versu

478 3413 651 3487 vulgo
677 3407 895 3490 Ὥσπερ
925 3409 1100 3470 Χαλκ.
1138 3407 1249 3470 τέτ.
1294 3410 1424 3486 ἡμῖν
1479 3407 1640 3486 γυνή,
1680 3411 1743 3468 in
1770 3411 2046 3470 Proverb.

480 3499 646 3556 Bodl.
678 3498 795 3574 956
826 3501 859 3570 ἡ
886 3495 1037 3577 γυνή.
1071 3498 1141 3556 In
1177 3499 1367 3556 verbis
1399 3495 1652 3555 Χαλκίδα
1688 3529 1767 3544 -
1799 3497 2051 3578 ἁρμάτων

479 3588 641 3644 facile
664 3605 933 3664 agnoscas
957 3587 1203 3644 senarios
1229 3588 1419 3644 nescio
1444 3586 1607 3660 cujus
1622 3598 1806 3662 poetae
1832 3606 1848 3644 z

558 3715 761 3784 Χαλκὶς
784 3715 867 3790 δὲ,
894 3715 1048 3797 «poter,
1078 3713 1326 3789 ἤνθησεν,
1352 3713 1578 3782 Εὗὸοίας
1600 3713 1770 3786 πόλις,

561 3802 743 3884 δόρασί
762 3826 819 3862 τε
844 3803 931 3862 καὶ
953 3803 1143 3874 πλήθει
1168 3804 1293 3880 (γε)
1324 3799 1594 3882 τετρώρων
1618 3803 1889 3882 ἁρμάτων.

480 3921 565 3973 De
591 3917 807 3974 Combe
824 3959 843 3988 ,
872 3917 1047 3992 Asopi
1082 3927 1140 3972 et
1162 3917 1441 3972 Methonae
1469 3915 1619 3987 filia,
1658 3918 2051 3992 Corybantum

478 4015 678 4073 matre,
704 4015 943 4083 propter
969 4003 1103 4059 ferri
1130 4003 1401 4060 fabricam
1421 4006 1706 4062 inventam
1724 4005 1877 4063 dicta
1894 4009 2052 4065 Χαλ-

479 4088 577 4161 κὶς,
614 4092 785 4150 Mein.
809 4090 1004 4147 laudat
1043 4091 1217 4149 Diod.
1256 4091 1368 4150 Sic.
1411 4098 1468 4160 4,
1505 4101 1604 4164 74,
1647 4096 1838 4154 Noun.
1878 4097 2048 4152 DIon.

489 4177 583 4247 13,
614 4176 720 4234 135
740 4195 929 4252 seqq„
958 4178 1152 4251 steph.
1185 4180 1419 4252 Byzant.
1460 4199 1519 4240 v,
1554 4178 1778 4252 Χαλκὶς,
1810 4202 1871 4256 p.
1909 4183 2038 4254 751,

481 4265 733 4324 Eustath.
756 4265 829 4320 ad
852 4267 919 4324 ll.
953 4285 1009 4338 τι,
1040 4264 1178 4336 542,
1208 4266 1386 4324 schol.
1411 4267 1486 4324 ad
1514 4271 1583 4324 Π.
1615 4275 1681 4334 14
1706 4311 1723 4339 ,
1757 4289 1862 4346 ²9¹
1892 4293 1909 4341 3
1941 4291 2046 4327 nec

890 4451 1261 4508 MUSARUM
1296 4409 1681 4508 NATALESJ

1232 4561 1281 4609 1.

483 4654 708 4708 Sacrum
728 4652 877 4708 enim
898 4651 1042 4710 forte
1060 4661 1338 4712 assecutus
1364 4669 1421 4712 es
1443 4655 1594 4714 Iovis
1618 4656 1886 4714 Montani.

1236 4779 1291 4820 2.

484 4867 733 4939 Altisque
760 4866 905 4924 foliis
930 4867 1157 4940 raphani
1192 4869 1527 4943 frequentes.

1234 4979 1287 5028 3.

484 5069 961 5142 Quemadmodum
986 5072 1140 5128 nobis
1160 5073 1437 5144 (quidem)
1459 5077 1665 5149 peperit
1685 5077 2057 5137 Chalcidensis

1476 344 1887 436 commentia
1928 375 2254 437 varanis
2297 375 2712 449 RELIQmAE.

2133 517 2346 590 probat
2369 516 2588 575 scilicet
2623 516 2772 572 istud
2801 512 3004 586 ἑκατὸν,
3029 516 3126 572 sed
3163 517 3326 573 scribi
3345 517 3508 591 jubet
3531 520 3654 574 ἑπτά.

2132 603 2424 662 Nonnusl.
2449 605 2492 661 l.
2525 611 2630 675 147
2671 625 2683 658 ;

2215 724 2394 787 Σῶκος
2419 706 2691 793 ἆλιζώνοιο
2718 720 2894 803 πατὴρ
2917 722 3234 802 νοσφίσσατο
3255 723 3454 804 πάτρης

2215 811 2438 888 Κόμὸης
2465 812 2490 869 ἑ
2502 833 2543 868 π
2555 833 2586 869 τ
2597 832 2632 867 α
2643 833 2674 868 τ
2684 809 2713 869 ό
2728 833 2762 867 κ
2777 834 2844 869 ου
2877 808 3012 886 μετὰ
3043 810 3290 889 μητέρος.

2142 952 2166 976 ι
2189 927 2317 981 Jam
2344 926 2518 983 etiam
2541 925 2747 981 elarius
2790 926 3053 998 patescit,
3099 943 3204 981 cur
3247 926 3368 983 Pol.
3415 926 3662 981 Musarum

2135 1025 2374 1070 matrem
2411 1033 2544 1071 cum
2564 1012 2836 1070 Chalcide
2864 1013 3286 1089 comparaverit
3305 1054 3324 1083 ‚
3356 1031 3454 1070 eos
3479 1026 3662 1069 secutus

2137 1103 2443 1177 scriptores
2491 1100 2791 1177 (inprimis
2839 1101 3250 1175 Epicharmum
3303 1118 3321 1157 ε
3369 1120 3426 1160 ν.
3471 1100 3664 1174 Gyraldi

2138 1192 2296 1263 Synt.
2329 1210 2388 1261 7,
2432 1208 2494 1264 p.
2524 1184 2697 1267 260),
2729 1189 2829 1264 qui
2856 1200 3072 1264 septem
3111 1190 3301 1247 Musas
3335 1190 3496 1247 fuisse
3522 1188 3662 1246 tradi-

2137 1277 2362 1335 derunt.
2399 1304 2422 1329 ι
2449 1278 2502 1334 E
2523 1280 2612 1335 M.

2892 1407 2949 1465 4.

2219 1512 2418 1569 Pollux
2448 1512 2509 1582 6,
2548 1510 2658 1567 168
2688 1513 2756 1569 εδ
2787 1507 2840 1567 δὲ
2870 1508 3362 1590 γυναικοφιλὴς
3389 1512 3442 1569 ἐν
3463 1516 3562 1575 ταῖς
3581 1511 3663 1568 Πο-

2138 1598 2361 1668 λυζήλου
2391 1601 2478 1658 Μ.
2511 1596 2688 1675 γοναῖς
2715 1598 2772 1656 οὗ
2801 1594 2937 1654 πάνυ
2967 1596 3198 1657 ἀνεκτόν.

2487 1778 2590 1834 Ex
2631 1774 2974 1837 INCERTIS
3014 1777 3356 1835 FABULIS.

2901 1942 2952 1982 1.

2220 2054 2411 2114 Schol.
2462 2057 2660 2113 Venet.
2694 2050 2768 2110 ad
2807 2054 3097 2130 Aristoph.
3134 2052 3286 2112 Plut.
3341 2052 3456 2112 550
3495 2072 3508 2113 :
3548 2054 3662 2127 ὁμέν

2143 2141 2578 2219 (Thrasybulus)
2608 2137 2958 2216 ἀξιωματικὸς
2975 2138 3066 2198 καὶ
3085 2138 3329 2213 αὐθάδης·
3346 2144 3378 2200 δ
3397 2139 3450 2199 δὲ
3469 2144 3666 2219 (Diony
3716 2152 3717 2185 ἐ

2141 2232 2284 2307 sius)
2308 2226 2649 2305 μαινόμενος,
2679 2226 2802 2299 καὶ,
2831 2228 2904 2293 ὣς
2931 2224 3122 2300 ἔοικεν,
3150 2226 3498 2305 ἰχθυοπώλης.
3525 2228 3636 2287 Πολ.
3716 2230 3717 2299 ξ

2239 2357 2292 2428 ὁ
2326 2360 2680 2453 μαινόμενος
2700 2358 2950 2425 ἐκεινοσὶ
2981 2359 3313 2445 Διονύσιος,

2238 2476 2485 2559 χρυσοῦν
2519 2467 2675 2558 ἔχων
2704 2456 2986 2558 χλίδωνα
3011 2464 3115 2530 καὶ
3136 2468 3517 2557 τρυφτὲματα,
3716 2534 3717 2545 ¹

2239 2574 2351 2639 κάν
2376 2582 2466 2659 τῷ
2506 2574 2692 2663 μύρῳ,
2725 2576 2864 2664 παρ’
2905 2565 3217 2644 Ᾰθηναίων
3259 2566 3638 2662 μακαρίζεται.
3716 2566 3717 2637 J

2142 2713 2319 2767 Versu
2347 2728 2380 2765 α
2413 2708 2548 2765 cod.
2579 2704 2851 2785 χραιδόνα.
2890 2708 3151 2764 Correxit
3199 2707 3378 2767 Dind.
3417 2718 3672 2775 annotans,
3716 2728 3717 2793 J

2141 2794 2373 2873 χλίδωνα
2403 2806 2462 2853 et
2481 2790 2728 2872 τρύφημα
2757 2798 2906 2852 inter
2926 2795 3206 2852 mundum
3227 2796 3558 2853 muliebrem
3579 2814 3670 2849 me·
3716 2804 3717 2849 ἶ

2142 2886 2355 2942 morari
2383 2884 2456 2942 ab
2482 2884 2862 2960 Aristophane
2894 2884 3098 2960 fragm.
3135 2884 3276 2960 309.
3301 2885 3379 2945 V.
3415 2884 3446 2940 3
3471 2885 3616 2957 vulgo
3633 2880 3670 2936 ἐν
3716 2890 3717 2958 ᾗ

2143 2973 2220 3052 τῷ
2254 2997 2316 3050 μ.
2343 2973 2453 3030 Sed
2483 2991 2628 3048 opus
2655 2983 2738 3030 est
2759 2970 2848 3030 καὶ
2867 2973 3171 3049 particula,
3195 2991 3318 3047 quo
3339 2973 3668 3046 intelligatur,

2143 3077 2380 3142 propter
2399 3065 2518 3122 haec
2547 3067 2742 3122 omnia
2765 3065 3095 3138 conjuncta,
3125 3085 3246 3122 non
3273 3066 3462 3124 solum
3476 3075 3663 3142 proptu

2145 3166 2498 3232 unguentum
2526 3174 2644 3229 quo
2684 3155 2972 3212 delibutus
2993 3165 3136 3230 erat,
3166 3155 3534 3213 Athenienses
3558 3151 3670 3210 invi·
3716 3161 3717 3232 ᾗ

2143 3243 2290 3298 disse
2318 3243 2614 3317 Dionysio.
2646 3237 2928 3312 Ἀθηναίων
2952 3253 3217 3315 correpta
3241 3241 3604 3318 diphthongo,
3625 3251 3670 3293 nt

2145 3331 2204 3386 in
2233 3327 2528 3400 Ἀθηναίους
2547 3348 2641 3406 ap.
2665 3331 3058 3386 Pherecratem
3094 3325 3298 3407 Γραυσὶ
3327 3330 3406 3390 fr.
3439 3339 3491 3398 4.
3716 3357 3717 3362 ’

2905 3459 2960 3498 2.

2225 3555 2429 3610 Pollux
2453 3575 2511 3626 2,
2549 3574 2570 3609 1
2591 3553 2658 3610 18
2687 3571 2700 3612 ε
2735 3551 2825 3610 καὶ
2863 3553 3149 3634 πραότερος
3170 3595 3186 3625 ,
3215 3557 3288 3619 ὥς
3321 3557 3460 3616 Πολ.
3495 3557 3666 3624 ὁκωμι·

2145 3663 2257 3713 κος,

2239 3787 2336 3798 -—
2365 3744 2514 3816 Ᾱλλ’
2547 3753 2614 3815 οὐ
2646 3749 2945 3843 πρᾳότερα
2975 3747 3052 3815 τὰ
3087 3751 3440 3842 φθέγματα,

2240 3847 2380 3921 οὐδὲ
2409 3852 2721 3948 γλυκὶονα.

2140 3965 2300 4025 Libri
2333 3966 2535 4021 vitiose
2561 3961 2657 4024 κα).
2687 3966 3001 4045 πρᾳοτέρους
3027 3965 3094 4024 τὰ
3124 3965 3412 4045 φθέγματα
3431 4013 3444 4038 ,
3465 3967 3528 4030 ὡς
3555 3963 3662 4022 Πολ.

2141 4056 2322 4113 Verba
2350 4049 2470 4112 οὐδὲ
2506 4055 2588 4132 γλ.
2614 4074 2646 4113 e
2673 4055 2876 4113 codiee
2897 4055 3210 4114 Falckenb.
3249 4057 3469 4115 addita.
3499 4085 3568 4098 -
3585 4048 3671 4106 Sed

2141 4162 2292 4200 nunc
2315 4162 2382 4200 ex
2413 4146 2633 4220 optimo
2658 4144 2786 4202 cod.
2811 4145 2985 4204 Paris.
3017 4145 3308 4202 Bekkems
3331 4145 3502 4204 edidit
3528 4163 3539 4197 :

2241 4253 2393 4323 Ᾱλλ’
2425 4263 2492 4324 οὗ
2509 4257 2759 4351 τρυγερὰ
2777 4257 2858 4324 τὰ
2883 4260 3205 4351 φθέγματ’,
3242 4253 3380 4326 οὐδὲ
3401 4247 3666 4353 γλύξιδας.

2505 4459 2606 4512 Ex
2643 4459 2978 4514 INCERTIS
3015 4459 3356 4516 FABULIS.

2895 4567 2918 4614 1
2931 4601 2943 4614 .

2143 4646 2376 4701 Insanus
2403 4643 2494 4700 ille
2511 4646 2812 4718 Dionysius

2139 4746 2366 4788 aureum
2387 4731 2597 4790 liabens
2622 4733 2823 4791 monile
2847 4743 2902 4790 et
2928 4745 3275 4806 ornamenta,

2141 4828 2470 4894 propterque
2506 4829 2867 4893 unguentum,
2909 4822 3034 4882 felix
3071 4824 3396 4899 praedicatur
3437 4821 3502 4878 ab
3543 4817 3671 4872 Athe

3375 4903 3668 4981 [aiensibus.

2211 5113 2280 5123 -
2299 5083 2408 5138 Sed
2429 5100 2540 5140 nou
2570 5083 2864 5156 placidiora
2885 5005 3070 5158 31}er

1810 5166 2050 5232 [mulier.
2143 5187 2316 5242 neque
2349 5173 2619 5228 suaviora.
