3809 5850
392 394 468 442 58
1025 343 1034 366 '
1371 378 1776 438 coMOEmAE
1822 375 2153 438 vmams
2196 379 2617 454 RELIQmAE.

396 534 444 584 1,
475 533 524 580 2,
577 523 686 570 etc.
724 537 747 561 α
777 511 1018 584 Πελασγ.
1050 508 1236 587 Ἄργος
1279 510 1476 584 (Iliad.
1523 531 1577 582 2,
1608 511 1759 586 681)
1802 515 1955 568 Dor—

385 603 573 656 villius
603 605 780 658 Vann.
807 603 932 656 crit.
964 620 1026 674 p.
1063 599 1163 667 51,
1195 618 1312 654 non
1343 601 1534 674 ipsum
1549 606 1730 674 Argos
1757 601 1963 655 intelli-

387 691 500 763 git,
527 688 627 746 sed
667 691 849 743 Panos
877 699 1106 743 autrum
1135 697 1192 741 et
1226 688 1492 742 sacellum
1535 690 1594 742 in
1634 685 1958 762 PelasgicO,

386 797 558 852 quam
579 778 642 831 in
669 796 792 831 rem
816 776 1011 831 laudat
1039 777 1277 832 Pausan.
1315 779 1433 830 Att.
1459 775 1553 846 28,
1580 775 1862 832 Herodot.
1897 775 1959 845 6,

393 864 528 934 105,
580 867 778 939 Eurip.
823 866 952 919 Ion.
1009 861 1148 938 938,
1211 863 1286 920 al.
1342 866 1424 920 Cf.
1471 865 1660 921 Leake
1712 867 1961 938 Topogr.

385 959 507 1008 Att.
557 972 618 1027 p.
673 953 808 1022 284,
855 951 1059 1026 Bergk.
1112 953 1453 1012 Commentt.
1503 973 1562 1026 p.
1619 972 1714 1026 97.
1749 949 1963 1026 Ἐμὸα-

383 1039 584 1109 τεύων,
623 1051 690 1094 ut
729 1040 1023 1113 AEschylus
1067 1040 1219 1094 PerS.
1259 1037 1371 1106 454
1403 1059 1418 1098 :
1455 1037 1610 1110 νῆσός
1633 1036 1710 1102 τίς
1755 1039 1961 1098 fictu...

385 1127 450 1198 ἣν
477 1129 504 1182 ὁ
528 1125 800 1206 φιλόχορος
821 1125 940 1185 Πὰν
958 1125 1260 1200 ἐμὸατεύει.
1283 1129 1480 1203 Eurip.
1498 1129 1734 1202 Teleph.
1771 1147 1791 1182 1
1826 1144 1840 1184 :
1865 1127 1961 1183 πέ-

385 1235 504 1292 τρον
529 1213 793 1294 Ἀρκάδων
820 1213 1158 1294 δυσχείμερον
1186 1212 1349 1293 (Πὰν)
1377 1214 1704 1290 ἑμὲατεύεις.
1739 1240 1762 1265 n
1795 1218 1844 1270 E
1863 1218 1952 1272 M.

1121 1329 1220 1386 23.

466 1446 650 1517 Etym.
676 1446 755 1505 M.
783 1465 842 1518 p.
873 1463 1007 1514 200,
1034 1443 1131 1514 37,
1163 1441 1446 1518 Βλιμάζειν
1481 1463 1493 1498 :
1535 1439 1596 1500 τὸ
1619 1439 1964 1512 τιτθολαὸεῖν,

386 1529 547 1606 ἤγουν
571 1532 820 1610 ψηλαφᾶν
847 1529 913 1587 τὰ
942 1530 1108 1601 στήθη
1142 1530 1232 1588 καὶ
1259 1529 1378 1595 τοὺς
1407 1527 1638 1605 μαστοὺς
1677 1529 1963 1603 καταλαμ-

385 1617 561 1675 ὅάνειν
580 1622 644 1694 τῇ
667 1619 774 1698 ἁφῇ
791 1663 807 1690 ,
827 1617 917 1676 καὶ
939 1617 1195 1676 ἅπτεσθαι
1211 1621 1312 1675 τῶν
1335 1615 1645 1697 ἀπορρήτων
1667 1618 1838 1692 μελῶν
1859 1619 1963 1674 τῶν

382 1705 712 1786 γυναικείων,
737 1705 828 1762 καὶ
854 1705 1119 1784 διεγείρειν
1148 1704 1239 1770 τὰς
1264 1703 1570 1780 ἐπιθυμίας,
1591 1703 1662 1769 ὥς
1689 1725 1818 1782 φησι
1842 1704 1966 1781 Κρ.,

481 1825 562 1906 ὸς
595 1821 664 1894 δὲ
715 1827 994 1920 μαλακὸν
1030 1825 1132 1894 καὶ
1173 1828 1338 1920 τέρεν
1385 1826 1456 1892 τὸ
1493 1819 1821 1920 χρωτίδιον
1866 1825 1962 1910 ἦν,

1735 1931 1782 1997 ὦ
1809 1935 1930 2001 θεοί
1946 1930 1957 1998 l

479 2039 581 2105 καὶ
629 2037 744 2134 γὰρ
799 2034 1126 2132 ἐξιλίμαζον
1187 2042 1404 2111 αὐτήν·
1461 2045 1498 2112 ἡ
1554 2034 1612 2104 δ’
1671 2035 1960 2133 ἐφρόντιζ’

1711 2137 1850 2210 οὐδὲ
1879 2148 1960 2213 ἔν.

385 2277 479 2331 Sic
503 2277 634 2331 item
661 2278 912 2330 Zonaras
931 2315 948 2342 ‚
987 2276 1204 2330 omissis
1229 2285 1418 2333 tamen
1445 2275 1632 2329 verbis
1658 2275 1690 2342 ἡ
1712 2272 1755 2329 δ’
1775 2271 1963 2352 ἐφρόν-

384 2366 522 2430 τιζεν
555 2365 706 2436 (haec
732 2364 1014 2418 librorum
1038 2363 1350 2437 scriptura)
1381 2383 1430 2417 0.
1458 2358 1534 2420 ἕν.
1563 2363 1778 2418 Cratini
1801 2382 1965 2418 versu

394 2471 416 2506 1
459 2449 512 2507 δὲ
534 2465 590 2506 et
613 2441 676 2520 ἦν
707 2452 941 2506 inseruit
965 2452 1155 2510 Elmsl.
1189 2452 1250 2504 in
1278 2453 1522 2507 Censura
1553 2452 1800 2506 Hecubae
1822 2453 1963 2506 Por·

385 2559 505 2596 son.
540 2559 599 2614 p.
634 2539 746 2610 257
775 2540 863 2598 ed.
888 2541 1043 2613 Lips.

1148 2652 1243 2710 24.

463 2759 688 2815 Ibidem
711 2779 770 2834 p.
807 2759 944 2833 269,
973 2757 1065 2828 31,
1091 2755 1451 2828 Διαπηνικίζω
1479 2775 1489 2810 :
1523 2756 1736 2816 ἀπατῶ.
1777 2758 1877 2834 Κρ.

483 2875 718 2941 Τοῦτον
755 2873 862 2966 μὲν
893 2868 992 2938 οὖν
1029 2877 1230 2947 καλῶς
1266 2870 1336 2937 σὺ
1387 2861 1804 2950 διεπηνίκισας

479 2982 682 3072 λόγον.

388 3115 596 3195 εἴρηται
626 3112 732 3170 ἀπὸ
759 3115 851 3181 τῆς
883 3110 1133 3184 πηνίκης,
1161 3108 1198 3180 ἥ
1223 3111 1332 3168 ἐστι
1356 3106 1600 3189 περιθετὴ
1633 3108 1772 3185 κόμη
1789 3154 1806 3187 ,
1831 3112 1900 3176 ὡς
1928 3114 1963 3182 ἡ

386 3201 588 3282 φενάκη
607 3246 623 3277 ,
645 3200 680 3271 ἢ
705 3200 824 3266 τοὺς
841 3202 1070 3278 ὁρῶντας
1097 3200 1280 3279 ἀπατᾷ
1307 3200 1380 3264 ὡς
1405 3196 1558 3279 φύσει
1583 3188 1733 3257 οὖσα.
1758 3198 1890 3265 τινὲς
1908 3198 1963 3257 δὲ

384 3291 446 3349 τὸ
471 3288 728 3347 ποικίλλω
759 3288 1079 3365 ἐξηγοῦνται.
1114 3290 1240 3345 Hoc
1267 3290 1474 3345 merito
1503 3288 1758 3362 probans
1783 3290 1961 3349 Mein.

385 3379 610 3435 addidit
649 3367 738 3436 οῧν
777 3380 946 3435 metri
982 3380 1199 3454 gratia,
1233 3380 1329 3433 cni
1360 3388 1751 3433 succurrentes
1791 3380 1963 3434 etiam

384 3487 491 3523 nos
518 3469 853 3523 inseruimus
876 3464 968 3539 σὺ,
995 3467 1154 3540 quod
1177 3466 1342 3523 facile
1369 3468 1640 3541 perierit,
1681 3478 1737 3523 et
1761 3486 1991 3523 vocem.

384 3554 538 3631 λόγον
567 3556 643 3612 ad
683 3566 1014 3629 sequentem
1041 3574 1266 3613 versum
1296 3556 1593 3613 retulimus
1631 3556 1708 3611 ob
1736 3556 1960 3630 produ-

384 3652 542 3699 ctum
574 3663 622 3697 νι
659 3645 720 3698 in
749 3644 933 3699 verbis
959 3640 1157 3711 πηνίκη
1188 3653 1245 3697 et
1271 3640 1635 3711 διαπηνικίζω.
1671 3644 1959 3700 Gramma·

387 3734 531 3786 ticus
557 3730 906 3787 Bachmanni
935 3730 1154 3788 Anecd.
1182 3730 1283 3786 Gr.
1329 3750 1382 3799 1,
1415 3750 1474 3804 p.
1520 3730 1657 3804 342,
1685 3733 1960 3787 mendose

385 3817 620 3890 quidem
635 3857 652 3886 ‚
675 3836 854 3890 quum
867 3817 1134 3872 librarius
1148 3856 1165 3885 ‚
1185 3816 1422 3872 dictanti
1445 3819 1845 3893 obtemperans
1868 3820 1963 3875 ἷω-

387 3902 686 3971 τακίζοντι,
731 3906 822 3959 vel
861 3906 1084 3979 potiuS,
1121 3906 1168 3959 si
1196 3904 1276 3959 sas
1307 3915 1390 3960 est
1424 3905 1664 3961 verbum
1713 3906 1958 3981 fingere,

390 3990 790 4069 ῥευχλινίζοντι,
841 4014 876 4059 η
921 4002 980 4047 et
1018 4013 1033 4046 ι
1072 3992 1486 4062 confunderet,
1529 3994 1608 4049 ita
1643 4005 1858 4069 tamen,
1896 4008 1963 4051 ut

387 4082 762 4153 quantitatem
790 4100 840 4133 νι
865 4080 1096 4154 syllabae
1137 4090 1405 4154 agnoscas
1437 4099 1451 4135 ι
1493 4077 1720 4151 Πηνήκη
1763 4102 1778 4137 :
1811 4102 1962 4159 περι-

387 4165 650 4245 κεφαλαία
704 4163 966 4244 τριχωτὴ,
1023 4162 1058 4235 ἢ
1112 4164 1447 4242 (perperam
1489 4169 1634 4224 liber
1680 4167 1799 4241 καὶ,
1835 4190 1962 4245 quae

387 4256 716 4327 permisceri
752 4254 978 4328 solent)
1009 4252 1254 4329 περιθετὴ
1302 4252 1462 4329 κόμη.
1509 4253 1648 4313 ἔνθεν
1674 4254 1764 4313 καὶ
1792 4280 1961 4329 πηνη-

387 4340 546 4407 κίζειν
571 4338 630 4397 τὸ
657 4342 884 4412 ἀπατᾶν,
923 4352 1036 4401 etc.
1066 4342 1158 4401 Cf>
1178 4342 1376 4418 fragm.
1405 4342 1502 4402 51.

1137 4454 1230 4513 25.

469 4566 689 4622 Ibidem
727 4588 788 4643 p.
825 4576 959 4641 402,
992 4569 1086 4647 39,
1113 4568 1391 4648 Ἐφετίνδα
1445 4593 1459 4629 2
1501 4572 1665 4649 ὄνομα
1705 4576 1919 4642 παιδιᾶς
1944 4620 1958 4647 ,

389 4655 679 4731 φενακικῶς
705 4653 776 4733 (i.
808 4676 856 4713 e.
889 4657 1268 4737 ἅπατητικῶς)
1291 4680 1304 4694 ·
1350 4664 1420 4726 ὡς
1459 4660 1561 4740 γὰρ
1590 4660 1961 4743 Ἀριστοφάνης

1125 4828 1213 4879 23.

391 4908 470 4963 Ut
499 4904 681 4961 mollis
709 4914 824 4963 erat
847 4916 903 4964 et
925 4918 1108 4967 tenera
1128 4951 1144 4974 .
1170 4928 1204 4967 o
1233 4912 1343 4981 dii,
1364 4916 1630 4972 cuticula!
1705 4917 1953 4985 [curavit.

2056 513 2189 586 (Eq.
2223 513 2359 590 862)
2384 512 2512 592 φησὶ
2541 511 2601 570 τὸ
2629 511 3061 590 ὀστρακίνδα,
3098 513 3245 592 παρὰ
3284 514 3343 572 τὸ
3374 515 3625 594 ὄστρακον

2055 601 2391 671 ἀναπλάσας,
2416 599 2765 676 αἰνιττόμενος
2792 599 2879 656 τὸν
2902 597 3328 678 ἐξοστρακισμὸν,
3346 600 3488 661 οὕτω
3520 607 3627 682 Κρ.

2056 689 2319 748 ἀνέπλασε
2342 689 2403 747 τὸ
2428 716 2452 739 ι
2481 687 2777 767 ἓφετίνδοι
2807 714 2829 739 -ι
2858 685 3004 766 παρὰ
3030 686 3122 754 τὰς
3148 690 3205 746 ἐν
3235 697 3340 755 τοῖς
3364 691 3635 760 δικαστη-

2056 777 2178 854 ρίοις
2206 776 2485 854 γενομένας
2512 775 2730 856 ἐφέσεις.
2758 775 2906 854 παρὰ
2946 765 3035 834 οὖν
3069 775 3167 844 τὴν
3191 778 3364 856 ἔφεσιν
3389 780 3635 858 ἐφετίνδα

2060 867 2075 941 ί
2095 867 2292 922 ludum
2312 864 2470 941 pilae)
2488 911 2504 935 ,
2523 863 2663 922 κατὰ
2687 863 2883 942 τροπὴν
2912 869 3002 920 τοῦ
3028 888 3060 920 σ
3084 867 3155 930 εἷς
3176 889 3233 922 τ·
3261 865 3479 945 καὶγὰρ
3512 869 3634 946 ἐφέ-

2056 977 2147 1022 της
2194 953 2404 1030 λέγεται
2448 955 2475 1008 ὃ
2522 951 2747 1028 πέμπων
2789 949 2882 1022 τὴν
2922 950 3113 1031 ἔφεσιν.
3170 981 3194 1004 ⁸
3232 958 3278 1011 Ν
3286 957 3351 1010 isi
3400 957 3521 1012 haec
3560 957 3635 1014 ad

2056 1043 2289 1096 Cratetis
2316 1037 2541 1104 Παιδιὰς
2572 1042 2885 1116 pertinent,
2918 1062 3043 1116 quae
3069 1044 3475 1100 Hemsterhusii
3508 1064 3635 1101 sen—

2058 1130 2231 1184 tentia
2258 1139 2360 1186 est.
2398 1153 2423 1180 n
2458 1131 2541 1186 M.

2810 1241 2906 1298 26.

2136 1354 2224 1407 lb.
2257 1372 2319 1426 p.
2349 1362 2487 1427 491,
2518 1362 2615 1425 40,
2654 1354 2820 1433 Καρίς
2854 1375 2867 1410 :
2907 1358 2976 1421 ὡς
3004 1352 3150 1436 παρὰ
3198 1356 3466 1436 Κρατίνῳ,

2155 1459 2330 1560 ἒχων
2362 1472 2433 1536 τὸ
2463 1471 2783 1565 πρόσωπον
2808 1463 3049 1564 καρίδος
3088 1473 3519 1564 μασθλητίνης.

2058 1595 2173 1653 ἀντὶ
2200 1601 2290 1654 τοῦ
2318 1597 2652 1675 δερματίνης.
2692 1625 2716 1650 ιι
2758 1601 3015 1656 Eundem
3042 1620 3264 1657 versum
3294 1621 3363 1658 ex
3393 1605 3635 1676 Eupoli-

2056 1685 2143 1740 dis
2176 1683 2375 1759 Δήμοις
2418 1687 2583 1742 affert
2628 1689 2839 1748 Athen.
2882 1689 2938 1758 3,
2978 1709 3039 1764 p.
3088 1691 3228 1764 106,
3280 1693 3346 1758 Β,
3378 1692 3537 1746 unde
3574 1691 3636 1746 τὸ

2057 1777 2347 1848 assumpsi.
2376 1777 2629 1832 Fortasse
2660 1779 2947 1832 memoriae
2974 1797 3170 1834 errore
3192 1779 3489 1836 Cratinum
3518 1800 3623 1834 no·

2056 1863 2293 1917 minavit
2318 1864 2703 1939 EtymologuS.
2726 1889 2750 1914 υ
2784 1867 2834 1918 Ε
2856 1867 2942 1922 Μ.
2966 1867 3238 1940 Suspicor
3254 1863 3467 1922 ὄλισὸον
3490 1869 3629 1924 dici.

2795 1997 2891 2048 27.

2138 2080 2225 2137 lb.
2258 2101 2319 2156 p.
2350 2081 2489 2157 512,
2519 2082 2576 2152 8,
2612 2080 2969 2160 Κυρηὸίων
3009 2104 3020 2138 :
3072 2085 3484 2162 καθαρματῶδές
3521 2089 3637 2163 (le-

2055 2189 2181 2244 gam
2218 2168 2603 2248 καθαρμάτων)
2632 2169 2743 2226 ἐστι
2762 2170 2823 2227 τὸ
2848 2169 3041 2247 ὄνομα·
3071 2171 3297 2248 κυρῆὅια
3321 2171 3424 2252 γὰρ
3442 2173 3637 2252 κυρίως

2056 2253 2121 2311 τὰ
2148 2253 2542 2334 ἀποδράσματα
2565 2260 2668 2316 τῶν
2686 2257 2904 2334 κυάμων
2926 2261 3321 2336 (purgamenta
3346 2263 3633 2330 fabarum,

2056 2346 2145 2400 vel
2170 2343 2413 2424 farinae).
2450 2347 2551 2424 Kp.

2154 2463 2345 2528 Δασὺν
2366 2463 2523 2554 ἔχων
2544 2463 2650 2529 τὸν
2674 2462 2973 2556 πρωκτὸν,
2994 2463 3103 2529 ἅτε
3123 2460 3350 2556 κυρῆ6ι’
3386 2467 3628 2533 ἐσθίων.

2056 2587 2266 2647 Versus
2298 2591 2619 2645 trochaicus
2660 2586 2930 2666 μείουρος,
2978 2609 3120 2646 voce
3164 2588 3326 2666 ἀνὴρ,
3359 2593 3449 2647 vel
3484 2613 3633 2666 qua-

2057 2677 2189 2733 dam
2217 2678 2415 2750 simili,
2461 2677 2793 2747 deficiente;
2832 2679 2939 2732 nisi
2973 2679 3099 2752 quis
3129 2681 3293 2734 malit
3321 2679 3637 2738 audaciore

2056 2764 2391 2836 conjectura
2419 2763 2646 2842 κυρή6ι’,
2674 2763 2799 2822 ὥσθ’
2831 2755 2923 2839 ὗς,
2955 2764 3156 2836 ἐσθίων,
3188 2767 3469 2840 siquidem
3496 2787 3637 2826 sane

2052 2863 2273 2928 potest,
2317 2864 2383 2908 ut
2430 2849 2555 2910 ὥσθ’
2620 2842 2678 2918 ὗς
2726 2853 2874 2909 forte
2929 2855 3206 2910 exciderit
3248 2866 3379 2911 ante
3424 2857 3637 2912 similia

2055 2940 2269 3017 ἐσθί-,
2288 2944 2596 3017 praesertim
2642 2944 2705 2997 in
2746 2944 3025 3017 scriptura
3073 2946 3364 3001 continua.
3398 2945 3639 3001 Plautus

2054 3031 2219 3105 Capt.
2253 3038 2309 3103 4,
2344 3049 2401 3098 2,
2430 3049 2501 3100 27
2532 3049 2545 3085 :
2577 3030 2973 3105 scrophipasci‚
2999 3028 3223 3101 furfure·
3242 3038 3336 3105 qm·
3365 3032 3642 3108 (praestat

2054 3116 2227 3193 quia)
2264 3122 2425 3173 alunt
2456 3138 2597 3178 sues,
2625 3122 2882 3175 «Vocem
2920 3139 3038 3195 κυρ.
3080 3121 3377 3175 illustravit
3416 3124 3639 3178 Foesius

2053 3208 2274 3263 OEcon.
2296 3208 2575 3282 Hippocr.
2601 3226 2659 3281 p.
2685 3206 2819 3263 365.
2853 3209 2939 3263 De
2962 3210 3241 3265 sententIa
3268 3228 3459 3266 versus
3492 3213 3641 3267 mihi

2054 3313 2172 3350 non
2195 3296 2329 3350 satis
2356 3306 2590 3351 constat.
2622 3296 2773 3351 Num
2794 3294 3076 3350 furfurum
3107 3316 3203 3352 esu
3230 3299 3419 3372 capilli
3444 3301 3635 3355 incre-

2052 3398 2243 3441 menta
2256 3404 2456 3458 capere
2468 3384 2843 3459 putabantur?
2857 3384 3047 3455 Ridet,
3058 3387 3119 3440 ni
3133 3386 3315 3457 fallor,
3330 3388 3639 3443 Eucratem

2050 3470 2401 3528 Melitensem
2420 3514 2436 3544 ,
2467 3490 2637 3545 quem
2661 3470 3064 3551 κυρηὸιοπώλην
3087 3486 3257 3529 vocat
3294 3476 3637 3551 Aristopha-

2050 3581 2149 3617 nes
2166 3560 2365 3636 fragm..
2394 3560 2531 3631 540,
2550 3564 2843 3617 homin'em
2860 3574 2984 3618 toto
3006 3580 3251 3639 corpore
3269 3566 3570 3621 hirsutum.
3604 3594 3629 3617 ι.

2052 3652 2233 3707 Mein.
2266 3648 2505 3707 Photius
2525 3669 2587 3725 p.
2631 3650 2745 3707 256
2766 3696 2782 3727 ,
2818 3648 3057 3709 Μελιτέα
3087 3650 3286 3730 κάπρον
3318 3650 3631 3732 :lapte-toy

2052 3737 2105 3793 ἐν
2139 3734 2286 3816 Γήρᾳ
2316 3737 2457 3814 λέγει
2500 3736 2614 3795 ἀντὶ
2652 3742 2745 3795 τοῦ
2778 3738 3026 3819 Εὐκράτη
3060 3740 3274 3817 (minus
3314 3752 3465 3799 recte
3496 3744 3634 3801 libri

2056 3825 2356 3905 Εὐκράτης)
2378 3869 2395 3896 ,
2430 3825 2545 3883 ἐπεὶ
2588 3825 2744 3893 δασύς
2774 3828 2884 3884 ἐστι
2936 3830 3210 3903 (scribam
3242 3819 3303 3899 ἦν
3344 3852 3419 3895 τις
3448 3850 3467 3886 3
3508 3836 3633 3889 ine·

2050 3925 2211 3989 ptum
2252 3916 2401 3973 enim
2443 3913 2585 3985 ἐστὶ,
2636 3918 2794 3989 quasi
2833 3917 3021 3974 adhuc
3059 3919 3309 3995 vixisset)
3332 3939 3345 3951 ·
3392 3920 3485 3975 καὶ
3528 3920 3637 3997 γὰρ

2056 4000 2245 4079 ἄρκτον
2276 4002 2432 4061 αὐτὸν
2468 4000 2666 4079 ἔλεγον.
3608 3988 3621 4001 ⁸

2789 4115 2884 4173 28.

2130 4224 2219 4282 lb.
2250 4244 2311 4299 p.
2350 4224 2462 4295 718
2506 4225 2659 4293 ἰ11ἰ1.,
2690 4224 3021 4303 Σκιρωθῆναι
3072 4248 3081 4281 :
3132 4226 3302 4305 φαμὲν
3342 4228 3430 4287 ἐπὶ
3464 4230 3637 4311 ῥύπου

2051 4314 2141 4369 τοῦ
2170 4310 2368 4391 σφόδρα
2399 4308 2711 4387 ἐμμένοντος
2730 4313 2819 4369 καὶ
2845 4312 3281 4375 δυσεκπλύτου....
3312 4316 3419 4375 σκί
3436 4341 3549 4397 ρον
3582 4322 3637 4378 δὲ

2054 4400 2139 4457 τὸν
2178 4400 2315 4469 ἀηδῆ
2348 4396 2509 4475 ῥύπον
2540 4398 2629 4455 καὶ
2681 4402 2785 4478 Κρ.
2827 4399 2986 4479 λέγει.
3023 4426 3047 4453 α
3090 4406 3323 4461 Rectius
3358 4410 3639 4465 scribitur

2052 4494 2227 4565 σκῖρος
2242 4531 2257 4557 ,
2282 4488 2440 4562 quod
2464 4488 2535 4543 de
2558 4488 2823 4545 sordibus
2849 4509 3010 4545 caseo
3039 4491 3458 4552 adhaerentibus
3488 4498 3639 4553 dixit

2050 4578 2304 4653 Eupolis,
2338 4578 2580 4648 Hesych.
2622 4576 2837 4654 Σκεῑρος
2864 4598 2879 4632 :
2924 4576 3105 4655 ῥύπος,
3136 4579 3226 4637 καὶ
3256 4585 3283 4639 ὁ
3313 4582 3501 4661 δριμὺς
3544 4608 3635 4642 τυ·

2053 4662 2161 4741 ρός,
2192 4675 2303 4719 etc.
2331 4687 2355 4713 n
2388 4665 2440 4718 E
2460 4664 2547 4722 M.

2050 4829 2370 4885 orationem.

2785 4923 2873 4971 26.

391 4992 615 5048 tractavi
642 4994 789 5049 euim
825 5008 981 5063 eam;
1011 4994 1108 5051 sed
1133 4996 1227 5052 illa
1255 4997 1360 5054 hoc
1383 5016 1453 5056 ne
1483 5002 1706 5060 minime
1735 5005 1957 5076 quidem
2053 5004 2281 5061 Vultum
2310 5002 2517 5059 habens
2542 5001 2761 5075 squillae
2788 5006 3063 5063 coriaceae.

1140 5090 1226 5140 24.

397 5167 548 5221 lianc
571 5166 792 5238 quidem
819 5176 878 5225 tu
898 5170 1088 5227 callide
1109 5176 1376 5230 exornasti

2796 5099 2881 5147 27.

2008 5215 2015 5243 l
2058 5182 2343 5239 Hirsutum
2368 5178 2575 5236 habens
2604 5179 2887 5251 podicem,
2914 5183 3113 5255 quippe
3140 5181 3358 5243 farsura
3384 5188 3576 5245 edens.
