3809 5850
1467 451 2017 514 NlCOSTRATUS.
3244 461 3360 511 ⁴69

879 595 934 656 Ι..

245 707 376 761 Idem
410 704 458 771 3,
499 703 568 773 75
619 723 631 756 :
674 695 870 779 ἔργον
899 698 952 758 δὲ
995 695 1302 757 δουλικὸν
1332 695 1444 777 Ἄρ.
1485 701 1574 756 sic
1620 717 1688 754 ex

191 795 305 848 libris
329 793 426 848 suis
448 790 678 847 Bekker.

781 1041 1020 1102 van.

570 1199 1225 1270 NICOSTRATUS.

246 1373 264 1396 ·
289 1348 433 1404 Hune
456 1345 621 1403 fnisse
653 1347 758 1422 qui
803 1345 1034 1403 tertium
1072 1343 1468 1419 Aristophanis
1509 1339 1690 1396 filium

187 1435 516 1508 perhiberent,
580 1434 760 1492 docet
819 1439 1155 1509 Anonymus
1216 1434 1332 1492 Vit.
1401 1431 1688 1507 Aristoph.

187 1541 226 1594 p.
261 1541 453 1591 xxvm,
489 1533 546 1580 et
570 1522 824 1578 Thomas
855 1521 1005 1597 Mag.
1036 1539 1094 1596 p.
1128 1527 1234 1592 4ο,
1263 1519 1426 1594 cujus
1462 1529 1691 1577 senten-

187 1611 426 1666 tiaeauctor
439 1609 542 1666 fuit
551 1609 948 1686 Apollodorus
968 1611 1118 1685 (non
1135 1609 1368 1684 quidem
1393 1610 1454 1664 in
1472 1609 1694 1684 seriptis

190 1715 376 1769 quorum
399 1697 712 1773 fingmento.
742 1699 973 1773 collegit
1007 1699 1190 1772 noyn.
1209 1693 1430 1774 Both.),
1450 1695 1692 1752 Dicaear·

189 1785 265 1846 cho
286 1783 599 1856 affirmante,
631 1785 1000 1842 Philetaerum
1029 1786 1258 1841 tertium
1286 1783 1448 1840 fuisse
1475 1783 1694 1840 Comici

189 1871 340 1940 filium
359 1891 516 1947 quem
533 1883 860 1947 sequuntur
877 1872 1078 1930 Suidas
1093 1891 1153 1930 ν.
1176 1867 1493 1948 Φιλέταιρος
1514 1880 1571 1926 et
1589 1873 1694 1928 Eu·

188 1957 309 2013 doeia
321 1977 377 2033 p.
398 1959 530 2026 426.
551 1958 900 2016 scholiastes
919 1960 1172 2017 Platonis
1188 1958 1432 2017 Bekker.
1453 1977 1516 2033 p.
1542 1957 1614 2016 33
1627 1977 1650 2014 ι
1675 1977 1688 2012 :

188 2045 248 2099 ui
274 2044 442 2124 τρίτον,
471 2043 526 2104 ὃν
561 2043 956 2125 Ἀπολλόδωρος
992 2043 1090 2120 μὶν
1122 2043 1480 2124 Νικόστρατον
1513 2045 1694 2118 ιιαλεῗ,

185 2133 218 2187 οἱ
255 2130 300 2189 δὲ
325 2131 434 2211 περὶ
478 2131 810 2216 Δικαίαρχον
850 2131 1192 2214 Φιλέταιρον.
1239 2133 1536 2208 Quidquid
1583 2146 1694 2204 est,

185 2233 292 2278 certe
311 2223 646 2280 Nicostratus
669 2223 880 2280 mediae
921 2223 1214 2280 comoediae
1251 2232 1422 2298 poeta
1459 2221 1594 2294 fuit,
1623 2221 1696 2277 de

117 2311 127 2348 Ξ
185 2327 268 2380 quo
296 2309 478 2368 diserte
531 2311 840 2368 admonuit
885 2311 1094 2371 Athen.
1150 2310 1240 2380 13,
1279 2329 1342 2386 p.
1381 2307 1529 2384 587,
1570 2312 1642 2368 D.
1669 2331 1696 2359 ι

121 2447 129 2472 .
185 2397 218 2448 Ε
240 2398 308 2454 Μ.
331 2400 544 2457 T-ere
588 2401 895 2458 Clintonus
932 2401 1086 2457 Fast.
1131 2397 1338 2455 Hellen.
1374 2417 1438 2474 Ρ.
1479 2395 1552 2466 45
1597 2396 1690 2453 ed.

123 2516 129 2545 ι
186 2485 394 2562 magen,
421 2488 646 2545 laudato
687 2489 800 2544 isto
841 2487 1104 2544 scholio:
1143 2514 1171 2540 a
1199 2485 1402 2562 Itaque
1442 2497 1694 2560 utroque

183 2575 354 2632 numine
369 2593 504 2634 mus
527 2575 814 2652 idemque
829 2575 1008 2633 homo
1032 2575 1404 2652 significatur.
1439 2599 1464 2626 a·
1497 2575 1698 2632 Miror·

1885 582 2072 664 Πίναξ
2100 594 2132 654 ὁ
2150 597 2387 682 πρῶτος
2414 584 2751 677 Μεγαρέων
2778 589 3073 677 ἡγήσεται
3091 635 3109 670 ,

1877 695 2037 783 ἔχων
2066 697 2294 787 ἐχῖνον,
2332 689 2745 784 ὠμοτάριχον,
2780 689 3089 782 κάππαριν
3107 741 3126 774 ,

1881 791 2299 890 θρυμματίδα,
2349 801 2620 888 τέμαχος
2642 845 2661 881 ,
2723 791 2939 880 βολὸὸν
2959 800 3019 862 ἐν
3064 796 3356 888 ὑποτρίμ-

3171 929 3349 994 ματι.

1787 1036 1959 1089 Versu
2024 1052 2047 1086 ι
2116 1029 2427 1110 Μεγαρέων.
2476 1031 2665 1090 Codd.
2700 1033 2891 1106 inepte
2942 1031 3045 1088 τῶν
3084 1029 3354 1108 μεγάλων,

1789 1119 2275 1192 quemadmodum
2308 1119 2342 1176 λ
2364 1130 2421 1176 et
2457 1139 2485 1195 ρ
2509 1120 2637 1194 plus
2661 1119 2834 1174 semel
2871 1119 3145 1175 confundi
3166 1118 3357 1176 obser·

1789 1208 2039 1262 vavimus
2064 1205 2135 1262 ad
2178 1206 2469 1282 Aristoph.
2507 1205 2657 1264 Nub.
2712 1204 2859 1276 573,
2892 1207 3107 1263 Cratini
3142 1207 3356 1282 Seriph.

1795 1293 1884 1364 ι3,
1908 1293 2202 1350 Teleclidis
2232 1294 2402 1370 Πρυτ.
2431 1293 2492 1362 6,
2521 1305 2627 1349 etc.
2649 1294 3062 1368 Megarensium
3086 1296 3202 1350 sive
3229 1297 3357 1350 Me-

1784 1383 1973 1456 garica
2003 1383 2097 1438 illa
2132 1383 2329 1458 patina
2359 1391 2597 1437 vocatur
2626 1391 2961 1455 propterea,
2990 1382 3125 1455 quia
3162 1383 3359 1456 Mega-

1787 1486 1977 1524 renses
1998 1467 2281 1540 ejusmodi
2304 1468 2495 1525 edulia
2521 1467 2770 1524 vendere
2799 1467 3059 1524 solebant
3080 1469 3315 1524 Athenis
3339 1488 3354 1522 x

1786 1574 1840 1613 ν.
1868 1558 2043 1612 Arist.
2076 1557 2323 1612 Acharn.
2376 1555 2488 1621 483
2528 1573 2687 1628 seqq.
2734 1555 2851 1629 589
2884 1573 3031 1628 seq„
3070 1566 3180 1614 etc.
3218 1557 3285 1612 V.
3319 1573 3353 1608 a

1795 1669 1818 1692 ιι
1847 1641 2201 1722 ὠμοτάριχον,
2234 1645 2464 1700 crudum
2509 1644 2936 1710 salsamentum,
2970 1661 3091 1699 non
3120 1651 3350 1698 coctum

1787 1742 1887 1788 aut
1922 1743 2187 1790 assatum.
2218 1734 2485 1790 Dioscor.
2513 1750 2570 1802 a,
2604 1729 2675 1786 33
2709 1750 2723 1786 t
2756 1731 2784 1788 ὃ
2812 1727 2866 1786 δὲ
2904 1727 3237 1809 ὠμοτάριχος
3263 1729 3358 1786 λε-

1787 1817 2003 1896 γόμενος
2030 1817 2161 1898 σάρξ
2200 1819 2311 1878 ἔστι
2350 1815 2530 1878 θύννου
2562 1815 3019 1898 τεταριχευμένου.
3050 1818 3139 1878 cf.
3168 1819 3358 1876 Alexis

1789 1905 1999 1984 Ἀπεγλ.
2034 1929 2084 1980 ι,
2110 1918 2179 1976 4ι
2198 1911 2747 1968 ArchestratusAth.
2770 1916 2827 1980 4,
2848 1929 2912 1985 p.
2942 1908 3077 1986 ι35,
3099 1912 3171 1979 Α,

1867 2001 2201 2083 ὠμοτάριχον
2229 2003 2299 2062 ἐῶ
2326 2001 2549 2083 χαίρειν,
2578 2001 2845 2066 Φοινίκιον
2874 2000 3019 2082 ὄψον.
3043 2029 3067 2054 ·
3095 2005 3275 2062 Mein.

2548 2137 2605 2174 a.

1870 2228 2079 2285 Athen.
2120 2235 2214 2297 14,
2244 2248 2307 2304 Ρ.
2338 2228 2480 2299 654,
2519 2227 2567 2286 Β
2597 2248 2611 2282 :
2661 2223 2984 2303 περιστέριον
3030 2223 3194 2291 οὕτως
3220 2224 3361 2284 ἔστιν

1791 2315 1957 2392 εὑρεῖν
1972 2312 2245 2394 εἰρημένον
2256 2313 2407 2394 παρὰ
2420 2314 2730 2394 Μενάνδρῳ.
2744 2362 2757 2376 .
2771 2359 2785 2374 .
2800 2313 2991 2390 ὁμοίιος
3012 2317 3139 2376 Nnc.
3161 2313 3221 2375 'A
3230 2315 3331 2394 ὅρα
3340 2359 3357 2387 ,

1983 2470 2033 2480 -
2060 2469 2082 2478 -
2104 2437 2291 2497 Ταῦτ’
2324 2429 2471 2514 ἀξιῶ
2494 2456 2507 2471 ·

1885 2533 2302 2630 τούρνιθάριον,
2334 2538 2407 2604 τὸ
2433 2539 2801 2630 περιστέριον
2821 2587 2840 2623 ,
2874 2538 2947 2604 τὸ
2974 2537 3286 2632 γάστριον.

185 2679 288 2732 que,
317 2665 618 2720 Porsonum
661 2682 904 2739 quoque
943 2665 1022 2720 ita
1047 2665 1304 2734 sensisse,
1327 2681 1434 2720 nec
1454 2664 1697 2720 veritum
1789 2662 1882 2720 Sic
1909 2663 2174 2722 Dindorf.
2215 2676 2273 2721 et
2309 2665 2491 2722 Dobr.
2524 2664 2685 2720 Libri
2724 2664 2992 2721 mendose
3033 2661 3128 2722 εἴτ’
3159 2663 3365 2742 ὀρνιθά-

189 2763 268 2802 esse
284 2749 415 2809 Rob.
431 2753 556 2808 Wal
561 2753 794 2828 polium
809 2751 930 2808 haec
945 2751 1194 2807 scribere
1203 2749 1364 2810 Com.
1379 2749 1476 2808 Gr.
1497 2747 1697 2824 fragm.
1793 2770 1925 2828 ριον.

189 2851 228 2904 P·
249 2855 307 2910 99
333 2855 346 2895 :
371 2863 394 2888 ι
419 2841 794 2914 Quicumque
821 2850 1091 2896 accurate
1115 2837 1352 2896 Suidam
1375 2839 1436 2892 in
1461 2837 1700 2894 vocibus

188 2919 432 3005 Φιλέταιρος
483 2938 542 2984 et
581 2924 946 3006 Νικόστρατος
988 2927 1354 2996 lectitaverit,
1397 2928 1444 2982 is
1475 2927 1698 3000 liquido

195 3008 386 3081 dejerare
409 3026 631 3091 posset,
661 3018 774 3072 ista
805 3014 922 3072 duo
963 3016 1198 3071 nomina
1234 3013 1308 3070 ad
1341 3031 1514 3070 unam
1559 3032 1699 3071 ean-

195 3096 376 3173 demque
399 3120 702 3177 personam
746 3104 1048 3179 respicere.
1092 3104 1257 3159 Hanc
1292 3101 1533 3158 Porsoni
1559 3121 1698 3159 con·

122 3184 123 3189 ἵ
187 3182 398 3253 icem-am
431 3203 590 3248 extra
637 3210 874 3249 omnem
915 3188 1290 3249 dubitationis
1323 3190 1506 3246 aleam
1537 3192 1703 3263 ponit

191 3272 386 3331 scholion
421 3281 708 3352 quantivis
734 3280 940 3354 pretii,
991 3278 1151 3354 quod
1190 3296 1260 3335 ex
1301 3278 1410 3335 Ms.
1453 3275 1704 3335 Platonis

189 3358 482 3437 dialogorum
521 3368 832 3423 nobiscum
874 3367 1228 3442 perbenigne
1265 3366 1705 3422 communicavit

187 3447 246 3499 '51'
263 3452 664 3513 eruditissimus.
703 3478 728 3505 ιι
761 3454 935 3527 Quod
961 3455 1166 3510 attinet
1193 3453 1269 3510 ad
1299 3454 1587 3529 ingenium
1603 3454 1702 3511 Ni·

185 3540 388 3613 ⁶⁰⁵tmi‚
427 3544 666 3598 minime
721 3540 997 3597 audacem
1043 3558 1110 3596 ac
1162 3540 1505 3597 maledicum
1573 3560 1704 3598 eum

185 3618 308 3679 fuisse
325 3637 476 3700 putat
497 3630 678 3686 Mein.
683 3646 978 3703 ,raroque
1002 3648 1192 3685 rerum
1219 3630 1473 3685 civilium
1499 3638 1702 3685 statum

185 3710 410 3784 ἃῑῐίςιεεε,
455 3716 532 3775 cf.
577 3718 800 3777 Incert.
828 3714 902 3789 8,
931 3726 990 3773 et
1028 3716 1338 3792 generatim
1370 3714 1444 3773 de
1487 3714 1706 3787 majore

185 3809 310 3865 P²tte
335 3802 646 3861 fabularum
694 3802 870 3875 hujus
914 3815 1114 3881 poetae·
1133 3804 1356 3881 proleg.
1391 3798 1704 3863 Ἀπελαυνο-

187 3878 258 3951 μέν
259 3905 323 3946 ου.

761 4020 1070 4079 1.ΑΒΡΑ.

119 4132 126 4175 =
243 4158 424 4235 suidas,
434 4159 647 4243 ἰΑὸρα
670 4161 939 4245 οἰκότριψ·
957 4162 1200 4241 γυναικὸς
1223 4162 1352 4243 κόρη
1368 4164 1459 4223 καὶ
1477 4162 1706 4241 ἔντιμος,

189 4238 549 4399 ῑῖῶῖἷιόιογενὴς,
581 4250 689 4310 εἴτε
719 4249 817 4328 μή.
841 4252 927 4311 Cf.
950 4254 1161 4312 Athen.
1187 4273 1250 4312 t).
1282 4253 1521 4329 654,Β,
1547 4257 1704 4313 Eust.

262 4352 277 4386 ¹
355 4343 382 4402 Ιι

897 4474 946 4513 1.

247 4557 422 4617 Athen.
449 4568 506 4630 4,
535 4581 600 4636 p.
641 4563 784 4639 133,
809 4566 886 4633 C,
908 4564 1072 4620 deus
1113 4582 1238 4639 quae
1279 4566 1396 4621 cibi
1439 4578 1706 4641 appeten-

191 4637 538 4707 tiamfaciunt:
559 4646 920 4729 Νικόστρατος
942 4649 990 4708 δ’
1020 4652 1072 4709 ἐν
1092 4646 1296 4729 ssepa,

719 4821 1112 4878 DnLICATA.

884 4913 904 4959 Ι
919 4946 933 4960 .

122 4944 123 4961 ³
195 4976 340 5037 Patina
359 4985 524 5053 prima
547 4990 952 5060 Megarensium
967 5004 1166 5062 agmen
1185 4990 1380 5057 «lueet,
1491 4993 1510 5056 [
1522 4992 1706 5061 patin,

196 5076 290 5130 quae
309 5070 534 5129 continet
558 5072 850 5141 echinum,
879 5076 1116 5134 crudum
1139 5076 1558 5143 salsamentum,
1583 5092 1708 5175 cap·

197 5145 618 5227 thrymmatidem,
668 5159 905 5220 frustum
948 5164 1112 5237 piscis
1155 5162 1344 5231 saliti
1380 5162 1608 5220 bulbum
1649 5164 1708 5221 in

1751 4414 1762 4689 ἱ

2310 2866 2391 2925 Ιῐ.
2438 2864 2865 2925 ΑΝΤΕΡΩΣΑ.

1874 2998 2079 3055 Athen.
2114 3016 2135 3051 1
2153 3016 2201 3067 1,
2221 3015 2279 3072 p.
2303 2996 2441 3067 487,
2469 3000 2537 3067 Β,
2561 2996 2632 3054 de
2652 2992 3013 3073 μετανιπτρίδι
3050 2996 3324 3055 disserens
3349 3017 3361 3052 :

1797 3085 1945 3173 N¹²'.
1957 3080 2245 3161 Ἀντερώσῃ
2264 3126 2281 3155 ,

1889 3189 2339 3287 Μετανιπτρίδ’
2370 3201 2531 3283 αὐτῷ
2561 3208 2673 3275 τῆς
2701 3193 2941 3291 Ῠγιείας
2970 3200 3188 3291 ἐγχέω.

1795 3326 1953 3381 Libri
1984 3324 2195 3381 soloece
2230 3322 2413 3401 ἔγχεον
2449 3342 2559 3399 pro
2588 3321 2815 3402 ἐνέχεον.
2862 3326 2949 3384 cf.
2999 3325 3277 3383 Pandros.
3311 3346 3364 3383 α.

1798 3411 1910 3480 Τῆς
1938 3408 2173 3487 Ὑγιείας
2200 3412 2475 3487 poculum
2508 3424 2639 3487 post
2678 3432 2897 3469 coenam
2926 3432 3239 3489 manusque
3268 3415 3368 3471 ab·

1795 3502 1945 3556 lutas
1980 3500 2218 3575 praeberi
2240 3500 2503 3569 solitum3
2531 3520 2589 3559 ν..
2624 3502 2870 3575 Hesych.
2911 3522 2963 3557 ν.
2996 3500 3369 3581 Μετανιπτρίς.

1797 3584 2165 3666 Μετάνιπτρον
2194 3588 2334 3647 dicit
2354 3586 2559 3645 Athen.
2588 3606 2611 3643 1
2630 3607 2681 3657 1,
2720 3608 2741 3643 1
2760 3608 2809 3646 1.

2288 3710 2400 3771 ΙΙΙ.
2446 3708 2877 3771 ΑΝΤΥΛΛΟΣ.

1886 3858 1911 3882 u
1945 3834 2207 3907 Antyllus
2230 3822 2440 3891 nome‘n
2467 3852 2537 3891 ex
2576 3830 2841 3904 Ἀντικλῆς
2870 3834 3225 3907 deminutum
3258 3845 3369 3900 est,

1800 3929 1864 3974 ut
1901 3915 2213 3997 Θράσυλλος
2257 3938 2327 3977 ex
2366 3918 2724 3999 Θρασυκλῆς,
2755 3919 3085 4000 Ἀρίστυλλος
3119 3939 3187 3977 ex
3225 3916 3371 3997 Ἀρί-

1685 4068 1693 4075 ,
1800 4006 2057 4081 στοκλῆς,
2088 4018 2146 4063 et
2176 4010 2414 4078 similia,
2442 4008 2516 4065 de
2545 4009 2753 4083 quibus
2774 4028 2832 4070 ν.
2866 4010 3101 4067 laudata
3122 4027 3191 4064 ex
3219 4009 3373 4064 anti-

1801 4096 1927 4171 quis
1951 4098 2337 4170 grammaticis
2361 4097 2635 4153 Eustathii
2656 4096 2832 4154 verba
2854 4097 2935 4154 ad
2951 4096 3127 4157 Iliad.
3144 4115 3204 4170 p.
3232 4096 3371 4171 989,

1806 4180 1904 4255 45,
1952 4182 2053 4239 ubi
2095 4185 2405 4241 Herculem
2446 4186 2507 4241 in
2556 4186 2807 4261 satym'cis
2852 4186 3054 4243 fabulis
3090 4186 3375 4257 Hetyllum

1802 4270 2019 4327 dictum
2049 4270 2211 4328 fuisse
2244 4273 2449 4349 docet,
2498 4285 2557 4331 et
2593 4276 2913 4349 Etymologi
2943 4294 3013 4331 ex
3039 4274 3373 4331 Herodiano

1803 4360 1989 4432 Etym.
2011 4360 2090 4417 M.
2106 4379 2167 4435 p.
2190 4360 2415 4429 masin.
2440 4364 2637 4419 »EM.
2660 4365 2802 4421 nist.
2820 4368 2947 4423 crit.
2971 4366 3129 4423 Com.
3150 4385 3209 4440 p.
3234 4364 3372 4423 288.

2498 4488 2651 4526 1.2.

1891 4570 2098 4627 Athen.
2134 4570 2186 4640 3,
2210 4592 2271 4647 Ρ.
2307 4591 2330 4628 1
2350 4571 2438 4643 18,
2476 4574 2545 4641 E,
2577 4573 2650 4629 de
2681 4570 2885 4652 ταρίχῳ
2913 4575 3106 4630 dicens
3138 4596 3150 4607 ·
3187 4574 3310 4635 Nux.
3340 4572 3374 4644 ἢ

1802 4653 2115 4734 Φιλέταιρος
2142 4658 2195 4715 ἐν
2228 4656 2524 4738 Ἀντύλλῳ,

1869 4954 1941 4967 -
1967 4929 2099 4983 Haec
2123 4928 2275 4995 volo,

1801 5012 2070 5070 aviculam
2086 5056 2103 5083 ‚
2128 5016 2498 5073 columbulam
2519 5058 2533 5080 ‚
2558 5018 2946 5074 ventriculum.

2280 5145 2417 5201 vlcl
2426 5144 2588 5201 SSIM
2627 5146 2892 5201 AMANS.

1235 5250 1706 5324 {hypotrimmate.
1803 5252 2065 5310 Poculum
2092 5254 2167 5311 illi
2200 5254 2447 5313 sanitatis
2474 5254 2786 5313 infundens.
