3809 5850
466 430 579 481 296

1217 554 1269 609 5.

536 667 740 723 Athen.
789 666 880 735 13,
922 686 983 741 p.
1028 665 1175 739 589,
1218 670 1297 736 A,
1334 666 1406 722 de
1449 667 1629 723 Laide
1676 687 1690 721 ε
1730 666 1862 741 Στρ.
1896 664 1942 723 δ’
1971 666 2025 723 ἐν

458 756 608 812 Μακ.
648 750 683 823 ἢ
728 754 905 813 Παυσ.
948 750 1226 831 Κορινθίαν
1268 750 1433 823 αὐτὴν
1470 742 1603 809 εἶναί
1632 774 1757 831 φησι
1786 751 1874 811 διὰ
1902 750 2027 811 τοῦ-

455 864 558 899 Των
576 864 589 877 “

555 984 615 1022 α.
654 954 823 1022 Εἰσὶν
851 948 922 1021 δὲ
946 955 1125 1021 πόθεν
1156 957 1223 1022 αἱ
1255 950 1471 1032 παῖδες
1500 955 1677 1023 αὗται
1706 958 1809 1022 καὶ
1835 956 2024 1039 τίνες;

553 1078 613 1155 β.
651 1070 799 1135 Νυνὶ
828 1071 935 1161 μὲν
965 1074 1171 1143 ἥκουσ’
1206 1066 1275 1135 ἂν
1308 1070 1680 1163 Μεγαρόθεν,
1711 1070 1827 1136 εἰσὶ
1858 1063 1928 1136 δὲ

548 1175 885 1269 Κορίνθιαι·
918 1173 1067 1252 Λαΐς
1095 1200 1165 1267 γε
1198 1177 1601 1266 Μεγακλέους.
1640 1166 1775 1243 Ide!

450 1310 627 1375 Versu
663 1326 685 1361 1
720 1306 848 1359 libri
876 1302 976 1359 εἶσὶ
1010 1302 1056 1361 δ’
1080 1301 1223 1373 ὅθεν,
1250 1324 1375 1378 quae
1404 1324 1701 1363 correxere
1729 1307 2026 1383 Schweig-

452 1394 624 1450 haeus.
664 1402 721 1449 et
750 1394 989 1448 Porsen.
1020 1395 1085 1448 V.
1125 1412 1159 1447 α
1197 1389 1305 1447 νυνὶ
1333 1412 1441 1467 pro
1468 1398 1559 1449 νῦν
1587 1390 1801 1471 ἀμέτρῳ
1846 1396 2021 1454 Mein.

450 1492 507 1535 et
542 1478 702 1538 Pors,
744 1482 1018 1536 Praeterea
1050 1480 1349 1555 legebatur
1384 1482 1797 1555 inelegantibus
1824 1500 2025 1537 nume-

450 1570 525 1623 ris
550 1565 762 1636 ἥκουσιν
799 1568 937 1641 Μεγ.
963 1566 1036 1623 V.
1065 1568 1096 1622 3
1133 1570 1261 1623 MsS.
1289 1569 1360 1625 Λ.
1390 1564 1483 1641 μὲν
1512 1569 1545 1635 ἡ
1576 1565 1713 1643 μέγα
1737 1565 1883 1633 κλέος
1915 1566 2022 1643 ἰδὲ,

450 1658 535 1713 vel
562 1654 658 1727 ἰδὶ,
688 1655 832 1716 ἰδι...
866 1655 1106 1715 Temere
1130 1658 1313 1727 Pom„
1336 1674 1513 1729 quum
1541 1652 1635 1729 μὲν
1654 1688 1677 1698 ·
1697 1652 1753 1713 δὲ
1772 1666 2026 1713 anteces-

450 1744 581 1799 serit
602 1784 618 1811 ,
649 1744 715 1801 Δ.
746 1744 845 1816 μὲν
878 1741 965 1813 ἡδὶ
994 1724 1352 1818 Μεγακλέους.
1382 1744 1567 1797 Immo
1591 1764 1649 1818 γε
1680 1744 1829 1799 forte
1857 1744 2020 1799 vide-

450 1844 544 1886 ιιιι·
582 1832 784 1887 abiisse
824 1832 885 1885 in
913 1852 978 1905 με
1020 1840 1075 1887 et
1104 1850 1231 1904 μεν,
1276 1830 1351 1886 de
1396 1849 1514 1903 quo
1544 1830 1619 1887 ad
1646 1832 1825 1905 Soph.
1866 1832 2018 1887 oEd.

450 1919 655 1975 Goion.
723 1918 835 1985 844
857 1958 874 1987 ,
928 1930 1041 1975 etc.
1103 1942 1127 1967 α
1182 1914 1551 1992 Μεγακλέους,
1590 1920 1713 1976 scil.
1763 1937 1943 1975 serva.
1991 1944 2017 1969 n

450 2008 539 2063 M.
572 2006 695 2061 Lais
721 2005 927 2077 major,
952 2006 1228 2081 Aristippi
1248 2006 1449 2077 amica,
1476 2006 1547 2063 de
1570 2024 1681 2081 qua
1706 2026 1761 2064 v.
1794 2008 1934 2065 Gell.
1963 2026 2016 2081 1,

452 2093 511 2161 3,
544 2102 599 2147 et
624 2092 846 2149 Horatii
870 2094 1121 2169 interpp.
1160 2094 1339 2168 Epist.
1384 2112 1437 2162 1,
1472 2112 1565 2164 17,
1590 2092 1686 2152 36.

1211 2223 1267 2279 6.

528 2334 690 2389 Idem
726 2354 789 2408 9,
828 2354 885 2409 p.
918 2334 1069 2409 396,
1102 2338 1150 2391 A
1177 2353 1191 2393 :
1225 2334 1354 2412 Στρ.
1383 2323 1598 2394 εἶπεν...
1632 2336 1686 2392 ἐν
1718 2334 2024 2393 Μακεδόσιν

450 2418 485 2489 ἢ
511 2420 739 2495 Κινησίᾳ
778 2422 940 2496 (fort.
972 2420 1281 2499 Παυσανίᾳ,
1320 2442 1379 2480 V.
1412 2420 1617 2501 supra)
1660 2448 1684 2473 σι
1710 2422 1937 2481 Πνικτόν
1972 2446 2022 2480 τι

450 2507 617 2567 τοίνυν
646 2506 782 2566 ἔστω
806 2531 888 2566 σοι
916 2508 1105 2588 συχνὸν
1140 2513 1389 2567 τοιοῦτον.
1430 2536 1453 2560 υ
1485 2510 1727 2567 Versum
1770 2512 2024 2567 restituas

452 2600 530 2653 ita
554 2597 862 2654 scribendo

550 2711 819 2779 Πνικτόν
843 2738 905 2778 τι
929 2711 1129 2779 τοίνυν
1160 2738 1252 2779 σοι
1283 2717 1505 2778 τοιοῦτ’
1545 2712 1700 2778 ἔστω
1730 2711 1966 2803 συχνόν.

1214 2861 1267 2911 7.

533 2953 694 3008 Idem
729 2959 823 3022 14,
852 2972 914 3027 p.
946 2952 1059 3018 654
1087 2994 1104 3021 ,
1136 2955 1180 3010 F
1218 2972 1233 3007 ε
1266 2949 1345 3008 ὅτι
1387 2950 1443 3008 δὲ
1474 2951 1565 3009 καὶ
1594 2949 1837 3017 τιθασοὺς
1880 2939 2022 3030 εἶχον

452 3039 637 3126 αὐτοὺς
666 3037 981 3118 (pavones)
1008 3041 1062 3098 ἐν
1084 3047 1197 3106 ταῖς
1218 3039 1405 3104 οἰκίαις
1423 3083 1440 3112 ,
1472 3042 1603 3120 Στρ.
1624 3039 1941 3118 παρίστησιν
1969 3041 2023 3098 ἐν

458 3127 737 3207 Παυσανίᾳ
772 3127 859 3186 διὰ
885 3127 1083 3186 τούτων
1102 3149 1116 3164 ·

550 3263 801 3324 Πολλῶν
830 3257 1104 3349 φλυάρων
1136 3255 1242 3324 καὶ
1268 3255 1433 3324 ταῶν
1476 3257 1731 3340 ἀντάξια
1747 3309 1766 3341 ,

470 3409 483 3418 ⁷
548 3363 644 3441 οὒς
677 3361 907 3448 βόσκεθ’
946 3369 1113 3456 ὑμεῖς
1132 3365 1303 3430 ἕνεκα
1330 3375 1456 3431 τῶν
1492 3365 1867 3455 ὠκυπτέρων.

461 3518 483 3542 οι
518 3494 727 3567 Scripsi
764 3480 905 3549 ταῶν
934 3512 1045 3567 pro
1084 3493 1223 3549 ταῶν
1270 3513 1283 3547 :
1334 3493 1406 3549 cf.
1450 3493 1668 3548 Lelirsii
1714 3493 2022 3548 Aristarch.

453 3602 513 3656 p.
540 3580 645 3646 341
671 3599 793 3654 seq.
820 3605 845 3631 υ
872 3583 965 3639 Μ.
989 3582 1074 3636 De
1092 3579 1204 3637 hoc
1222 3581 1506 3637 atticisrno
1531 3601 1587 3640 v.
1615 3592 1862 3636 nostram
1888 3599 2020 3640 ann.

454 3669 527 3725 ad
554 3669 840 3744 Aristoph.
882 3672 985 3725 Av.
1016 3686 1125 3724 102
1146 3709 1163 3738 ,
1190 3669 1289 3724 ubi
1314 3667 1653 3744 ponendum
1672 3657 1833 3732 ταῶς.

894 3813 999 3874 uc.
1018 3781 1571 3872 'MYPMIAONER

534 3941 733 3996 Pollux
753 3959 813 4014 9,
842 3938 944 4010 78:
970 3937 1267 4005 Βυζαντίων
1287 3961 1349 4016 γε
1368 3936 1472 4015 μὴν
1492 3937 1692 4018 σιδήρῳ
1714 3937 2026 4013 νομιζόντων

456 4018 519 4097 ἦν
546 4025 681 4084 οὕτω
698 4026 1017 4101 καλούμενος
1044 4025 1307 4106 σιδάρεος,
1335 4025 1569 4102 νόμισμά
1588 4049 1639 4083 τι
1656 4026 1866 4098 λεπτὸν,
1891 4025 2026 4085 ὥστε

456 4113 571 4170 ἀντὶ
608 4119 701 4172 τοῦ
744 4141 768 4166 ι
805 4113 945 4192 πρίω
980 4136 1069 4190 μοι
1101 4117 1257 4193 τριῶν
1300 4116 1520 4217 χαλκῷν
1554 4141 1579 4165 ιο
1626 4114 1795 4192 λέγειν
1827 4143 1851 4164 ι
1887 4115 2028 4194 πρίω

454 4400 507 4440 a.
532 4383 699 4440 Unde
728 4399 853 4440 vero
879 4391 1008 4440 sunt
1034 4383 1121 4440 hae
1150 4305 1345 4456 pusellae
1362 4426 1376 4449 ,
1403 4393 1459 4442 et
1483 4388 1775 4458 quaenam?

458 4471 511 4526 b.
540 4473 701 4527 Nune
722 4470 941 4542 quidem
968 4472 1202 4541 Megaris
1222 4470 1586 4539 advenerunt,
1616 4480 1747 4529 sunt
1772 4480 1953 4530 autem

456 4555 786 4627 Corinthiam
818 4557 945 4615 Lais
964 4557 1187 4631 quidem
1210 4559 1502 4632 Megaclis3
1528 4576 1597 4616 en
1616 4559 1727 4618 ‘11¹ae
1747 4565 1757 4618 !

463 4731 739 4804 Ejusmodi
767 4732 935 4804 igitur
956 4747 1083 4788 caro
1110 4653 1349 4790 assassdhi
1372 4748 1517 4806 saepe
1544 4736 1844 4808 contingat.

456 4926 647 4984 Multis
676 4925 835 4997 nugis
856 4848 1321 4998 aequiparandget
1344 4927 1641 5000 pavonibus
1655 4970 1669 4995 ‚

458 5031 599 5086 quos
624 5014 837 5086 pascitis
865 5029 962 5068 vos
988 5022 1205 5086 propter
1230 5030 1457 5086 pennas,

986 5135 1093 5189 MY
1102 5137 1145 5189 R
1154 5135 1205 5189 M
1216 5137 1229 5188 Ι
1242 5137 1377 5190 DON
1391 5137 1485 5191 1⁴28.

464 5241 521 5296 ln
546 5239 753 5295 balneis
786 5247 848 5294 ut
880 5239 1115 5310 primum
1146 5237 1323 5294 edicta
1348 5247 1429 5295 est
1458 5238 1598 5306 dies,

1469 419 1885 482 coMOEmAE
1933 421 2263 483 vss‘rssms
2307 422 2714 497 RELIQUIAE.

2127 574 2216 628 μοι
2261 556 2418 632 τριῶν
2469 553 2741 633 σιδαρέων.
2777 580 2801 603 ¹³
2849 552 2962 611 ὅθεν
3010 553 3099 611 καὶ
3147 557 3200 613 ἐν
3237 564 3342 621 τοῖς
3385 558 3672 636 Στράττιδος

2123 642 2450 721 Μυρμιδόσιν
2479 641 2684 721 εἴρηται

2219 736 2298 806 Εν
2325 748 2454 819 τοῖς
2487 740 2826 825 βαλανείοις
2857 737 3018 831 (ὡς)
3045 744 3433 834 προκέλευθος
3461 748 3670 837 ἡμέρα,

2217 840 2592 923 ἁπαξάπασα
2621 854 2698 939 γῆ
2735 845 3018 937 στρατιαὶ
3051 843 3369 940 σιδαρέων.

2120 974 2298 1027 Versu
2341 992 2362 1027 1
2397 973 2496 1043 ὡς,
2519 990 2640 1047 quo
2671 973 2960 1029 sententiae
2987 991 3134 1048 opus
3163 986 3284 1047 est,
3317 975 3464 1031 forte
3484 978 3670 1032 excidit

2118 1071 2248 1135 post
2273 1059 2458 1116 simile
2485 1081 2607 1125 -οις,
2631 1062 2804 1117 Mein.
2831 1062 2989 1131 conj.
3019 1062 3176 1119 τοῖσι.
3203 1067 3270 1122 V.
3306 1083 3340 1118 α
3361 1066 3670 1121 mendosum

2118 1148 2214 1223 γῆς
2235 1150 2486 1203 correxit
2503 1148 2676 1203 Mein.
2713 1172 2736 1196 a
2768 1144 3125 1225 Προκέλευθον
3148 1147 3354 1226 ἡμέραν
3374 1155 3666 1209 Ηοωεῑει·1ι.

2121 1238 2526 1310 interpretatur
2551 1232 2648 1305 τὴν
2674 1233 3169 1313 προκηρυττομένην
3201 1238 3278 1302 εἰς
3305 1236 3367 1294 τὸ
3407 1241 3666 1311 ἐκκλησιά·

2121 1325 2245 1393 ζειν,
2273 1335 2330 1379 et
2377 1342 2600 1379 sensum
2645 1322 2946 1397 fragmenti
2981 1325 3132 1381 hunc
3163 1344 3282 1382 esse
3321 1338 3528 1401 putat:
3559 1356 3579 1377 ι
3607 1333 3667 1383 ita

2117 1412 2335 1467 balneis
2361 1412 2585 1467 deditos
2609 1410 2776 1468 fuisse
2803 1414 3130 1485 Byzantios,
3157 1415 3328 1469 ut·ibi
3353 1418 3582 1471 comitia
3603 1438 3668 1471 ec·-

2118 1500 2433 1569 lebrarent,
2477 1511 2743 1573 totusque
2787 1510 3164 1574 congregatus
3205 1505 3459 1578 populus
3493 1507 3548 1558 in
3581 1506 3668 1557 illis

2120 1588 2192 1645 de
2243 1589 2700 1663 expeditionibus
2773 1588 3142 1659 deliberaret,
3195 1600 3252 1645 et
3313 1604 3666 1649 mercaturam

2120 1689 2428 1735 exerceret.
2459 1704 2485 1727 ι

2691 1775 2760 1835 Χ.
2807 1774 3123 1835 unatim.

2207 1913 2228 1935 u
2271 1888 2338 1941 In
2383 1886 2580 1942 Medea
2613 1888 2724 1945 Str.
2755 1888 2890 1942 lusit
2918 1887 3148 1943 fortasse
3173 1887 3462 1963 Euripidis
3479 1892 3664 1945 aliusve

2119 1974 2348 2049 Tragici
2377 1974 2624 2030 fabulam
2650 1976 3069 2049 cognominem.
3110 1976 3370 2032 Creontis
3393 1979 3452 2032 in
3477 1997 3538 2033 ea
3555 1996 3665 2052 par-

2120 2074 2202 2119 tes
2225 2063 2396 2119 fuisse
2427 2062 2674 2121 ostendit
2700 2063 2904 2138 fragm.
2945 2081 3002 2118 α.
3037 2088 3062 2113 ιι
3087 2065 3138 2119 Ε
3163 2066 3249 2123 Μ.

2877 2194 2931 2233 1.

2197 2290 2403 2345 Athen.
2461 2286 2552 2357 15,
2588 2307 2646 2362 p.
2681 2288 2821 2361 690,
2854 2290 2926 2358 F,
2953 2288 3026 2345 de
3055 2289 3299 2364 Megallo
3329 2309 3342 2344 τ
3377 2290 3663 2365 μνημονεύω

2119 2373 2163 2433 δ’
2193 2377 2436 2435 αὐτοῦ...
2467 2374 2600 2453 Στρ.
2629 2376 2683 2433 ἐν
2705 2373 2938 2455 Μηδείᾳ·

2216 2525 2296 2537 -
2342 2489 2470 2557 Καὶ
2502 2492 2666 2583 λέγ’,
2704 2492 2798 2557 ὅτι
2839 2494 3014 2583 μύρον
3043 2486 3102 2581 γ’
3133 2496 3284 2583 αὐτῇ
3319 2494 3508 2583 φέρεις

2213 2605 2508 2681 τοιοῦτον,
2539 2592 2660 2661 οἷον
2693 2600 2761 2661 οὐ
2789 2597 3110 2689 Μέγαλλος
3145 2602 3398 2663 πώποτε

2215 2700 2464 2789 ἥψησεν,
2499 2697 2637 2767 οὐδὲ
2669 2701 2899 2779 Δεινίας
2937 2701 3268 2794 Αἰγύπτιος

2217 2804 2344 2874 οὔτ’
2374 2802 2551 2891 εἶδεν,
2593 2799 2726 2873 οὔτ’
2761 2810 3089 2881 ἐκτήσατο.

2121 2939 2296 2995 Versu
2329 2957 2352 2994 1
2388 2937 2521 2994 libri
2547 2947 2734 2994 metro
2761 2937 2990 3012 insuper
3007 2937 3200 2994 habito
3223 2947 3286 2992 ut
3313 2938 3518 3013 passim
3539 2977 3552 3003 ,
3575 2933 3660 3008 μύ·

2121 3047 2206 3103 ρον
2247 3024 2416 3104 φέρεις
2463 3027 2597 3103 αὐτῇ
2615 3068 2633 3101 ,
2671 3044 2779 3082 nee
2821 3025 3063 3094 sufficit,
3112 3025 3270 3100 quod
3313 3033 3664 3100 reposuerunt

2117 3115 2396 3186 editores,
2427 3135 2490 3188 μ.
2519 3115 2654 3191 αὐτῇ
2697 3112 2886 3191 φέρεις.
2919 3114 3127 3170 Ossecit
3163 3135 3229 3166 -ν
3273 3115 3442 3168 simili
3469 3135 3522 3187 γ.
3553 3115 3608 3169 V.
3639 3111 3662 3162 3

2119 3199 2324 3266 Δεινίας
2345 3201 2692 3275 Schweigh.,
2719 3213 2788 3256 ut
2811 3202 2988 3258 Thuc.
3016 3201 3074 3271 3,
3099 3201 3157 3258 3.
3183 3201 3344 3256 Libri
3365 3199 3555 3263 Δινίας.
3577 3205 3668 3254 An·

2119 3299 2462 3344 notaverunt
2501 3288 2672 3346 Mein.
2705 3299 2763 3344 et
2793 3289 2974 3346 Dobr.
3001 3288 3120 3344 haec
3155 3287 3345 3344 dicere
3388 3287 3630 3344 Medeam

2119 3377 2337 3434 Creusae
2369 3375 2522 3434 dona
2547 3376 2736 3432 fatalia
2761 3379 3101 3434 mittentem.

2871 3507 2930 3544 α.

2199 3598 2358 3653 Idem
2393 3617 2413 3652 1
2432 3616 2483 3672 ι,
2506 3615 2566 3671 p.
2597 3597 2733 3668 467,
2765 3600 2810 3653 E
2841 3619 2854 3652 τ
2885 3596 3138 3663 Σέλευκος
3161 3597 3210 3655 δ’
3239 3595 3423 3666 εἰπὼν,
3444 3595 3664 3668 ἐκπώμα-

2117 3707 2202 3750 τος
2229 3673 2360 3740 εἶναι
2386 3684 2529 3759 γένος
2555 3682 2645 3741 τὸν
2682 3684 2870 3758 δεῖνον,
2901 3685 3244 3766 παρατίθεται
3291 3686 3594 3766 Στράττιδος
3617 3685 3662 3738 ἐκ

2121 3773 2358 3843 Μηδείας

2215 3885 2409 3968 Οἶσθ’,
2447 3886 2493 3972 ᾧ
2531 3890 2894 3980 προσέοικεν,
2951 3887 3002 3956 ὦ
3049 3893 3294 3984 Κρέων,
3330 3893 3404 3957 τὸ
3453 3891 3660 3980 βρέγμα

3541 4017 3658 4074 σους

2221 4093 2422 4193 ἐγῷδα
2444 4126 2458 4140 ·
2493 4094 2675 4182 δείνῳ
2708 4101 3016 4194 περικάτω
3047 4104 3471 4196 τετραμμένῳ.

2117 4289 2310 4337 cuncta
2343 4288 2484 4338 terra
2509 4289 2591 4336 est
2618 4283 2882 4338 exercitus
2903 4279 3206 4338 ferreorum
3239 4285 3658 4348 (nummorum).

2763 4389 3036 4462 minim.

2873 4516 2922 4564 1.

2119 4623 2192 4637 -
2215 4599 2282 4651 Et
2301 4595 2421 4664 dic,
2447 4603 2502 4651 te
2524 4602 2866 4668 unguentum
2889 4595 2968 4650 ini
2986 4593 3182 4652 afferre

2069 4675 2076 4770 ι
2118 4682 2382 4756 ejusmodi
2406 4723 2422 4750 ,
2447 4682 2610 4755 quale
2643 4698 2743 4738 nee
2762 4681 3029 4754 Megalius
3055 4697 3298 4754 unquam

2069 4773 2076 4857 ι
2119 4771 2290 4838 coxit,
2313 4785 2490 4841 neque
2511 4770 2703 4825 Diniae
2723 4769 3000 4841 AEgyptius

2070 4860 2076 4912 Ι
2122 4855 2200 4912 vel
2231 4853 2400 4921 vidit,
2431 4853 2514 4911 vel
2539 4853 2798 4925 possedit.

2071 5022 2076 5047 Ι
2119 5046 2282 5111 Scin’,
2309 5045 2398 5101 eui
2423 5045 2600 5101 simile
2618 5051 2720 5114 est,
2743 5047 2918 5102 Creon
2941 5085 2956 5110 ,
2985 5043 3223 5114 sinciput
3245 5045 3440 5098 tuum?
3491 5097 3500 5104 ,

2122 5149 2222 5204 ego
2245 5132 2357 5188 scio
2390 5150 2402 5185 t
2429 5131 2558 5188 diuo
2586 5133 2642 5187 in
2667 5140 2830 5204 caput
2857 5137 3078 5188 statuto.

3045 5257 3077 5292 0
