3809 5850
1574 306 1651 366 m
1662 303 1956 365 Pmms.

122 450 313 505 Versu
348 466 367 502 1
404 446 601 520 scripsi
640 439 745 500 θοίν
719 464 830 510 νην.
853 446 879 498 Ῑ
883 442 1013 498 ibri
1038 437 1229 498 τοίνυν.
1262 437 1505 496 Meinck.
1538 438 1712 512 suspi-

126 537 380 592 cabatur
400 531 581 602 τύλην.
606 529 826 586 Deinde
854 526 1035 598 κλίνην
1065 527 1442 584 HemsterhuS.
1474 544 1588 600 pro
1620 519 1713 580 itai

120 625 245 678 νῦν.
272 624 342 680 V.
374 640 409 677 2
438 617 645 695 σῖγυνον
664 635 777 692 pro
800 613 951 672 συνὸν
971 616 1147 672 Bentl.
1174 614 1353 689 Epist.
1390 612 1464 668 ad
1492 615 1707 668 Hemst.

122 731 193 785 p.
239 728 339 786 92·
369 709 662 766 Hanovius
708 705 960 762 malebat
1006 699 1251 778 λάγυνον.
1295 703 1364 761 V.
1414 701 1446 758 3
1488 696 1617 757 ὥστ’
1652 697 1711 756 οὗ

122 802 379 855 Person.
401 797 641 858 Advers.
661 814 723 870 p.
750 791 864 850 252
881 812 899 869 3
916 791 1089 868 vulgo
1106 787 1175 856 ὥς
1198 811 1321 849 που.
1346 789 1567 846 Ibidem
1583 789 1715 844 libri

122 885 279 944 ἀλλὰ
318 882 410 942 καὶ
455 905 511 942 κ.
551 885 641 940 Sic
687 883 857 939 etiam
895 878 1074 936 Thuc.
1112 877 1170 949 5,
1208 897 1307 948 αι,
1348 874 1442 952 μὲν
1482 872 1571 932 καὶ
1606 893 1713 949 pro

126 972 238 1048 μὲν
270 972 335 1043 δὴ
356 1014 373 1043 ,
399 983 509 1029 etc.

538 1079 778 1141 xxxn.
824 1077 1315 1142 MNHMATION.

226 1215 434 1272 Athen.
454 1231 489 1268 α
497 1229 594 1287 ,.Ρ
616 1218 749 1282 ια4,
776 1211 829 1267 D
852 1207 941 1286 (et
966 1210 1121 1268 Eust.
1140 1207 1294 1266 adll.
1311 1229 1373 1284 p.
1400 1207 1539 1282 866,
1564 1207 1712 1284 αδ).
1697 1225 1710 1240 ·

125 1299 219 1359 ὅτι
244 1297 301 1358 δὲ
325 1321 417 1358 και
442 1296 531 1356 τὸν
560 1287 699 1356 οἶνον
729 1295 924 1376 ἔψυχον
954 1295 1084 1375 ὑπὲρ
1110 1301 1201 1354 τοῦ
1224 1293 1540 1376 ψυχρότερον
1562 1293 1717 1352 αὐτὸν

128 1389 335 1460 πίνειν,
367 1384 622 1465 Στράττις
639 1383 796 1465 φησὶν
812 1427 921 1456 .....
950 1390 1013 1445 Δ.
1040 1385 1085 1442 δ’
1106 1385 1160 1442 ἐν
1183 1381 1487 1462 Μνηματίῳ
1510 1381 1638 1462 φησὶ

242 1485 433 1568 Ψῦξον
458 1484 559 1552 τὸν
596 1479 753 1550 οἶνον
770 1477 1012 1575 ,Δῶρι.

508 1625 1364 1687 ΧΧΧΙΠ.ΠΑ1ΔΕΡΑΣΤΑ1.

220 1759 441 1817 Athen.
488 1776 576 1830 10,
616 1778 679 1834 p.
724 1756 865 1827 423,
911 1759 993 1826 E,
1031 1757 1103 1813 de
1146 1755 1402 1814 dictione
1442 1754 1724 1834 ζωρότερον

140 1845 317 1906 πίνειν
346 1865 517 1924 agens
545 1864 561 1904 ε
586 1844 649 1904 Δ.
678 1843 723 1901 δ’
745 1847 798 1903 ἐν
824 1841 1211 1922 Παιδερασταῖς
1235 1866 1389 1924 φησιν

345 1997 445 2008 ——
470 1946 698 2049 Ἑγχεον
732 1959 802 2024 σὺ
828 1945 907 2032 δὴ
935 1946 1133 2024 πιεῒνῖ

248 2059 637 2157 εὐζωρότερόν
667 2089 736 2157 γε
761 2065 830 2136 νὴ
862 2059 987 2147 Δί’,
1028 2059 1079 2126 ὦ
1122 2069 1275 2146 παῖ’,
1306 2055 1439 2140 δός·
1460 2065 1531 2132 τὸ
1562 2060 1678 2154 γὰρ

246 2164 467 2262 ὑδαρὲς
493 2169 651 2236 ἅπαν
678 2163 839 2236 τοῦτ’
863 2167 995 2234 ἐστὶ
1016 2177 1094 2260 τῇ
1127 2165 1290 2261 ψυχῇ
1312 2167 1515 2234 κακόν.

590 2311 853 2374 XXXIV·
900 2313 1289 2372 ΠΑΛΔΑΚΗ.

236 2445 429 2516 Etym.
456 2441 539 2498 Μ.
568 2458 630 2516 Ρ.
679 2439 823 2508 206,
860 2439 953 2508 16,
982 2435 1275 2500 Βουὸάλιον
1300 2457 1329 2518 ,ι
1363 2436 1556 2513 κόσμος
1589 2461 1731 2517 χρυ-

140 2533 277 2596 σῶς
306 2524 692 2606 περιτιθέμενος
716 2529 793 2606 τῷ
816 2527 1026 2605 καρπῷ.
1057 2530 1121 2586 Δ.
1150 2527 1204 2584 ἐν
1238 2527 1507 2605 Παλλακῇ
1525 2570 1543 2597 ,

252 2639 562 2712 novenam
582 2691 603 2728 ,
638 2653 879 2736 καρπῶν
906 2643 1187 2736 παρθένου
1222 2649 1559 2735 φορήματα.

139 2773 377 2832 Vitiose
401 2770 535 2826 libri
560 2764 869 2848 φρονήματα
898 2787 915 2826 2
944 2771 1195 2826 correxit
1217 2770 1481 2846 Sylburg.
1504 2773 1589 2827 De
1613 2773 1735 2848 βου-

140 2858 332 2940 eamq,
362 2859 439 2917 cf.
464 2859 765 2916 Nicostrat.
800 2861 1008 2915 Incert.
1041 2877 1098 2931 7.
1119 2859 1365 2933 Hesych.
1394 2878 1425 2913 a
1454 2860 1735 2917 Meinckio

140 2949 509 3018 emendatus,
536 2944 825 3006 Βουὸάλιον
851 2966 865 3001 :
888 2944 1129 3023 γυναικὸς
1147 2946 1453 3024 κοσμάριον.
1475 2949 1739 3005 Absurde

143 3040 314 3096 enim
336 3036 633 3111 legebatur
656 3030 899 3112 γυναικὸς
928 3032 1134 3113 μόριον.

578 3158 815 3220 XXXV.
870 3159 1328 3220 ΠΑΡΑΣΙΤΟΣ.

236 3368 455 3428 Athen.
492 3386 578 3436 ιο,
609 3385 669 3442 p.
704 3374 856 3444 4²2,
886 3368 953 3442 B,
979 3368 1293 3426 de‘ventris
1329 3370 1384 3425 vi
1421 3368 1697 3426 disserens
1726 3390 1737 3425 z

159 3462 231 3517 Δ.
266 3453 315 3513 δ’
343 3456 399 3512 ἐν
428 3451 748 3533 Παρασίτῳ,

314 3566 399 3637 Εὖ
426 3565 487 3663 γ’
518 3572 551 3635 ὁ
578 3568 956 3663 κατάχρυσος
984 3564 1116 3635 εἷπε
1142 3568 1324 3636 πόλλ’
1360 3565 1679 3665 Εὐριπίδης
1697 3621 1715 3655 ,

320 3704 355 3737 α
392 3679 551 3760 Nixi?
577 3668 648 3741 δὲ
674 3674 848 3765 χρεία
880 3668 977 3765 μ’,
1008 3679 1047 3747 ἡ
1077 3672 1455 3767 ταλαίπωρός
1486 3678 1557 3742 τέ
1584 3702 1699 3769 μου

316 3784 579 3872 γαστήρ.
623 3804 658 3840 »
691 3778 1231 3873 Ταλαιπωρότερον
1262 3776 1428 3847 οὐδέν
1458 3784 1591 3847 ἐστι
1633 3782 1747 3876 γὰρ

320 3896 431 3963 τῆς
459 3886 715 3979 γαστρὸς
738 3935 757 3971 ,
788 3880 823 3917 ⁴¹
841 3885 925 3963 etg-
950 3886 1021 3960 ἢν
1040 3896 1273 3979 πρῶτον
1303 3882 1595 3978 ε’μὲαλεῒς
1612 3939 1629 3972 ,

508 4068 823 4125 PAanM
861 4058 1417 4126 MONUMENTUM.

160 4157 399 4228 Frigera
428 4154 613 4211 vinum
635 4194 651 4224 ‚
676 4154 838 4211 Dori!

728 4242 1202 4299 PAEDERASTAE.

240 4358 319 4369 —
348 4324 588 4383 infunde
615 4334 676 4382 tu
703 4342 835 4383 sane
854 4328 1147 4399 poculum!

166 4414 455 4470 meracius
485 4411 707 4484 quidem
734 4428 829 4485 per
848 4416 1041 4470 Jovem
1062 4454 1077 4481 ‚
1100 4412 1170 4470 da
1192 4456 1206 4481 ‚
1239 4432 1401 4487 puer:
1428 4432 1553 4471 nnm

163 4513 450 4573 aquosum
480 4514 643 4555 omne
668 4496 775 4555 hoc
801 4499 989 4557 animo
1016 4498 1309 4557 malefacit.

818 4590 1127 4644 PELLEX.

156 4672 445 4740 Bubalia,
470 4686 755 4744 carporum
779 4672 1003 4746 virginis
1027 4676 1351 4746 gestamina.

756 4760 1179 4817 PARASITUS.

951 4854 1002 4903 1.

288 4934 437 4989 Bene
462 4948 663 4989 aureus
690 4932 827 4990 dixit
858 4935 1031 4991 multa
1059 4936 1339 5009 Euripides
1360 4941 1414 4991 et
1441 4936 1548 4992 Ιιοσ

298 5042 323 5067 ι
352 5018 541 5075 Vincit
562 5026 745 5075 autem
776 5020 959 5091 inopia
989 5035 1077 5076 me
1097 5061 1113 5086 ‚
1139 5030 1194 5077 et
1216 5020 1399 5077 infelix
1431 5038 1584 5078 meus

296 5112 503 5162 venter.
536 5128 561 5152 υ
594 5104 871 5162 infelicius
893 5106 1041 5163 enim

400 5212 693 5251 ΠΑΕΙΒΙΙῚἏ
719 5214 997 5250 mumolum
1026 5214 1108 5251 GR.

3263 310 3366 359 ou

1858 435 1896 505 5
1951 431 2090 502 ἀλλ’
2121 439 2231 524 οὐχ
2263 437 2455 526 ἕτερον
2484 435 2747 528 ἀγγεῖον.
2791 429 2868 500 Ἐν
2889 436 3058 524 ’πήρα
3089 435 3282 525 φέροις

1951 539 2168 634 ἄρτους
2203 534 2295 623 ἂν,
2325 535 2470 604 ἀλλ’
2491 544 2558 605 οὐ
2579 535 2776 632 ζωμὸν
2803 590 2821 624 ,
2853 537 2890 612 ἢ
2925 532 3278 632 διαφθερεῖς·

1832 685 1841 694 ·
1955 647 2036 726 εἰς
2055 640 2314 740 σπυρίδα
2344 640 2540 737 μάζας
2557 641 2877 737 ἐμὸαλεῒς,
2899 642 3042 712 ἀλλ’
3064 649 3131 711 οὐ
3152 655 3375 738 φακῆν,

1951 753 2203 847 οἰνάριον
2241 750 2322 829 εἰς
2348 749 2625 844 λάγυνον,
2654 745 2798 817 ἀλλ’
2829 755 2896 818 οὐ
2923 745 3205 842 κάραὲον·

1953 859 2034 938 εἰς
2063 865 2172 935 τὴν
2199 859 2352 935 θεοῖς
2381 854 2594 948 ἐχθρὰν
2622 849 2662 923 δ
2666 857 2693 922 ὲ
2733 859 2963 930 ταύτην
2996 855 3283 946 εἰσφορεῒς

1817 987 1900 1033 10
1952 964 2033 1032 τὰ
2064 965 2240 1032 πάνθ’
2266 970 2502 1041 ἑαυτοῖς
2533 955 2722 1056 μηδὲν
2751 965 3219 1055 ὁμολογούμενα·

1953 1077 2058 1140 κού
2083 1070 2442 1164 προστίθημι
2468 1066 2674 1136 τᾶλλα
2692 1120 2709 1153 ,
2735 1061 2900 1137 διότι
2922 1081 3237 1160 πανταχοῦ

1956 1172 2062 1244 διὰ
2089 1181 2197 1252 τὴν
2223 1175 2516 1244 τάλαιναν
2546 1175 2750 1243 πάντα
2781 1177 2980 1268 ταύτῃ
3015 1173 3311 1270 γίγνεται.

1817 1331 1841 1356 α
1874 1308 2055 1383 Ipsius
2089 1307 2315 1381 parasiti
2339 1305 2540 1362 verba.
2593 1307 2828 1359 Versum
2878 1321 2903 1358 ι
2949 1304 3178 1378 respicit
3226 1305 3380 1374 Eust.

1810 1422 1873 1480 p.
1914 1401 2090 1472 1205,
2117 1422 2215 1460 20.
2242 1404 2420 1458 Versu
2454 1419 2489 1456 a
2519 1398 2810 1474 Euripidis
2837 1397 3164 1472 fragmentis
3185 1400 3382 1454 incert.

1819 1489 1931 1565 159
1970 1491 2168 1548 Matth.
2201 1491 2408 1565 legitur
2447 1491 2482 1558 ἡ
2515 1487 2736 1550 κακῶς
2769 1487 2815 1540 τ’
2857 1483 3228 1559 ὀλουμένη.
3271 1487 3387 1540 Ita—

1813 1598 1926 1654 que
1953 1591 2054 1636 aut
2076 1580 2406 1637 memoriter
2425 1577 2621 1633 citavit
2648 1575 2824 1649 Diph.
2845 1616 2861 1645 ,
2898 1585 2994 1632 aut
3021 1575 3190 1630 aliam
3215 1591 3385 1647 quam

1813 1666 2072 1726 Clemens
2088 1708 2106 1743 ,
2146 1667 2245 1742 qui
2291 1665 2494 1740 fragm.
2543 1662 2686 1719 illud
2731 1663 2978 1719 servavit
2995 1704 3013 1738 ,
3047 1664 3386 1736 scripturam

1814 1765 2036 1812 secutus
2059 1765 2158 1813 est.
2189 1755 2387 1811 Altero
2415 1752 2499 1808 ibi
2525 1769 2694 1808 versu
2717 1751 2914 1826 Eurip.
2948 1769 2962 1804 ε

1894 1860 2134 1944 γαστὴρ,
2161 1864 2250 1942 ἀφ’
2271 1852 2334 1933 ἧς
2380 1859 2444 1932 δὴ
2473 1859 2646 1918 πάντα
2669 1857 2902 1939 γίγνεται
2926 1853 3086 1922 κακά.

1816 1976 2090 2034 Similiter
2117 1975 2306 2031 Alexis
2339 1991 2352 2028 ε
2375 1971 2490 2032 mv
2519 1967 2574 2030 δὲ
2603 1967 2690 2028 διὰ
2713 1965 2907 2040 ταύτην
2935 1967 3142 2027 ἅπαντα
3160 1967 3390 2046 γίγνεται

1818 2061 1885 2121 τὰ
1919 2062 2148 2140 δυσχερῆ
2161 2103 2182 2132 ,
2209 2063 2327 2119 scii.
2349 2058 2447 2131 τὴν
2462 2056 2711 2136 γαστέρα.
2743 2081 2769 2108 ²·
2801 2057 2868 2115 E.
2899 2059 2985 2118 M.
3006 2060 3182 2116 Versu
3211 2064 3242 2124 4
3274 2069 3331 2115 et
3357 2057 3390 2114 5

1814 2153 1897 2207 ‘sic
1917 2150 2052 2206 libri
2065 2151 2294 2224 optimi.
2315 2149 2456 2207 ABP
2467 2147 2614 2208 cod.
2637 2148 2682 2205 C
2701 2165 2810 2222 pro
2829 2147 3035 2225 πρῶτον
3053 2145 3226 2202 habet
3237 2142 3393 2205 πάντ’

1679 2271 1697 2318 '.
1820 2235 1909 2308 ἂν,
1939 2249 2248 2312 utrumque
2269 2239 2368 2296 VL
2393 2238 2466 2301 εἷς
2498 2233 2556 2306 ἣν
2583 2235 2792 2311 πρῶτον
2827 2231 2986 2290 πάντ’
3022 2229 3086 2290 ἂν
3117 2231 3388 2307 ἐμὸάλοις.

1820 2327 2067 2384 Meinek.
2113 2327 2178 2381 in
2217 2323 2332 2382 fine
2359 2341 2554 2381 versus
2590 2319 2731 2380 ἅπαν
2783 2321 3054 2379 excidisse
3093 2332 3296 2398 putat,
3339 2332 3397 2378 et

1822 2415 2030 2490 πρῶτον
2074 2423 2254 2470 mutat
2299 2415 2359 2468 in
2407 2407 2632 2489 βρωτόν.
2689 2410 2908 2484 Quibus
2962 2427 3094 2466 usus
3152 2409 3272 2465 haec
3319 2411 3396 2465 ita

1823 2502 2012 2558 scribo
2041 2519 2054 2556 ε

1924 2625 2036 2693 τῆς
2062 2615 2316 2708 γαστρὸς
2335 2663 2354 2699 ,
2393 2612 2534 2680 εἰσὺ
2569 2611 2800 2704 βρωτὸν
2821 2610 2982 2676 ἅπαν
3009 2595 3074 2702 γ’
3102 2606 3174 2674 ἃν
3210 2603 3402 2701 3960?-

1926 2714 2134 2786 ἄλλων
2161 2721 2358 2811 ἕτερον
2389 2713 2462 2782 ἂν
2487 2723 2686 2810 γυῖον,
3263 2720 3388 2786 λοις

1829 2847 1903 2904 ad
1938 2849 2233 2921 superiora
2260 2843 2406 2904 οὐδέν
2434 2845 2546 2902 ἐστι
2577 2841 2797 2920 γαστρὸς
2832 2840 3285 2922 ταλαιπωρότερον
3313 2861 3402 2898 re·

1830 2934 2148 2994 ferendum.
2198 2936 2332 2990 Haec
2371 2934 2622 3007 expressi
2649 2934 2708 2988 in
2736 2932 2938 2988 latinis.
2979 2934 3044 2989 V.
3075 2949 3113 3005 9
3153 2928 3405 3007 εἰσφορεῖς

1830 3022 2063 3079 Grotius
2103 3040 2213 3097 pro
2246 3018 2491 3098 εἰσφόρει.
2517 3023 2586 3079 V.
2625 3038 2695 3077 ιο
2718 3014 2785 3076 τὰ
2821 3018 2910 3096 (h.
2939 3038 2990 3076 e.
3024 3018 3219 3093 ταῦτα)
3249 3018 3408 3073 abest

1832 3130 1863 3166 a
1892 3110 2093 3183 codd.,
2117 3110 2218 3183 qui
2240 3106 2437 3166 πάντα.
2467 3108 2660 3181 Quare
2681 3106 2925 3167 Meinek.
2951 3105 3200 3161 malebat
3225 3106 3407 3184 εἰσφο-

1835 3199 1941 3276 ρεῖν
1975 3197 1988 3274 Ι
2021 3194 2177 3253 πάντ’
2219 3192 2328 3253 ἔσθ’
2366 3195 2567 3261 ἑαυτοῖς
2604 3206 2713 3251 etc.
2756 3199 2819 3254 V.
2863 3213 2932 3250 12
2971 3192 3147 3268 vulgo
3186 3190 3406 3269 ταύτην,

1831 3304 1942 3362 pro
1967 3282 2174 3355 ταύτηι,
2201 3282 2360 3358 qnod
2385 3284 2695 3360 posuimus.
2723 3280 2867 3343 PVL
2892 3283 3080 3341 ταῦτα.

2593 3408 2650 3447 2.

1916 3494 2124 3551 Athen.
2167 3493 2227 3563 6,
2266 3512 2328 3568 Ρ.
2371 3491 2524 3562 236,
2553 3494 2640 3551 B:
2669 3488 2760 3548 καὶ
2787 3488 2926 3548 ἄλλα
2961 3488 3017 3548 δὲ
3042 3494 3260 3549 τοιαυτα
3287 3490 3406 3547 ἐπι-

1836 3579 1978 3727 λξᾶει
1999 3583 2028 3639 ὃ
2051 3602 2160 3740 τῖυ
2172 3578 2511 3658 Ἐπιχάρμου
2537 3574 2862 3657 παράσιτος.
2880 3579 2909 3635 δ
2938 3574 2993 3637 δὲ
3021 3575 3168 3655 παρὰ
3204 3575 3410 3656 Διφίλῳ

1838 3692 1869 3727 τ
1937 3692 1960 3727 ε
1985 3690 2093 3747 φησ
2113 3690 2142 3725 ν

1937 3776 2106 3851 ὅταν
2137 3809 2212 3874 με
2241 3785 2468 3876 καλέσῃ
2499 3782 2783 3858 πλουσιος
2811 3774 3054 3848 δεῖπνον
3082 3790 3298 3866 ποιῶν,

1942 3892 2009 3955 οὐ
2021 3896 2298 3955 κατανοῶ
2307 3886 2391 3954 τά
2408 3886 2528 3979 (τε)
2537 3884 2808 3981 τρίγλυφ’
2821 3936 2842 3973 ,
2865 3887 3006 3953 οὔτε
3023 3886 3135 3964 τὰς
3161 3887 3409 3979 στέγας,

1952 4078 2139 4127 ventre
2154 4110 2169 4137 ,
2192 4071 2239 4141 si
2263 4079 2323 4127 tu
2343 4068 2576 4143 quodvis
2597 4068 2758 4127 edule
2787 4069 2843 4125 in
2871 4084 2997 4125 eum
3027 4068 3203 4141 injicis
3221 4109 3237 4136 ‚

1844 4164 1877 4215 5
1953 4159 2182 4216 aliorum
2212 4157 2432 4230 quidem
2459 4158 2678 4215 nullum
2713 4164 2797 4213 est
2825 4157 3136 4215 membrum
3164 4174 3179 4212 ι
3207 4158 3262 4212 in
3294 4172 3418 4227 pera

3089 4244 3419 4317 [portaveris

1954 4348 2121 4405 panes
2138 4373 2155 4399 ‚
2179 4348 2292 4389 non
2319 4340 2500 4388 autem
2515 4324 2800 4403 jusculum
2817 4370 2833 4397 ‚
2863 4337 2960 4387 aut
2977 4344 3320 4401 corrumpam

1956 4420 2010 4473 in
2036 4419 2335 4491 sportulam
2362 4432 2541 4475 mazas
2562 4417 2803 4489 injicies,
2829 4431 2942 4472 non
2980 4416 3219 4483 lentem;

1955 4504 2145 4561 villum
2172 4505 2232 4561 in
2258 4504 2508 4577 lagenam
2529 4544 2545 4569 ,
2565 4518 2678 4559 non
2697 4504 2955 4561 carabum
2989 4520 3002 4557 ε

1959 4594 2016 4647 in
2045 4592 2192 4647 hunc
2211 4607 2338 4648 vero
2359 4590 2466 4647 diis
2484 4591 2718 4647 invisum
2746 4590 2930 4646 omnia

1854 4683 1920 4732 10
1957 4678 2059 4733 ista
2085 4675 2233 4734 haud
2259 4676 2617 4749 congruentia
2638 4676 2874 4747 ingen-in

1959 4778 2139 4836 neque
2171 4762 2313 4820 addo
2341 4772 2546 4832 cetera,
2575 4778 2746 4835 quum
2765 4762 2970 4834 ubique

1960 4858 2184 4923 propter
2217 4849 2526 4922 improbum
2555 4852 2739 4907 omnia
2765 4848 2955 4905 eadem
2985 4848 3135 4903 liant.

2611 4942 2664 4991 2.

1925 5022 1980 5078 Si
2011 5020 2158 5079 dives
2176 5038 2388 5080 coenam
2413 5038 2678 5096 apparens
2706 5038 2792 5079 me
2823 5020 3072 5078 invitavit
3089 5061 3104 5087 ‚

1927 5124 2100 5181 neque
2119 5109 2378 5181 adspectu
2405 5108 2676 5180 triglypha
2694 5151 2708 5175 ‚
2733 5122 2910 5179 neque
2934 5115 3074 5163 tecta
3089 5146 3104 5171 ‚

3108 5207 3154 5248 ιι
