3809 5850
492 448 606 501 236

490 572 939 649 llarpocratione
975 566 1255 635 ὀνεύοντες.
1302 566 1665 645 Phrynichus
1714 571 1934 644 Appar.
1973 587 2064 623 so·

494 663 665 737 phist.
688 678 749 734 p.
787 657 884 734 57,
910 677 1006 728 21,
1037 656 1271 716 Ὀνεῦειν
1304 676 1319 712 :
1342 654 1403 714 τὸ
1430 654 1695 734 περιάγειν
1719 654 1785 714 τὰ
1816 651 2064 734 μηχανή-

495 770 671 824 ματα,
702 735 776 812 οἷς
799 743 916 810 τούς
936 767 993 802 τι
1015 743 1185 810 λίθους
1210 744 1303 803 καὶ
1329 742 1399 802 τὰ
1426 743 1565 803 ἄλλα
1592 743 1854 804 ἕλκουσιν.
1880 741 1993 809 ὄνος
2017 743 2063 800 δ’

494 834 635 894 ἐστὶν
663 833 790 892 αὐτὸ
824 831 884 890 τὸ
925 833 1225 912 μηχάνημα
1254 832 1316 891 τὸ
1351 830 1437 890 διὰ
1476 831 1757 911 τροχιλίων
1781 829 1876 890 καὶ
1913 851 2066 910 σχοι-

490 921 633 980 νίων.
660 921 677 1000 (
718 947 741 972 ι
761 923 909 978 Usus
934 933 1019 978 est
1045 939 1115 978 eo
1134 922 1315 978 verbo
1335 923 1507 978 etiam
1522 922 1704 977 Thuc.
1743 941 1774 992 7
1792 963 1811 996 ,
1845 918 1946 978 25.
1974 919 2062 976 Cf.

488 1011 673 1067 Foesii
699 1011 921 1066 OEcon.
952 1009 1228 1084 Hippocr.
1257 1026 1320 1083 p.
1354 1006 1491 1074 465.
1520 1031 1545 1059 υ
1582 1010 1765 1067 Mem.
1795 1009 1869 1066 V.
1895 1009 2067 1063 etiam

494 1095 679 1155 Baehr.
716 1094 790 1152 ad
827 1093 1109 1155 Herodot.
1168 1115 1228 1166 7,
1278 1092 1418 1173 36.)
1466 1094 1596 1171 Ipse
1633 1094 1885 1170 reposita
1921 1113 2066 1151 voce

490 1183 739 1258 AEschyli
780 1179 971 1260 (Pers.
1004 1179 1119 1261 39)
1166 1195 1227 1240 et
1269 1183 1670 1258 Xenophontis
1714 1183 1731 1262 (
1746 1181 1963 1258 Cyrop.
2000 1203 2060 1255 7,

494 1281 555 1341 4,
582 1272 685 1328 ubi
710 1289 857 1327 unus
879 1270 1277 1327 tantummodo
1300 1271 1449 1328 liber
1472 1289 1613 1327 mse.
1635 1271 1810 1326 habet
1832 1271 2066 1345 vulgare

492 1371 551 1415 et
588 1359 1043 1435 glossematicum
1082 1355 1526 1437 ἀναριθμήτους),
1579 1369 1807 1414 versum
1846 1359 2060 1416 sanavi.

490 1448 804 1502 Metrorum
832 1446 1055 1502 ratione
1080 1463 1199 1500 non
1216 1457 1543 1520 perspecta,
1572 1463 1691 1501 non
1713 1457 1799 1502 est
1826 1446 2058 1512 mirum,

492 1534 756 1590 librarios
774 1534 989 1607 passim
1022 1544 1081 1589 et
1104 1535 1277 1590 verba
1297 1545 1667 1610 transponere
1692 1543 1749 1592 et
1774 1533 2066 1610 interpre-

491 1631 735 1680 tamenta
756 1621 991 1680 allinere
1013 1639 1125 1698 pro
1151 1621 1362 1682 lubitu.

1248 1743 1306 1804 3.

574 1869 782 1928 Athen.
822 1866 916 1940 15,
956 1887 1018 1944 p.
1044 1865 1159 1924 562
1184 1867 1534 1943 Scliweigh„
1574 1885 1639 1942 p.
1688 1865 1834 1924 1561
1861 1865 2064 1924 Dind.:

498 1957 550 2016 Π
558 1957 603 2015 λ.
623 1956 677 2014 ἐν
704 1959 776 2016 Ν.
806 1977 867 2033 μ.

583 2071 833 2163 ἥξουσιν
862 2080 923 2146 οἱ
948 2053 1202 2172 πομπῆς
1227 2079 1595 2173 λυχνούχους
1635 2045 1898 2153 δηλαδή.

490 2207 721 2284 napus<
745 2207 924 2266 Mein.
952 2224 1064 2282 pro
1087 2205 1325 2282 vulgato
1347 2209 1576 2280 πομπεῖς
1592 2245 1610 2277 ,
1640 2205 1831 2262 attice.

1246 2333 1301 2394 ι..

565 2449 978 2507 Grammaticus
1036 2447 1284 2508 Bekkeri
1351 2447 1569 2507 Anecd.
1622 2466 1684 2524 p.
1746 2447 1891 2519 384,
1959 2467 2072 2520 10,-

489 2533 628 2593 Ἀλλ’
656 2524 724 2592 αὗ
749 2552 768 2595 3
800 2533 917 2592 ἀντὶ
936 2537 1025 2592 τοῦ
1050 2531 1189 2592 ἀλλὰ
1208 2532 1391 2592 πάλιν.
1425 2534 1533 2592 Πλ.
1560 2535 1632 2594 Ν.
1660 2557 1721 2611 μ.

588 2653 743 2828 AX}
776 2657 849 2726 αὗ
883 2661 1147 2751 γέλοιον,
1184 2649 1378 2752 ἄνδρα
1412 2682 1516 2750 μοι
1550 2662 1630 2750 μὴ
1672 2658 1982 2752 φροντίσαι

588 2789 671 2855 μη
719 2765 797 2829 ἐν.

489 2899 688 2957 Codex
712 2895 853 2957 Ἀλλ’
882 2897 940 2955 οὗ
974 2919 1025 2975 γ.
1066 2895 1120 2957 ἅ.
1152 2918 1242 2975 μοι
1278 2917 1369 2977 φρ.
1398 2896 1615 2955 Praeter
1634 2899 2054 2971 necessitatem,

488 2989 785 3064 minusque
812 2987 1087 3063 exquisite
1114 2987 1225 3043 viri
1244 2985 1402 3043 docti
1425 2983 1589 3066 ἄνδρα
1612 3006 1734 3062 μου.

1247 3098 1305 3158 5.

569 3223 770 3278 Pollux
795 3221 849 3293 6,
880 3226 989 3287 142
1021 3241 1034 3275 :
1079 3217 1139 3277 τὸ
1175 3217 1219 3277 δ’
1242 3219 1297 3277 ἓν
1339 3222 1406 3298 τῇ
1446 3220 1519 3280 Ν.
1554 3243 1611 3296 μ.
1643 3217 1926 3286 Πλάτωνος
1951 3222 2060 3279 αὗ-

490 3331 559 3367 το
574 3310 741 3387 σχεδ
757 3307 819 3366 iot
834 3329 967 3385 σμα
994 3308 1213 3388 φαῦλον.
1252 3310 1451 3366 Utitur
1483 3319 1671 3365 tamen
1691 3310 1805 3366 hoc
1826 3313 2061 3369 nomine

488 3399 817 3454 Aristoteles
838 3395 1005 3453 Poet.
1041 3403 1101 3466 4,
1133 3407 1192 3453 et
1228 3395 1651 3474 αὐτοσχεδιάζειν
1682 3399 1831 3455 dixit
1855 3401 2058 3456 Xeno-

488 3489 647 3563 phon
690 3486 843 3545 Hell.
892 3485 962 3557 5,
1001 3504 1057 3557 a,
1098 3484 1193 3557 32,
1237 3484 1682 3564 αὖτοσχεὸιαστὰς
1727 3499 1916 3545 autem
1958 3490 2061 3545 τῶν

490 3574 878 3653 στρατιωτικῶν
906 3574 1120 3630 Laced.
1148 3592 1273 3649 rep.
1311 3575 1406 3644 13,
1440 3572 1473 3631 5

686 3713 905 3769 xvm.
938 3710 1311 3771 ΞΑΝΤΡΙΑῙ
1340 3711 1391 3771 Η
1412 3711 1860 3771 ΚΕΡΚΩΠΕΣ.

570 3852 597 3877 ι
628 3823 837 3885 Ξάνται
854 3823 889 3893 ἢ
914 3822 1195 3905 Κέρκωπας
1220 3844 1340 3883 non
1360 3829 1465 3883 nisi
1484 3846 1519 3883 a
1536 3828 1709 3885 Suida
1730 3838 1787 3883 et
1808 3827 2068 3883 Eudocia
2095 3844 2106 3855 ·

490 3924 1031 3973 commemorantur.
1060 3914 1297 3969 Photius
1324 3934 1382 3972 v,
1410 3913 1663 3981 Τευτᾶζει
1692 3926 1747 3972 et
1769 3914 2067 3972 Androni-

492 4022 593 4059 cus
602 4002 931 4075 simpliciter
950 3998 1155 4058 Ξάνται
1172 4013 1409 4073 vocant;
1424 4022 1573 4057 unus
1586 4003 1910 4077 Hephaestio
1926 4003 2068 4060 Ξάν-

363 4104 369 4110 ·
492 4110 657 4166 τριαι.
686 4092 760 4145 Et
776 4090 857 4145 sic
880 4088 1117 4145 fortasse
1152 4090 1325 4144 etiam
1368 4092 1554 4163 Etym.
1585 4092 1667 4149 M.
1704 4110 1763 4165 p.
1799 4089 1936 4165 595,
1970 4098 2063 4163 4ο,

488 4179 535 4233 si
553 4195 689 4234 vera
710 4187 871 4248 sunt,
896 4196 1021 4250 quae
1044 4178 1246 4233 monui
1272 4178 1333 4232 in
1354 4178 1515 4234 Curis
1539 4180 1665 4233 crit.
1690 4198 1749 4253 p.
1777 4184 1875 4255 4ο,
1897 4179 2068 4235 Gais-

490 4264 666 4321 fordii
694 4264 769 4321 ad
800 4265 1080 4339 liephaest.
1108 4284 1172 4339 p.
1200 4283 1300 4339 91,
1324 4282 1551 4320 assensu
1574 4266 1974 4340 comprobata.
2001 4268 2069 4322 In

489 4354 599 4409 hac
644 4351 841 4409 fabula
879 4354 1186 4409 Herculem
1223 4354 1630 4409 carminantem
1671 4353 2068 4411 introductum

492 4442 677 4516 fuisse,
703 4459 775 4497 ex
800 4441 966 4496 titulo
992 4440 1262 4497 dramatis
1287 4441 1663 4516 probabiliter
1683 4442 1929 4515 conjecit
1954 4446 2066 4500 Lo-

490 4529 723 4586 beckius
744 4530 1021 4606 Aglaoph.
1050 4548 1114 4604 p.
1150 4529 1321 4585 1303.
1351 4554 1374 4580 ι
1398 4531 1449 4585 Ε
1466 4532 1555 4588 Μ.

1500 434 1916 497 COMOEDIAE
1958 433 2284 498 VETEBIS
2323 433 2740 510 RELIQmAE.

3664 515 3670 566 ἔ

2911 587 2935 623 ι
2951 609 2964 624 .

2243 684 2530 760 Hephaest.
2568 681 2638 740 15
2657 722 2675 752 ,
2703 701 2767 758 p.
2799 701 2871 758 91
2907 701 2922 736 ε
2954 678 3150 757 γίνεται
3177 676 3230 738 δὲ
3257 678 3340 737 καὶ
3360 688 3620 760 τριπινθημι-

2165 768 2316 848 μερὶς
2339 770 2400 828 ἐκ
2423 768 2651 841 τούτων,
2674 767 2735 827 τὸ
2753 765 3074 843 καλούμενον
3107 765 3441 845 Πλατωνικὸν,
3461 759 3553 848 ivi}
3575 769 3621 826 τὰ
3669 833 3671 844 Ι

2163 856 2260 934 μὲν
2289 854 2609 934 ἑκατέρωθεν
2645 853 2737 914 δύο
2762 853 3053 914 δακτυλικᾶ
3089 855 3198 913 ἐστι
3229 859 3561 934 πενθημιμιρῆ,
3582 857 3623 915 τὸ

2162 945 2218 1005 δὲ
2248 943 2407 1022 μέσον
2453 941 2722 1021 ἰαμὸικόν.
2767 941 3026 1022 κέχρηται
3059 940 3114 1001 δὲ
3147 941 3283 1022 αὗτῷ
3320 943 3415 1004 m.
3445 945 3487 1000 ἐν
3517 945 3625 1002 Ξαν-
3671 1011 3673 1022 Ι

2163 1033 2360 1114 τρίαις,

2286 1167 2474 1252 Χαῖρε
2490 1207 2510 1243 ,
2574 1156 2988 1250 παλαιογόνων
3040 1148 3265 1248 ἀνδρῶν
3313 1157 3503 1224 θεατῶν
3529 1157 3626 1240 ξύλ-
3672 1211 3674 1214 ,

3105 1269 3244 1356 λογε
3285 1261 3624 1356 παντοσόφωνῖ
3675 1323 3677 1338 2

2163 1403 2358 1460 Simile
2376 1403 2804 1460 Atheniensium
2828 1401 3151 1460 encomium
3163 1397 3389 1458 habetur
3398 1402 3522 1478 apud
3535 1402 3626 1459 Cra·

2163 1494 2342 1549 tinum
2365 1491 2440 1550 fr.
2468 1492 2670 1590 incert.
2705 1489 2805 1551 51.

2919 1620 2978 1660 2.

2238 1717 2476 1773 Photius
2513 1733 2576 1790 p.
2613 1713 2753 1787 583,
2790 1725 2850 1771 et
2889 1713 3094 1770 Suidas
3129 1732 3187 1772 ν.
3233 1708 3476 1779 Τιυτάζιιν
3506 1731 3518 1770 :
3551 1709 3626 1768 m.
3681 1743 3683 1748 -

2162 1801 2395 1869 Ξᾶνταις
2423 1801 2564 1883 (sic)

2257 1910 2346 1988 ᾖν
2377 1912 2454 1994 δὴ
2490 1900 2730 2012 θορυὸος
2755 1912 3187 1998 τευταζόντων.

2159 2045 2275 2105 ἀντὶ
2302 2049 2394 2105 τοῦ
2415 2044 2934 2127 πραγματευομένων
2956 2043 2994 2116 ἢ
3015 2041 3387 2124 διατριὸὄντων.
3409 2045 3558 2116 Etym.
3571 2043 3628 2098 M.
3685 2091 3688 2097 ,

2155 2158 2218 2213 p.
2246 2136 2396 2209 755,
2433 2135 2506 2203 43
2549 2151 2568 2194 2
2616 2133 2844 2196 Πλάτων
2869 2159 2893 2186 ι
2923 2125 2990 2206 ἦν
3039 2131 3095 2191 δὲ
3136 2137 3186 2192 θ.
3212 2153 3344 2190 τευτ.
3371 2155 3412 2203 υ,
3433 2132 3516 2187 ubi
3540 2129 3631 2186 cod.

2156 2223 2402 2284 Dorvill.
2451 2222 2558 2286 m.
2612 2220 2671 2290 ξτ
2723 2222 3148 2300 (superscripto
3175 2221 3256 2298 σ)
3293 2208 3352 2291 ἦν
3397 2217 3452 2291 δὴ
3491 2217 3628 2296 θόρμος

2155 2334 2296 2374 ἵεντο

2927 2431 2986 2492 3.

2243 2547 2432 2623 Etym.
2453 2546 2534 2606 M.
2559 2564 2618 2621 p.
2654 2542 2802 2621 595,
2839 2550 2916 2612 4ο
2949 2563 2962 2600 :
2997 2539 3299 2622 βουλευτὴς,
3329 2534 3560 2620 βουλευτίς.

2267 2665 2479 2739 Tam&
2516 2667 2820 2756 βουλευτὶς
2851 2667 3054 2735 πόνων

2157 2811 2212 2867 ἐν
2250 2805 2365 2872 ταῖς
2398 2803 2705 2884 Ξαντρίαις.
2747 2807 3002 2863 Platonis
3023 2823 3230 2862 nomen
3261 2800 3492 2861 excidisse
3519 2807 3634 2874 putat

2156 2898 2360 2968 Mein„
2387 2914 2566 2971 quum
2591 2895 2686 2952 alii
2705 2894 2822 2950 haec
2851 2894 3100 2951 referant
3120 2891 3193 2951 ad
3217 2891 3437 2965 AEschyli
3457 2885 3634 2943 rabulam

2157 2986 2577 3062 cognominem,
2615 2983 2777 3057 quod
2811 2984 2952 3042 mihi
2987 2983 3382 3039 verosimilius:
3429 2994 3535 3033 nam
3559 2974 3630 3029 dea

2155 3071 2344 3131 Λύσσα
2365 3071 2480 3129 dici
2503 3069 2752 3141 videtur,
2791 3088 2968 3145 quam
2999 3070 3288 3147 AEschylns
3311 3066 3517 3125 induxit.

2626 3202 2792 3265 XIX.
2817 3204 3255 3267 ΠΑῙΔΑΡῙΟΝ.

2245 3363 2270 3388 «ι
2316 3332 2610 3415 Παιδάριον
2653 3347 3068 3397 commemorat
3117 3334 3286 3391 schol.
3324 3322 3636 3418 Aristophanis

2156 3424 2292 3484 Pac.
2327 3424 2465 3497 733,
2505 3424 2647 3501 948,
2687 3433 2744 3480 et
2775 3422 2910 3479 hinc
2943 3422 3148 3479 Suidas
3171 3441 3227 3481 V.
3259 3414 3638 3493 uapdsacoenrm

2155 3517 2216 3570 in
2248 3532 2484 3570 recensu
2523 3514 2845 3572 fabularum
2892 3512 3146 3568 Platonis
3179 3510 3342 3565 babet
3378 3498 3639 3567 naiziwu!

2157 3601 2520 3659 Andronicus
2538 3612 2594 3657 et
2623 3599 2902 3661 Eudocia.
2924 3602 3039 3676 Ap.
3070 3600 3272 3657 Athen.
3309 3616 3360 3668 7,
3382 3613 3437 3669 p.
3459 3589 3549 3647 316
3568 3584 3638 3661 ,C‚

2157 3691 2290 3746 libri
2315 3690 2422 3747 Πλ.
2458 3686 2654 3759 Παιδὶ,
2684 3687 2846 3763 quod
2867 3688 2931 3744 in
2965 3685 3176 3766 Παιδίῳ
3200 3694 3450 3743 mutatum
3465 3688 3546 3733 est.
3567 3676 3640 3728 Pa·

2159 3779 2386 3834 rabasin
2407 3777 2609 3833 habuit
2636 3773 2930 3853 Παιδάριον
2953 3776 3263 3833 secundum
3285 3770 3446 3829 schol.
3469 3770 3549 3823 Ar.
3569 3762 3639 3817 P&-

2160 3868 2240 3921 cis
2268 3866 2400 3937 733.
2429 3868 2632 3941 Itaque
2663 3865 2937 3921 archonte
2965 3865 3217 3923 Philocle
3245 3858 3420 3919 doceri
3447 3870 3542 3911 non
3563 3865 3640 3923 po·

2159 3954 2286 4014 tuit.
2313 3977 2339 4005 ν
2378 3954 2426 4009 Ε
2450 3952 2533 4010 Μ.

2921 4082 2972 4125 1.

2241 4174 2435 4234 Schol.
2462 4177 2757 4251 Aristoph.
2787 4177 2946 4233 Pacis
2975 4176 3090 4247 733
3116 4194 3132 4231 t
3160 4168 3443 4254 παρᾶὅασιν
3463 4162 3510 4222 δὲ
3531 4160 3642 4218 τοῦτο

2163 4264 2380 4323 ἐκάλουν
2403 4262 2619 4322 ἀπὸτοῦ
2666 4260 3012 4342 παραὸαίνειν
3043 4261 3131 4321 τὸν
3153 4258 3300 4341 χορὸν
3329 4256 3425 4314 ἀπὸ
3451 4254 3528 4321 τῆς
3540 4266 3642 4303 ⁹²⁹⁰·

2163 4351 2418 4429 μισμίνης
2440 4349 2672 4417 στάσεως
2691 4353 2764 4417 εἷς
2781 4350 2878 4419 τὴν
2899 4348 3212 4427 καταντικρὺ
3237 4350 3324 4405 τοῦ
3341 4342 3525 4419 θεάτρου
3538 4334 3640 4413 54³,

2164 4439 2321 4499 ὁπότε
2348 4438 2594 4499 ἐὸοὗλετο
2615 4442 2645 4497 δ
2677 4437 2896 4511 ποιητὴς
2922 4435 3256 4518 διαλεχθῆναί
3276 4458 3324 4492 τι
3344 4431 3430 4500 ἔξω
3453 4430 3528 4497 τῆς
3547 4427 3640 4481 ὓῖΐθ·

2161 4528 2350 4595 θέσεως
2365 4571 2382 4602 ,
2428 4526 2550 4585 ἄνευ
2596 4528 2700 4585 τῶν
2737 4528 3056 4607 ὑποκριτῶν,
3097 4522 3225 4604 πρὸς
3263 4521 3320 4580 τὸ
3351 4518 3530 4593 θέατρον
3549 4500 3640 4588 [διὰ

1254 4716 1308 4767 3.
2157 4711 2252 4783 qui
2275 4710 2524 4767 omnium
2547 4707 2708 4783 periti
2725 4710 2876 4766 estis!

494 4794 790 4856 Habebunt
819 4796 1027 4855 scilicet
1049 4797 1273 4855 comites
1292 4797 1564 4855 lucernas.
2923 4798 2978 4849 2.

1244 4892 1300 4941 4.
1894 4885 2064 4956 [tare.
2101 4886 2110 4973 Ι
2158 4884 2285 4940 Fuit
2311 4898 2439 4939 sane
2456 4876 2746 4940 tumultus‘
2760 4888 3173 4955 occupatorum.

496 4974 573 5029 At
588 4986 777 5028 rursus
809 4970 1105 5027 ridiculum
1132 4978 1237 5040 est,
1266 4970 1444 5029 virum
1476 4970 1611 5029 mihi
1628 4970 1697 5029 de
1715 4971 1891 5029 nihilo
1912 4971 2066 5045 cogi-

674 5060 1265 5118 CARMINATRICES
1291 5060 1450 5117 SIVE
1489 5060 1882 5119 CERCOPES.

1258 5154 1281 5205 1
1294 5190 1308 5204 .

498 5232 673 5305 Salve,
708 5232 1059 5305 antiquorum
1094 5233 1335 5291 virorum
1356 5234 1718 5307 spectantium
1741 5242 2063 5301 conventus»,
2100 5196 2107 5264 Ι

2922 4990 2974 5041 3.

2163 5074 2372 5130 Horum
2395 5072 2666 5129 malorum
2687 5071 3040 5129 consiliatrix.
3077 5126 3088 5131 -
