3809 5850
449 459 562 508 280

1441 443 1854 505 coMOEmAE
1899 441 2223 504 VETEms
2265 442 2685 516 RELIQUIAE.

431 579 462 634 ὁ
505 574 675 641 αὐτός.
721 575 798 634 Κ.
849 571 1022 636 Κύκλ.
1063 599 1088 624 ιι
1117 571 1434 654 Ἐγχέλεια,
1503 573 1752 654 κάραὸοι,
1807 571 1998 648 λινεῦς,
2096 575 2257 632 Ordo
2284 577 2633 634 verborum:
2662 575 2743 636 Φ.
2782 563 2942 652 ἤδιῇ
2978 571 3213 654 καθάπερ
3238 571 3501 642 κατάλυσις
3534 599 3607 656 σχ.
3694 581 3696 588 ’

430 661 674 744 ἂχαρνὼς
717 662 909 724 οὑτοσί.
945 690 966 714 ·
993 665 1242 737 Hesych.
1283 683 1516 740 quoque
1566 661 1752 728 Λινεῦς
1794 683 1808 718 :
1847 661 1994 741 ἰχθὺς

429 751 593 819 ποιός.
641 753 876 809 Photius
922 771 986 827 p.
1032 758 1173 827 224,
1211 771 1324 828 22,
1359 750 1545 818 Λινεύς
1596 769 1613 812 :
1659 749 1902 828 κεστρεύς
1934 749 1997 829 (2

427 842 550 901 vid.
577 859 710 897 ann.
753 841 828 897 ad
852 845 1015 916 Vesp.
1050 841 1186 912 76ο.
1226 841 1442 917 Boeh.).
1471 844 1518 897 E
1553 841 1794 898 Bekkeri
1817 841 2003 898 lexico

429 929 678 988 Meinek.
715 925 976 1006 ἀχαρνώς.
999 931 1158 984 Dixit
1175 930 1350 1003 igitur
1370 941 1544 1004 poeta
1573 947 1588 986 ε

525 1027 788 1118 Κίθαρος
825 1027 1034 1110 ὀπτὸς,
1068 1027 1170 1092 καὶ
1207 1028 1399 1112 βατὶς,
1437 1029 1642 1094 θύννου
1703 1052 1770 1093 τε
1809 1027 1999 1119 κεφά-

1612 1141 1787 1200 λαιον
1823 1126 2000 1216 τοδὶ,

527 1243 829 1332 ἐγχέλεια,
860 1233 1130 1330 κάραῧοι,
1161 1240 1378 1324 λινεὺς,
1411 1241 1679 1332 ἀχαρνὼς
1713 1238 1941 1305 οὖτοσί.

431 1349 685 1428 Κίθαρος,
746 1352 914 1426 piscis
967 1369 998 1407 e
1047 1350 1428 1406 rhomborum
1475 1368 1720 1425 genere,
1771 1347 2005 1407 fidicula

429 1440 628 1497 Gazae:
661 1459 717 1496 ν.
739 1439 979 1497 Aristot.
1013 1439 1086 1493 H.
1124 1441 1192 1496 Α.
1228 1457 1283 1510 2,
1325 1456 1416 1508 12,
1446 1438 1553 1508 13,
1585 1435 1739 1497 Plin.
1767 1437 1865 1510 32,
1903 1457 1998 1510 11,

428 1548 479 1586 s.
526 1527 625 1585 53.
671 1531 752 1584 De
799 1525 920 1598 raja
968 1527 1159 1582 batide
1190 1546 1248 1581 v.
1289 1526 1516 1584 eosdem
1561 1526 1621 1597 6,
1667 1546 1737 1583 10
1781 1538 1838 1582 et
1893 1545 2001 1599 1¹3

431 1615 529 1692 32,
560 1637 613 1688 7;
645 1617 816 1672 Stein.
846 1615 1221 1690 Naturgesch.
1244 1635 1301 1692 p.
1325 1634 1460 1686 207,
1489 1626 1598 1674 etc.

1191 1740 1244 1780 2.

505 1834 666 1890 Idem
703 1853 796 1910 12,
823 1853 883 1908 p.
911 1833 1051 1903 524,
1082 1835 1126 1890 F
1157 1850 1172 1892 ε
1203 1830 1320 1898 τοὺς
1346 1831 1448 1910 γὰρ
1478 1831 1788 1906 σύμπαντας
1814 1826 2005 1898 Ἴωνας

426 1919 774 1980 ἐπισκώπτων
820 1920 1088 1997 Καλλίας,
1121 1919 1158 1992 ἢ
1195 1921 1448 1992 Διοκλῆς,
1477 1923 1532 1979 ἐν
1575 1921 1830 2000 Κύκλωψί
1875 1941 2005 1998 φησι

433 2035 458 2062 α
490 2008 560 2068 Τί
589 2006 690 2086 γὰρ
721 2012 752 2078 ἡ
779 2006 1010 2087 τρυφερὰ
1053 2006 1144 2065 καὶ
1185 2006 1595 2086 καλλιτράπεζος
1637 2005 1809 2066 Ἰωνία
1849 2006 1948 2087 εἴφ’
1976 2005 2007 2063 ὅ

423 2118 476 2153 τι
504 2095 767 2176 πράσσεις
797 2122 820 2147 ι
848 2101 1051 2154 Versus
1079 2115 1262 2171 prava
1300 2115 1508 2153 caesura
1537 2096 1872 2170 deturpatus
1892 2137 1910 2167 ,
1940 2107 2005 2150 ut

429 2185 718 2263 Aristoph.
745 2186 953 2242 Avium
977 2183 1118 2258 674.
1151 2185 1476 2241 Sex-ibamus

529 2297 611 2364 Τί
638 2296 752 2391 γὰρ
777 2303 817 2371 ἡ
852 2297 1140 2392 τρυφερὰ,
1174 2293 1655 2390 καλλιτράπεζός
1683 2324 1782 2375 τις
1827 2293 2007 2365 ὶωνία

1393 2405 1505 2497 εἴφ’
1537 2409 1572 2471 ὅ
1607 2433 1673 2472 τι
1709 2405 2003 2497 πράσσει,

427 2532 896 2607 quandoquidem
935 2532 1239 2587 verisimile
1261 2532 1507 2600 videtur,
1536 2529 1629 2588 καὶ
1657 2542 1846 2587 ortum
1889 2551 2005 2588 esse

427 2641 460 2676 e
487 2619 614 2677 καλ·
636 2620 851 2694 syllaba
867 2661 884 2694 ‚
907 2629 1226 2692 contraque
1248 2617 1325 2682 τὶς
1347 2619 1494 2675 forte
1515 2619 1886 2674 intercidisse.
1920 2621 2004 2675 De

427 2709 720 2781 adjectivis
738 2725 858 2762 non
881 2707 1199 2779 conjunctis
1222 2726 1274 2761 v.
1295 2707 1499 2762 Matth.
1523 2707 1624 2764 Gr.
1653 2707 1687 2781 §
1712 2713 1847 2776 444,
1864 2718 2000 2776 etc.;

427 2797 501 2852 de
529 2794 605 2860 τὶς
643 2795 983 2872 pronomine
1002 2838 1020 2871 ,
1049 2794 1378 2866 hujusmodi
1415 2794 1710 2866 adjectivis
1736 2794 1873 2850 addi
1898 2813 2004 2852 so-

426 2887 564 2955 lito,
601 2884 816 2960 idemS
859 2882 996 2955 487,
1031 2883 1098 2955 53
1131 2883 1291 2958 quod
1319 2884 1552 2958 quidem
1595 2884 1763 2941 facile
1813 2886 2002 2959 negle-

426 2985 582 3029 ctum
615 2973 821 3043 suerit,
856 2984 1128 3047 tanquam
1154 2990 1656 3048 supervacaneum.
1687 2974 1780 3031 Ad
1806 2972 1999 3031 καλλι-

428 3060 682 3140 τράπεζος
698 3063 948 3138 pertinet
965 3062 1148 3137 glossa
1166 3061 1474 3135 Phrynichi
1493 3062 1668 3119 Bekk.
1692 3080 1756 3137 p.
1786 3068 1881 3137 49,
1912 3082 1933 3117 1
1948 3060 2001 3121 5.

1192 3171 1248 3231 3.

505 3290 665 3349 Idem
706 3310 800 3362 ιι,
831 3310 896 3365 p,
927 3272 1064 3361 487,
1100 3293 1169 3360 A,
1193 3290 1294 3346 ubi
1327 3292 1444 3367 agit
1477 3292 1550 3349 de
1592 3294 1807 3368 poculo
1838 3311 2001 3367 μετα-

429 3376 629 3455 νιπτρὶς
658 3378 816 3435 dicto
851 3398 864 3434 :
899 3374 1024 3437 ἔνιοι
1065 3374 1121 3434 δὲ
1162 3374 1258 3448 τὴν
1291 3377 1428 3454 μετὰ
1468 3379 1529 3437 τὸ
1564 3379 1816 3460 νίψασθαι
1849 3378 2003 3435 πόσιν

433 3468 584 3543 (scil.
615 3464 993 3545 μετανιπτρίδα
1031 3464 1281 3545 ἐκάλουν)
1301 3511 1320 3541 ,
1345 3470 1416 3535 ὥς
1443 3468 1698 3536 Σέλευκος
1735 3470 1787 3527 ἕν
1817 3467 2003 3529 Γλώσ-

429 3576 564 3621 σαις.
596 3556 667 3615 Κ.
697 3556 752 3612 δὲ
773 3556 826 3613 ἐν
857 3557 931 3614 K.

527 3670 660 3738 Καὶ
695 3664 863 3752 δέξαι
897 3665 1070 3745 τηνδὶ
1103 3665 1551 3766 μετανιπτρίδα
1591 3682 1704 3751 τῆς
1737 3666 2002 3766 Ῠγιείας.

1187 3808 1218 3867 4

515 3910 674 3966 Idem
704 3916 765 3979 4,
804 3929 868 3985 p.
929 3904 1063 3980 140,
1113 3910 1160 3969 E
1193 3927 1208 3968 τ
1254 3907 1334 3967 ὅτι
1384 3906 1440 3967 δὲ
1471 3906 1579 3974 ἔθος
1616 3900 1679 3981 ἦν
1707 3914 1814 3973 τοῖς
1841 3906 2008 3965 πάλαι

430 3994 521 4054 καὶ
550 3993 720 4068 φύλλα
751 3995 944 4074 δάφνης
969 3995 1455 4075 τραγηματίζεσθαι
1475 4040 1492 4072 ,
1527 3997 1628 4066 Κ.,
1678 3992 1713 4066 ἢ
1743 3994 2004 4066 Διοκλῆς,

431 4086 486 4142 ἐν
528 4090 634 4149 τοῖς
668 4080 926 4163 Κύκλωψί
948 4105 1103 4163 φησιν
1127 4081 1290 4149 οὕτως

528 4196 769 4275 Φυλλὰς
812 4196 850 4291 ἦ
903 4190 1149 4267 δείπνου
1205 4198 1536 4276 κατάλυσις
1583 4190 1696 4272 ἥδε
1745 4198 2009 4291 καθάπερ

1649 4305 2003 4397 σχημάτων.

435 4432 620 4489 codd.
639 4430 848 4510 φυλαση
875 4432 960 4512 (Α)
985 4453 1032 4495 s.
1058 4434 1286 4515 φῦλαση.
1308 4436 1490 4511 Vulgo
1507 4433 1679 4513 φῦλλα
1700 4429 1762 4491 σὺ
1788 4432 2008 4493 δείπνων

433 4518 768 4587 καταλύσεις·
807 4526 842 4592 ἡ
863 4520 919 4579 δὲ
944 4527 1064 4582 καθ.
1093 4544 1262 4601 σχημ.
1316 4526 1435 4581 Nec
1457 4523 1690 4599 proficit
1713 4526 1824 4581 viri
1846 4523 2007 4581 docti

373 4684 384 4693 .
433 4611 710 4684 scriptura
754 4611 835 4671 Φ.
877 4614 911 4682 ἡ
951 4610 1002 4671 δ.
1048 4609 1336 4678 κατάλυσις
1380 4609 1474 4682 ἥδε
1523 4614 1642 4669 καθ.
1691 4610 2003 4689 σχημάτων.

451 4724 524 4741 μ

1028 4796 1424 4853 CYCLOPES.

443 4966 698 5023 Citharus
739 4982 927 5037 essm,
977 4977 1034 5026 et
1067 4890 1249 5035 batis,-
1283 4969 1588 5044 thynnique
1637 4970 1744 5026 hoc
1781 4969 2013 5043 capitale

1769 5066 1886 5113 rust

441 5156 569 5199 caro
594 5142 853 5215 anguillae
867 5184 882 5210 ‚
905 5142 1088 5200 carabi
1108 5184 1122 5211 ,
1148 5143 1348 5213 lineus,
1369 5143 1640 5201 achamus
1661 5184 1678 5210 ,
1704 5056 2008 5217 mugilum,

1193 5237 1246 5288 2.

442 5316 588 5391 Quid
618 5320 764 5375 enim
792 5319 974 5377 mollis
999 5318 1254 5393 quaedam
1277 5326 1334 5377 et
1353 5317 1601 5377 delicatae
1628 5333 1832 5377 mensae
1855 5318 2007 5376 Ionia

2091 661 2323 724 δείπνου.

2852 776 2909 832 5.

2175 893 2335 948 Idem
2377 913 2429 964 7,
2478 913 2540 968 p.
2589 889 2728 960 285,
2774 892 2852 965 Ε,
2896 890 2970 946 de
3011 891 3172 964 apuis
3210 890 3512 946 disserens:
3548 889 3605 948 Κ.
3698 916 3700 926 ·

2100 979 2270 1041 Κύκλ.
2316 1006 2343 1030 ι
2372 980 2395 1004 ¹*
2417 978 2533 1060 Πρὸ
2573 982 2665 1050 τῆς
2692 975 2859 1058 ἀφύης
2898 980 2995 1047 τῆς
3032 977 3267 1048 ἡδίστης.
3312 1005 3336 1028 ι
3372 981 3611 1034 Por-sonus

2096 1069 2330 1129 AdverS.
2373 1089 2437 1144 p.
2484 1089 2590 1144 92,
2636 1069 2917 1143 probante
2968 1069 3165 1137 Mein„
3210 1063 3348 1144 Πρὸς
3384 1069 3467 1136 τῆς
3517 1079 3604 1125 etc.
3700 1133 3702 1138 1

2094 1183 2118 1208 u
2148 1157 2373 1215 Ludere
2414 1157 2645 1214 videtur
2685 1158 2746 1210 in
2792 1154 3162 1231 ambiguitate
3189 1156 3443 1212 vocabuli
3473 1151 3607 1232 ἀφύη,

2094 1246 2254 1319 quod
2282 1257 2339 1302 et
2363 1248 2534 1322 piscis
2577 1256 2636 1302 et
2660 1245 3034 1300 meretriculae
3058 1263 3267 1300 nomen
3304 1256 3384 1301 est
3406 1261 3421 1302 :
3446 1263 3494 1302 V.
3532 1247 3608 1298 Ar·

2095 1335 2286 1410 chippi
2317 1337 2497 1391 Pisces
2536 1334 2594 1392 8.
2621 1359 2646 1384 a·
2674 1333 2863 1390 Mein.
2891 1333 3036 1390 Sane
3062 1335 3293 1390 irrisisse
3330 1342 3461 1407 puto
3485 1332 3608 1386 illum

2094 1424 2157 1478 in
2194 1425 2461 1478 convivio
2490 1423 2768 1498 Aphyen,
2797 1423 2915 1477 vile
2938 1433 3221 1493 scortum,
3252 1439 3416 1495 quam
3448 1420 3611 1492 aliquis

2094 1511 2506 1587 praedicaverit,
2538 1511 2967 1586 comparatione
3007 1509 3132 1582 ejus
3169 1529 3299 1567 cum
3328 1525 3497 1584 apua,
3518 1508 3611 1560 visa

2094 1601 2381 1672 suaviore,
2421 1623 2447 1649 α
2484 1597 2589 1678 (ὡς
2608 1595 2795 1674 οὔσης)
2821 1595 3094 1676 πρώτης
3126 1597 3345 1678 ἀφυῶν
3374 1598 3476 1664 τῆς
3504 1591 3611 1662 ἠδί-

2096 1709 2237 1758 στης,
2256 1712 2284 1738 ι
2313 1693 2577 1763 quoniam
2592 1693 2889 1762 proecipua
2908 1700 2990 1743 esc
3012 1707 3287 1762 apum-um
3307 1689 3605 1741 suavissima.

2096 1777 2188 1832 Sic
2212 1777 2365 1832 enim
2383 1777 2571 1832 nullus
2594 1775 2797 1832 dubito
2824 1777 2964 1849 quin
2986 1773 3345 1832 scribendum
3364 1775 3447 1843 sit,
3464 1789 3612 1828 emen·

2096 1865 2241 1921 datis
2268 1865 2384 1920 istis
2418 1861 2524 1942 πρὸ
2548 1865 2644 1933 τῆς
2664 1905 2682 1934 ,
2712 1881 2819 1919 nec
2840 1865 3043 1920 relicto
3089 1859 3259 1943 ἀφύης
3276 1905 3294 1938 ,
3330 1859 3615 1918 intolerabi-

2096 1955 2227 2010 liter
2256 1954 2559 2010 cumulatis
2586 1953 3066 2011 homoeoteleutis.

2856 2067 2911 2126 6.

2175 2181 2382 2236 Athen.
2413 2199 2435 2235 1
2450 2178 2508 2249 5,
2536 2199 2597 2256 p.
2619 2179 2761 2250 667,
2783 2181 2857 2250 D,
2882 2188 3189 2254 postquam
3205 2177 3513 2234 memoravit
3530 2169 3611 2254 ᾠὰ,

2098 2265 2190 2324 καὶ
2213 2266 2519 2342 πεμμάτια,
2538 2265 2629 2323 καὶ
2657 2264 2976 2346 τραγήματα
2994 2306 3012 2338 ,
3033 2267 3267 2343 praemia
3294 2263 3609 2323 cottabismi:

2095 2352 2285 2428 ὁμοίως
2308 2355 2361 2412 δὲ
2392 2351 2743 2434 διεξέρχονται
2782 2353 3157 2434 Κηφισόδωρος
3191 2354 3243 2412 ἐν
3265 2351 3521 2434 Τροφωνίῳ
3543 2346 3614 2407 καὶ

2095 2446 2190 2516 K„
2216 2439 2251 2512 ἢ
2280 2443 2534 2515 Διοκλῆς,
2566 2443 2619 2499 ἐν
2650 2442 2957 2523 Κύκλωψιν.

2830 2576 2861 2596 Η

2836 2593 2883 2628 7.

2176 2670 2373 2727 Suidas
2399 2689 2459 2728 ν.
2490 2666 2718 2748 Ἀράχνη
2751 2688 2766 2728 :
2795 2665 2997 2748 εἴρηται
3019 2667 3075 2726 δὲ
3108 2667 3394 2748 ἀράχνης
3414 2663 3495 2724 καὶ
3516 2660 3616 2740 παρ’

2097 2754 2359 2838 Ἡσιόδῳ,
2390 2755 2482 2815 καὶ
2509 2759 2656 2836 παρὰ
2682 2756 2962 2835 Πινδάρῳ,
3000 2755 3093 2815 καὶ
3126 2757 3271 2836 παρὰ
3306 2755 3516 2834 Καλλία.
3546 2750 3615 2808 λε’·

2095 2867 2247 2995 ἷὲιὲἰ
2274 2845 2328 2904 δὲ
2360 2844 2451 2904 καὶ
2482 2843 2810 2924 ἀραχνικὰ
2841 2844 2946 2903 ἀπὸ
2982 2848 3075 2917 τῆς
3102 2847 3332 2927 ἀράχνης
3365 2845 3519 2923 ὀρθῆς.
3555 2841 3613 2900 Κ.

2194 3047 2397 3148 ὥσπερ
2454 3048 2606 3146 (ἂν)
2665 3050 2957 3150 ἀραχνικὰ
3001 3055 3117 3128 τὴν
3167 3044 3306 3120 ὁδὸν
3340 3072 3617 3167 προφορου·

3464 3170 3613 3239 μενω.

2099 3294 2314 3351 inserui
2340 3288 2403 3349 ἂν
2447 3302 2504 3348 et
2524 3292 2811 3348 sententiae
2842 3290 2933 3367 (v.
2965 3291 3258 3367 Aristoph.
3300 3290 3422 3347 Pae.
3451 3281 3541 3362 24)
3576 3292 3619 3338 et

2095 3392 2281 3437 metro
2304 3390 2519 3455 aptum,
2540 3380 2814 3454 quodque
2842 3380 3113 3453 conjicias
3132 3380 3392 3437 excidisse
3416 3386 3529 3432 ante
3545 3372 3613 3449 ἀρ.

2096 3472 2296 3526 simile.
2322 3466 2622 3547 Ἄραχνικὸς
2643 3468 2845 3527 Suidas
2868 3472 2927 3525 in
2945 3488 3115 3525 versu
3136 3469 3340 3536 Calliae,
3354 3465 3618 3535 maluitque

2096 3560 2156 3615 id
2182 3558 2578 3633 Bernhardyus
2599 3560 2768 3615 etiam
2789 3560 2944 3635 apud
2968 3561 3153 3635 ipsum
3176 3557 3429 3625 suidam3
3452 3553 3537 3610 sed
3552 3552 3617 3605 vi·

2097 3648 2267 3704 detur
2290 3648 2431 3703 nihil
2454 3648 2612 3705 aliud
2633 3666 2750 3704 esse
2774 3666 2945 3723 quam
2974 3648 3273 3726 ἅραχνικίῖις
3289 3690 3305 3719 ,
3328 3648 3617 3717 interpreta-

2096 3746 2349 3791 mentum
2361 3738 2449 3792 τοῦ
2466 3733 2743 3815 ἁραχνικά.
2764 3734 3174 3815 Προφορούμινα
3188 3736 3356 3810 vulgo
3370 3731 3487 3787 libri
3500 3746 3619 3803 prae·

2098 3834 2185 3880 ter
2204 3843 2404 3894 unum,
2423 3826 2517 3879 cui
2538 3825 2748 3883 Bernh.
2772 3824 3177 3898 obtemperans
3192 3823 3347 3880 dedit
3366 3834 3617 3897 προφορου-

2099 3909 2259 3985 μένω,
2282 3908 2439 3985 quod
2464 3912 2756 3986 Aristoph.
2787 3912 2959 3967 habet
2986 3915 3093 3968 Av.
3126 3920 3183 3979 4.
3211 3915 3295 3968 De
3318 3910 3425 3965 hoc
3448 3903 3608 3963 verbo.

2100 4000 2261 4074 quod
2298 4000 2535 4074 proprie
2563 4009 2851 4055 textorum
2876 4004 2988 4070 est,
3019 4018 3077 4054 v.
3110 4000 3195 4055 ibi
3236 4000 3490 4071 interpp„
3512 3992 3619 4044 item

2100 4087 2391 4143 Pollucem
2424 4107 2479 4158 7,
2514 4086 2613 4156 32,
2638 4097 2695 4142 et
2716 4085 3159 4162 Xenophontem
3182 4083 3498 4160 Cynegetico
3517 4094 3617 4149 cap.

2100 4174 2159 4248 6,
2206 4173 2275 4229 15
2300 4214 2317 4244 ,
2358 4192 2505 4247 quos
2557 4174 2731 4231 Mein.
2782 4173 3054 4231 laudavit.
3106 4173 3267 4229 Idem
3306 4173 3391 4225 vir
3431 4165 3621 4222 criticus

2101 4262 2261 4318 addit
2298 4282 2313 4317 ε
2356 4286 2381 4311 «ι
2416 4262 2625 4319 Eadem
2662 4260 2759 4317 sed
2803 4257 3007 4311 omisso
3060 4262 3247 4318 Calliae
3273 4275 3453 4325 versu,
3480 4252 3621 4308 habet

2100 4368 2335 4425 gramm.
2358 4350 2532 4414 Bekk.
2556 4368 2619 4423 p.
2654 4354 2767 4415 442
2799 4350 2948 4423 init„
2976 4348 3079 4404 ubi
3108 4344 3253 4426 παρὰ
3278 4340 3503 4405 καλλίους
3520 4338 3623 4395 effi*

2100 4448 2221 4493 tum
2253 4456 2363 4513 pro
2420 4433 2569 4515 παρὰ
2619 4434 2850 4514 Καλλίᾳ.
2902 4438 3039 4495 Mihi
3076 4436 3274 4493 Suidas
3314 4452 3381 4489 ex
3424 4424 3622 4487 diversis

2098 4526 2479 4601 grammaticis
2502 4535 2773 4599 excerpta
2806 4537 3018 4581 temere
3048 4524 3418 4597 conjunxisse,
3456 4528 3506 4573 et
3524 4528 3619 4569 non

2102 4611 2396 4691 ἀραχνικά,
2448 4614 2551 4670 sed
2594 4612 2629 4669 ά
2652 4632 2680 4689 ρ
2698 4610 2894 4689 α’χναι
2946 4614 3237 4688 scripsisse
3280 4608 3491 4665 videtur
3530 4600 3620 4655 hoc

3154 4710 3615 4738 ———-——-,-.—.—⁶·

2108 4804 2257 4867 agat,
2286 4805 2345 4853 tu
2367 4764 2551 4851 dicito.

2106 4974 2175 5027 Et
2193 4971 2379 5045 accipe
2400 4970 2544 5027 benc
2570 4888 3011 5042 memniptri’dem
3038 4968 3311 5027 sanitatis.

2102 5146 2207 5201 11ae
2229 5142 2454 5201 frondes
2474 5142 2625 5200 velut
2654 5140 2776 5197 linis
2800 5062 3009 5197 sugunt
3024 5140 3323 5198 formarum
3342 5130 3566 5195 convivii.

2858 5233 2911 5281 7.

2100 5322 2441 5377 uenenum
2469 5316 2583 5375 fere
2612 5313 2777 5372 modo
2804 5314 2946 5371 viam
2976 5315 3256 5387 persecuti.
