3809 5850
1524 408 1617 468 Pu
1630 406 1841 469 {tom
1852 408 2014 470 1)OE-

172 540 347 595 ckenb.
379 550 439 595 et
454 542 627 596 voss.
660 535 921 613 ἐλκίδιον)
944 538 973 569 '⁵
1004 536 1219 615 φλυκτὶς
1240 538 1499 597 καλεῖται.
1520 540 1722 597 Codex

173 628 339 685 Falck.
364 624 423 683 τὸ
470 622 531 683 δὲ
567 628 661 684 ἐπ.
688 626 761 703 τῇ
786 625 874 702 γλ.
908 622 1129 683 ἐλκίδιον
1154 625 1390 705 ὄλοφυτὶς
1418 626 1725 707 (δλοερυκτὶς

172 716 353 789 Mein.)
384 714 635 770 καλεῖται
664 712 718 768 ἐν
750 720 854 778 τοῖς
888 714 938 771 T
944 722 1271 771 ιταναστιᾶσι
1301 720 1393 772 τοῦ
1424 716 1725 794 Μυρτίλλου

178 804 315 879 (sic).
362 804 513 863 Cod.
570 806 751 861 Paris».
802 808 847 857 Λ
900 804 1054 878 apud
1100 804 1277 863 Bekk.
1328 805 1720 881 Τιτανογίγασι.

176 918 195 939 ι
228 894 497 948 pustulam
522 894 735 967 linguae
758 892 1065 965 probabile
1090 904 1173 947 est
1197 894 1489 966 Myrtilum
1523 894 1727 950 eodem

176 982 387 1035 consilio
430 998 811 1049 memorasse,
843 998 963 1053 quo
1006 980 1343 1037 Theocritus
1386 981 1531 1038 dixit
1554 983 1725 1057 ldyn.

174 1088 225 1144 9,
254 1069 323 1125 3ο
356 1089 371 1122 :

238 1178 431 1251 Muxsi?
460 1178 549 1235 ἐπὶ
582 1176 830 1255 γλώσσης
854 1178 1016 1258 ἄκρας
1042 1179 1364 1261 ὃλοιρυγδόνα
1389 1178 1575 1261 φύσῃς.

170 1294 245 1349 Cf.
272 1292 515 1351 casaub.
542 1293 733 1350 Lectt.
763 1292 1007 1351 Theocr.
1036 1312 1164 1369 cap.
1203 1312 1298 1351 ιο.
1333 1318 1357 1345 ιι
1396 1294 1445 1348 Ε
1479 1294 1570 1349 M.

524 1428 631 1483 ex
672 1428 971 1503 rABnLA
1016 1430 1357 1486 menan.

238 1540 590 1614 Phrynichus
615 1540 763 1615 Epit.
795 1559 859 1615 p.
894 1538 1028 1613 433,
1046 1539 1205 1596 vocis
1228 1546 1541 1619 καταφαγᾶς
1566 1562 1727 1599 usum

166 1630 425 1685 damnans
458 1648 473 1683 ε
516 1624 644 1691 ἴσως
679 1626 725 1682 δ’
762 1624 829 1684 ἂν
856 1624 1047 1700 εἴποις,
1094 1625 1175 1685 ὅτι
1196 1622 1531 1697 ἠκολούθησα
1564 1630 1719 1707 Mus>-

165 1716 279 1793 πίλῳ
302 1714 517 1792 λέγοντι

248 1822 326 1907 Ως
354 1834 389 1895 ὁ
420 1830 537 1920 μὲν
570 1831 879 1909 κλέπτης,
912 1834 943 1894 ὁ
970 1820 1031 1894 δ’
1067 1824 1303 1921 ἅρπαξ,

245 1940 277 2001 ὀ
306 1928 369 2000 δ’
402 1936 715 2026 ἀνάπηρος
750 1928 1155 2026 πορνοὲοσκὸς

242 2044 633 2134 κατωφαγᾶς·

156 2168 269 2223 ἀλλ’
294 2168 391 2224 οὐκ
434 2166 605 2243 ἐχρῆν
642 2162 739 2229 τὰς
781 2162 925 2231 ἅπαξ
963 2164 1238 2245 εἰρημένας
1266 2166 1427 2236 λέξεις
1454 2166 1725 2247 ἁρπάζειν.

160 2258 355 2311 Pollux
384 2256 443 2325 6,
475 2263 555 2323 4ο
602 2274 617 2309 :
662 2250 1009 2331 παμπόνηρος
1031 2252 1085 2311 δὲ
1126 2256 1155 2313 ὁ
1194 2255 1341 2335 παρὰ
1370 2256 1623 2336 Μυρτίλῳ
1654 2260 1731 2335 τῷ

154 2346 373 2419 κωμικῷ
395 2364 566 2401 κατα
578 2362 707 2421 φαγ
719 2348 815 2413 ῦς,
832 2342 879 2398 cl
892 2340 983 2399 καὶ
998 2341 1263 2423 Αἰσχύλος
1282 2346 1425 2423 αὐτῷ
1444 2344 1727 2425 ἐχρήσατο.

876 2472 1013 2531 xn.

642 2588 1219 2657 PHlLONIDES.

230 2739 255 2763 a
312 2712 653 2769 Philonides
698 2714 1084 2785 Atheniensis,
1140 2726 1305 2791 pater
1376 2716 1728 2787 Nicocharis,

150 2813 333 2873 poetae
358 2803 567 2856 comici
592 2800 613 2871 (
630 2821 687 2859 v.
717 2802 881 2860 Suid.
902 2802 1023 2858 vol.
1055 2820 1115 2877 2,
1140 2821 1203 2877 p.
1232 2799 1399 2878 526),
1430 2803 1593 2857 initio
1618 2802 1733 2858 sive

158 2890 445 2947 fulloniam
463 2935 479 2960 ‚
537 2892 661 2946 sive
726 2892 1035 2967 pictoriam
1098 2902 1276 2947 artem
1341 2892 1695 2948 factitaverat
1712 2935 1728 2964 ,

158 2983 341 3050 prouti
374 2981 463 3035 vel
494 2979 689 3036 Suidae
710 2981 801 3036 vel
832 2980 1097 3036 Eudociae
1120 2978 1294 3037 fldem
1316 2979 1555 3048 habeas3
1586 2999 1727 3053 quo-

156 3085 273 3120 mm
300 3069 397 3123 ille
416 3067 539 3122 vol.
576 3066 635 3135 3,
674 3085 739 3141 p.
770 3067 911 3135 614,
949 3065 1220 3144 πρότερον,
1250 3068 1469 3142 inquit,
1504 3055 1571 3136 ἦν
1600 3087 1729 3144 γνα-

156 3151 286 3227 φεὺς,
320 3153 587 3209 Endocia
616 3171 757 3209 vero
794 3173 855 3230 p.
906 3155 1041 3222 428,
1071 3153 1322 3232 πρότερον
1364 3141 1429 3222 ἦν
1468 3149 1722 3230 γραφεύς.

156 3243 335 3314 liujus
358 3253 591 3298 aetatem
610 3283 627 3310 ,
660 3245 919 3318 expensis
946 3245 1043 3314 iis,
1072 3261 1199 3316 quae
1241 3243 1504 3299 disseruit
1532 3245 1731 3299 Hann-

153 3332 269 3388 vius
310 3334 563 3388 Exci-cit.
597 3334 754 3389 critt.
788 3351 841 3402 1,
882 3351 944 3408 p.
976 3351 1010 3388 α
1040 3351 1224 3406 seqq„
1258 3333 1335 3387 ita
1362 3329 1629 3401 definias,
1665 3343 1729 3388 ut

156 3435 279 3473 eum
306 3419 738 3494 Aristophane,
775 3419 937 3492 cujus
963 3423 1207 3495 primam
1249 3418 1500 3474 fabulam
1530 3419 1735 3474 Daeta-

154 3505 327 3564 lenses
357 3509 582 3582 olymp.
612 3505 709 3577 88,
746 3526 769 3562 1
808 3506 977 3583 (ante
998 3508 1129 3565 Chr.
1158 3519 1280 3563 nat.
1317 3505 1463 3582 427)
1500 3526 1603 3562 suo
1628 3526 1731 3562 no-

154 3595 301 3650 mine
330 3595 572 3662 docuit,
606 3595 783 3670 paulo
828 3597 1181 3670 superiorem
1210 3595 1405 3664 fuisse,
1450 3596 1737 3669 vitamque

156 3683 297 3739 ultra
328 3685 561 3758 olymp.
602 3681 702 3756 93,
749 3681 781 3737 3
828 3684 993 3756 (ante
1026 3684 1163 3742 Chr.
1210 3694 1331 3739 nat.
1382 3681 1569 3756 405),
1619 3703 1736 3758 quo

156 3783 297 3824 anno
334 3771 753 3845 Aristophanis
783 3773 975 3826 Ranas
1000 3769 1231 3839 docuit,
1260 3772 1599 3845 produxisse
1627 3783 1736 3828 sta·

159 3866 379 3914 mammas
404 3877 421 3917 t
458 3876 603 3914 nam
638 3859 799 3932 qnod
826 3861 1117 3915 Hanovius
1144 3878 1275 3914 enm
1300 3860 1390 3913 vel
1414 3860 1631 3934 olymp.
1660 3861 1737 3934 96

160 3946 323 4002 {ante
352 3947 505 4006 chr.
536 3957 661 4000 nat.
714 3945 827 4003 395
866 3946 941 4002 ad
972 3943 1119 4024 392)
1148 3965 1437 4020 superasse
1464 3949 1741 4003 existimat

160 4046 399 4110 propter
426 4031 761 4112 Φιλέταιρον
794 4035 1047 4091 fabulam
1071 4055 1104 4092 a
1130 4035 1307 4092 Suida
1335 4053 1739 4094 commemora·

159 4129 299 4196 tam,
364 4141 547 4196 quam
598 4123 695 4178 ille
738 4121 815 4177 ad
860 4122 1063 4178 mediae
1106 4123 1403 4179 comoediae
1448 4123 1735 4198 ingenium

155 4219 607 4285 attemperatam
653 4210 821 4266 fuisse
861 4211 1079 4286 colligit
1124 4230 1192 4268 ex
1234 4211 1425 4279 titulo,
1470 4212 1533 4267 id
1568 4231 1739 4286 quam

156 4291 372 4352 incerta
400 4291 739 4368 conjectura
776 4297 1011 4368 nitatur,
1042 4299 1205 4355 facile
1236 4299 1584 4374 intelligitur.
1628 4299 1739 4356 Sed

156 4387 399 4440 omnino
430 4383 687 4441 difficilis
722 4396 805 4441 est
842 4387 1079 4460 quaestio
1120 4387 1186 4443 de
1218 4385 1536 4444 Philonidis
1564 4405 1739 4462 opera

162 4473 533 4546 &ristophani
559 4475 815 4547 praestita
842 4475 901 4528 in
924 4473 1133 4530 fabulis
1160 4475 1465 4542 docendis,
1494 4476 1737 4530 maxime

158 4571 401 4632 propter
416 4562 737 4635 vesparum
758 4559 1153 4632 didascaliam3
1178 4561 1250 4618 de
1266 4582 1376 4636 qua
1392 4580 1577 4636 neque
1598 4563 1740 4618 Din-

157 4646 381 4704 ‹lorfins
422 4649 501 4704 ad
544 4650 946 4725 Aristophanis
989 4650 1303 4726 fragmenta
1344 4671 1405 4726 p.
1442 4649 1515 4706 65
1546 4667 1735 4724 seqq.,

158 4751 345 4806 neque
376 4737 674 4793 llanovius
701 4739 743 4792 l.
780 4739 819 4793 1.
848 4757 909 4813 p.
947 4746 1019 4806 24
1050 4741 1183 4794 satis
1208 4739 1587 4815 probabiliter
1615 4737 1736 4792 dis·-

636 4901 742 4956 EX
779 4901 1082 4957 FABULA
1134 4903 1267 4958 mc.

168 5015 643 5080 Quemadmodum
664 5019 809 5075 alius
833 5017 945 5084 fur,
976 5017 1114 5076 alius
1141 4995 1334 5074 avarus
1352 5061 1367 5084 ,

176 5099 451 5159 smnihtus
474 5113 661 5161 autem
690 5105 825 5161 leno

172 5185 363 5244 helluo.

3277 425 3382 473 147

1820 554 2113 615 putarunt.
2157 546 2257 617 (V.
2283 544 2672 618 Aristophanis
2695 544 2898 614 editio,
2923 564 2956 601 a
2975 546 3144 601 nobis
3173 559 3386 617 curata,

1821 632 1942 688 vol.
1975 650 2032 705 a,
2060 650 2121 707 p.
2159 649 2251 700 10,
2285 648 2418 686 ann.
2457 638 2512 697 4.
2541 633 2750 707 Both.)
2779 635 3050 689 Dramata
3079 635 3388 691 Philonidis

1822 732 2026 793 praeter
2054 719 2373 795 Φιλέταιρον
2403 739 2434 775 a
2474 720 2650 776 Suida
2677 736 2730 775 et
2764 722 3016 777 Eudocia
3041 742 3386 779 commemo-

1820 818 2020 861 rantur
2037 804 2231 873 Ἀπήνη
2251 819 2308 862 et
2331 806 2574 883 Κόθορνοι
2590 850 2605 875 ,
2627 828 2870 881 quorum
2894 811 3188 865 titulorum
3208 814 3388 887 priori

1818 896 2027 950 similes
2045 904 2176 950 sunt
2199 892 2464 971 Σφενδόνη
2487 898 2750 971 Amipsiae
2765 938 2781 965 ,
2809 894 2982 963 Ἰπνὸς
3009 898 3383 969 PherecratiS‚

1820 979 2008 1055 Βωμὸς
2027 994 2086 1038 et
2111 980 2290 1051 Αέὅης
2310 984 2585 1052 Alexidis,
2611 986 2821 1059 aliique
2856 988 3119 1043 aliorum.
3151 988 3387 1044 Coclear-

1818 1090 2016 1126 norum
2061 1082 2456 1147 argumentum
2499 1072 2572 1127 ad
2624 1074 3030 1145 Theramenem
3079 1078 3384 1151 pertinuit,

1820 1178 1990 1233 quem
2017 1170 2256 1235 propter
2273 1161 2708 1217 inconstantiam
2731 1164 2790 1217 in
2807 1164 2979 1219 rebus
3001 1164 3260 1221 civilibus
3283 1164 3388 1223 Kc-

1820 1245 1998 1325 θόρνου
2047 1267 2367 1324 cognomen
2421 1251 2691 1305 meruisse
2737 1263 2958 1309 constat
3002 1270 3016 1309 ε
3068 1272 3125 1307 ν.
3185 1254 3388 1309 fabulae

1822 1336 2020 1411 fragm.
2071 1337 2131 1394 6.
2181 1338 2417 1393 Pluralis
2467 1336 2716 1416 Κόθορνοι
2757 1338 2832 1395 ad
2877 1340 3118 1396 chorum
3163 1340 3388 1397 videtur

1820 1433 2113 1497 spectare,
2163 1424 2264 1497 qui
2305 1442 2374 1479 ex
2424 1422 2724 1502 Κοθόρνοις,
2769 1427 2827 1483 h.
2871 1445 2922 1482 e.
2974 1428 3284 1483 mobilibus
3321 1448 3386 1483 ac

1820 1512 2069 1565 ventosis
2092 1512 2449 1581 hominibus,
2479 1514 2815 1569 constiterit.
2857 1540 2882 1562 υ
2917 1516 2964 1569 Ε
2989 1518 3074 1570 Μ.

2395 1622 2702 1683 ΚΟΘΟΡΝ
2711 1624 2786 1683 Ol
2798 1671 2810 1683 .

1902 1838 2114 1897 Pollux
2136 1860 2194 1915 9,
2218 1861 2296 1915 29
2319 1862 2332 1894 ε
2366 1840 2418 1897 ἐν
2442 1839 2739 1899 Φιλωνίδου
2766 1840 3048 1918 Κοθόρνοις
3079 1843 3216 1899 ἐστὶν
3239 1846 3387 1923 εἰρη-

1824 1924 1976 2001 μένον

1920 2048 2214 2131 Παναγεῖς
2256 2040 2498 2132 γενεὰν,
2547 2050 2990 2135 πορνοτελῶναι
3011 2094 3034 2119 ,
3071 2057 3388 2139 Μεγαρῆς,

2770 2140 2961 2215 δεινοὶ
2997 2159 3384 2245 πατραλοῖαι.

1826 2273 1980 2351 idem
2023 2294 2079 2344 7,
2133 2293 2273 2344 202,
2312 2275 2624 2331 secundum
2663 2278 2771 2334 Ms.
2806 2278 3002 2333 Falck.
3043 2299 3054 2333 ;
3089 2279 3390 2349 Φιλωνίδης

1829 2362 2038 2437 (vulgo
2062 2354 2402 2441 Ἕρμιππος)
2431 2361 2476 2418 δ’
2508 2362 2560 2418 ἐν
2587 2368 2691 2427 τοῖς
2717 2364 2844 2423 Κοθ.
2876 2368 3386 2443 πορνοτελῶναι.

1824 2474 1850 2501 ιι
1880 2450 2146 2525 Παναγεῖς
2167 2451 2263 2507 hic
2281 2461 2413 2506 sunt
2429 2448 2802 2507 exsecrabiIes
2813 2494 2831 2521 ,
2861 2454 3188 2512 detestandi.
3211 2454 3390 2515 Sensu

1824 2539 2117 2593 contrario
2163 2537 2414 2613 παναγεῖς
2449 2538 2608 2613 apud
2651 2541 3016 2599 Athenienses
3059 2542 3392 2603 dicebantur

1824 2625 2144 2682 sacerdotes
2173 2625 2410 2688 feminae.
2443 2626 2646 2683 Pollux
2677 2645 2730 2697 1,
2776 2628 2869 2697 35,
2901 2628 3086 2707 ἱέρειαι
3119 2634 3386 2703 παναγεῖς.

1828 2714 2068 2787 Hesych.
2115 2712 2364 2778 Παναιεῖς
2421 2713 2721 2791 (Παναγεῖς
2746 2715 2764 2787 )
2789 2735 2802 2769 :
2861 2713 3132 2787 Ἀθήνησιν
3183 2715 3386 2797 ἱέρειαι.

1824 2802 1981 2857 Idem
2016 2795 2228 2859 Παναΐα
2255 2799 2570 2879 (Παναγία)
2607 2821 2620 2855 :
2657 2800 2848 2879 ἱέρεια,
2889 2800 3004 2873 ἥτις
3047 2804 3106 2861 οὐ
3147 2804 3390 2882 μίσγεται

1826 2886 1989 2967 ἀνδρί.
2018 2892 2268 2946 Lexicon
2298 2890 2540 2947 Bekkeri
2574 2892 2794 2948 Anecd.
2835 2908 2897 2965 p.
2934 2910 3071 2963 ατο,
3100 2892 3164 2951 31
3223 2916 3234 2950 :
3271 2892 3392 2969 ἄγος

1824 2975 1994 3033 καὶτὸ
2014 2975 2186 3052 τίμιον
2199 2977 2290 3035 καὶ
2311 2977 2450 3045 ἄξιον
2472 2975 2827 3052 σεὸάσματος.
2853 2981 3204 3055 singularem
3224 2984 3393 3057 hujus

1824 3067 2074 3122 nominis
2120 3067 2358 3123 formam
2407 3069 2652 3124 servavit
2707 3067 2988 3125 Arcadius
3033 3070 3118 3126 De
3173 3083 3388 3128 accent.

1824 3171 1881 3226 p.
1916 3152 2023 3208 105
2054 3173 2068 3207 z
2104 3149 2324 3227 Λαλάγη
2349 3149 2402 3209 δὲ
2432 3151 2626 3228 κύριον,
2649 3151 2827 3230 ὥσπερ
2849 3151 2905 3209 τὸ
2931 3153 3095 3230 ἄλὲγη
3122 3156 3390 3233 (ἠλύγη),

1826 3242 1861 3308 ἡ
1897 3237 2054 3310 σκιὰ,
2086 3239 2176 3296 καὶ
2206 3239 2421 3315 πακάγη
2456 3239 2766 3316 (πανάγη),
2802 3244 2836 3309 ἡ
2873 3239 3007 3317 ἁγνὴ
3035 3241 3224 3320 ἱέρεια,
3267 3265 3392 3320 quae

1826 3329 2016 3383 forma
2041 3349 2160 3384 non
2201 3330 2428 3384 videtur
2457 3331 2622 3384 aliter
2659 3331 2928 3406 explicari
2958 3349 3147 3404 posse,
3183 3335 3288 3388 nisi
3331 3347 3392 3389 ut

1826 3435 1895 3472 ex
1930 3413 2189 3492 πανᾶγεια
2221 3427 2516 3473 contracta
2557 3436 2673 3474 esse
2714 3419 3087 3486 existimetur,
3120 3423 3390 3493 quemad·

1830 3505 2068 3560 modum
2095 3505 2358 3560 sacerdos
2383 3506 2574 3562 Dianae
2605 3505 2858 3580 Ephesiae
2884 3525 2995 3579 pro
3023 3509 3184 3562 vario
3214 3497 3392 3564 aetatis

1828 3603 1976 3648 statu
2007 3593 2302 3648 dicebatur
2327 3591 2571 3670 μελλιὲρη
2598 3613 2710 3669 pro
2751 3591 3074 3668 μελλιέρεια,
3103 3589 3239 3668 ’ἱὲρη
3281 3617 3390 3671 pro

1828 3676 2022 3758 ἱέρεια,
2069 3679 2315 3754 denique
2361 3679 2586 3758 παριὲρη
2618 3701 2727 3756 pro
2770 3681 3037 3759 παριὲρεια
3089 3702 3102 3737 :
3151 3703 3208 3738 v,
3243 3685 3388 3743 Plut.

1831 3769 2036 3826 Moral.
2078 3789 2138 3844 p.
2174 3768 2310 3844 795,
2355 3771 2417 3827 E.
2467 3771 2647 3826 Etiam
2691 3789 2874 3826 mares
2918 3769 3238 3827 sacerdotes
3284 3774 3391 3828 hoc

1829 3875 2038 3910 nomen
2091 3858 2328 3912 tenuisse
2379 3856 2628 3912 ostendit
2673 3855 3011 3914 Theodorus
3051 3860 3078 3913 ὁ
3125 3860 3390 3934 παναγής,

1830 3945 2308 4000 commemoratus
2330 3943 2485 4018 apud
2511 3945 2772 4000 Photium
2793 3965 2850 4020 p.
2875 3945 2972 4014 68,
3003 3964 3104 4015 αα,
3125 3959 3182 4003 et
3204 3950 3390 4022 Etym.

1832 4033 1908 4086 M.
1955 4051 2012 4106 p.
2060 4039 2195 4105 429,
2229 4032 2322 4096 46.
2371 4031 2560 4087 Schol.
2602 4033 2775 4088 Paris.
2827 4033 3101 4089 AEschinis
3145 4036 3201 4090 in
3247 4038 3394 4112 Tim.

1830 4139 1890 4194 p.
1939 4119 2076 4190 723,
2105 4139 2142 4194 9
2170 4119 2343 4174 Reisk
2397 4139 2411 4172 ε
2451 4116 2706 4196 Κηρύκων
2749 4117 2888 4174 ἐστὶν
2921 4119 2972 4175 ἐν
3003 4117 3236 4190 Ἀθήναις
3271 4122 3394 4197 γένη

1830 4205 2076 4284 τέτταρα,
2103 4207 2306 4284 πρῶτον
2331 4207 2432 4262 τῶν
2457 4205 2734 4281 πανάγνων
2754 4247 2772 4278 ,
2798 4203 2851 4264 οἵ
2875 4208 3002 4264 εἰσιν
3024 4207 3128 4264 ἀπὸ
3157 4208 3396 4287 Κήρυκας

1831 4297 1924 4351 τοῦ
1945 4292 2150 4372 Ἑρμοῦ
2175 4291 2264 4350 καὶ
2293 4291 2596 4372 Πανδρόσου
2615 4297 2705 4362 τῆς
2733 4291 3018 4373 Κέκροπος.
3052 4299 3314 4354 Ceterum
3340 4301 3396 4355 in

1834 4383 2144 4438 Philonidis
2171 4401 2334 4438 versu
2356 4393 2509 4438 recte
2536 4381 2822 4439 Hanovius
2848 4383 2888 4440 l.
2928 4385 2964 4440 1.
2996 4404 3053 4458 p.
3096 4406 3115 4440 1
3138 4405 3190 4455 1,
3224 4407 3394 4441 πανα-

1830 4477 1936 4546 γεῖς
1953 4472 2213 4544 intelligit
2232 4489 2327 4526 eos
2346 4489 2593 4544 quorum
2613 4483 2801 4545 patres
2821 4473 3062 4544 Cylonio
3081 4475 3291 4530 scelere
3312 4478 3398 4529 iu·

1832 4561 2048 4633 quinati
2078 4570 2310 4628 erant‚et
2334 4562 2682 4634 Megarenses
2698 4560 2954 4618 homines
2977 4563 3210 4618 callidos
3226 4576 3396 4637 atque

1832 4658 2058 4705 astutos,
2087 4673 2109 4696 »e
2138 4649 2203 4703 E.
2230 4649 2315 4703 M.
2344 4645 2516 4704 Δεινοὶ
2545 4667 2674 4702 cum
2697 4645 2950 4723 Μεγαρῆς
2971 4647 3162 4722 junxit
3185 4651 3396 4706 Bekke-

1781 4771 1788 4790 .
1830 4754 1948 4802 rus,
1974 4732 2132 4790 δειλοὶ
2159 4735 2407 4790 malebat
2427 4734 2697 4809 Bergkius
2725 4735 3064 4794 Conimentt.
3091 4758 3154 4812 p.
3191 4758 3208 4791 ι
3226 4738 3317 4794 32.

2420 4901 2812 4956 COTHURM.

2594 5011 2618 5059 1
2632 5044 2643 5055 .

1776 5068 1783 5190 l
1838 5110 1905 5162 Ex
1913 5107 2173 5166 sectabile
2193 5123 2384 5180 genuS,
2401 5109 2687 5182 portitores
2704 5112 3014 5176 meretricii,
3033 5113 3394 5180 Megarenses,

3057 5201 3068 5263 Ι
3094 5196 3389 5266 patricida).

3117 5296 3164 5332 Ιυ
