3809 5850
386 337 493 389 1⁰⁴

476 466 619 535 Ξέντ,
654 468 795 555 γυνὴ
826 472 1023 555 γραῦς,
1060 461 1280 555 ἀρτίως
1317 462 1651 553 ἀφιγμένη,

1374 326 1791 386 COMOEDIAE
1833 325 2170 387 VETEms
2213 326 2630 400 RELlQUlAE.

2135 464 2224 553 ἐφ’
2259 461 2323 527 οὗ
2354 463 2426 527 τὸ
2453 462 2626 527 λίνον
2649 459 2710 532 ἦ.

371 600 727 669 peregrinam
745 595 1031 647 mulierem
1052 593 1331 667 intelligas
1346 593 1503 647 velut
1520 592 1754 647 alteram
1774 608 1948 665 quan·
2038 589 2196 646 Libri
2221 592 2420 645 vitiose
2445 587 2538 667 ἀφ’
2563 578 2624 645 οὗ
2643 586 2703 645 τὸ
2727 590 2777 647 λ.
2807 578 2894 658 ἧν.
2933 590 3128 649 Kuhn.
3153 590 3231 668 ἐφ’
3259 581 3339 651 οὗ,
3371 596 3486 649 Alii
3523 606 3610 652 (a-

377 684 510 737 dam
553 683 874 755 Aspasiam,
917 700 1043 755 quae
1085 680 1207 752 joci
1254 698 1423 735 causa
1466 690 1707 735 vocatur
1750 681 1945 756 γραῦς,

377 790 557 845 quum
588 772 838 841 antiquae
867 760 1480 842 cognominis'Milesiae
1507 786 1628 822 non
1656 766 1830 821 modo
1860 768 1945 821 in-

376 858 628 933 genium,
659 856 758 911 sed
783 856 953 910 ctiam
980 854 1351 927 pulchritudo
1389 855 1733 911 celebratur.
1760 856 1948 926 Quan-

377 963 549 1018 quam
575 963 693 999 non
722 940 867 998 ssore
889 943 1069 997 aetatis
1088 941 1317 996 videtur
1339 942 1589 999 Athenas
1613 942 1901 998 advenisse
1929 962 1942 997 :

377 1034 637 1088 Socrates
659 1032 811 1086 enim
837 1029 995 1104 apud
1016 1030 1466 1103 Xenophontem
1490 1032 1713 1087 OEcon.
1750 1029 1809 1097 3,
1849 1036 1944 1099 14,

378 1117 624 1189 συστήσω
648 1116 703 1173 δέ
726 1138 842 1188 σοι,
884 1120 1101 1191 inquit,
1134 1113 1237 1193 ἐγὼ
1269 1115 1359 1173 καὶ
1392 1114 1681 1174 Ἀσπασίαν
1701 1114 1775 1193 ,ἢ
1804 1118 1950 1173 ἐπι-

378 1203 896 1282 στημονέστερον
927 1204 1079 1277 ἐμοῦ
1112 1226 1217 1261 σοι
1250 1207 1456 1260 ταῦτα
1483 1206 1690 1261 πάντα
1720 1202 1950 1261 ἐπιδεί·

378 1294 489 1360 ξει.
526 1295 889 1352 Grammatici
927 1291 1137 1371 Ἀρτίως
1176 1294 1461 1369 explicant
1494 1290 1729 1365 τελείως,
1767 1294 1945 1369 ὑγιῶς·

377 1382 435 1439 οὖ
462 1380 615 1457 μόνον
646 1378 699 1437 δὲ
723 1377 843 1458 ἄρτι
860 1422 877 1452 ,
910 1379 971 1437 τὸ
996 1379 1098 1458 πρὸ
1134 1378 1329 1456 ὀλίγου.

1134 1496 1190 1554 3.

453 1608 573 1664 Sub
614 1608 737 1685 ejus
774 1627 1023 1685 persona
1051 1608 1208 1683 apud
1242 1612 1647 1685 Etymologum
1677 1622 1734 1666 et
1767 1612 1948 1667 Athe-

378 1717 563 1754 naeum
586 1698 959 1772 pronuntiata
986 1699 1441 1771 suspicoryerba
1472 1696 1557 1766 Νὴ
1580 1695 1655 1754 τὼ
1688 1696 1810 1768 θεὼ,
1838 1710 1946 1757 etc.

380 1797 567 1866 Etym.
599 1795 682 1850 Μ.
712 1812 775 1867 p.
807 1794 946 1860 218,
982 1790 1052 1848 31
1096 1812 1108 1847 :
1142 1788 1466 1869 Ἡρωδιανὸς
1502 1791 1559 1849 δέ
1588 1814 1717 1871 φησι
1745 1791 1836 1850 καὶ
1868 1792 1948 1849 δι-

376 1878 650 1945 συλλάῧως
697 1878 939 1956 λέγεσθαι
977 1879 1162 1956 (βῶκα
1211 1882 1330 1937 sive
1370 1878 1541 1957 βόακα
1583 1882 1831 1956 piscem,
1885 1894 1950 1937 ut

380 1970 548 2045 βῶκες
590 1968 743 2044 apud
784 1970 1024 2025 Aristot.
1052 1970 1241 2025 Anim.
1274 1970 1407 2027 hist.
1442 1989 1502 2045 9,
1544 1969 1603 2039 3,
1641 1990 1664 2025 1
1700 1992 1719 2041 ;
1750 1990 1948 2025 vocam

376 2059 549 2113 vertit
594 2058 770 2127 Gaza3
803 2056 876 2114 cf.
918 2057 1255 2117 Nicomach.
1293 2056 1493 2115 Εἰλειθ.
1540 2058 1613 2115 fr.
1654 2078 1705 2127 1,
1739 2058 1843 2135 23)
1879 2060 1950 2125 ὣς

382 2144 533 2223 (lioc
565 2145 765 2217 deleo)
794 2142 1166 2224 Ἀριστοφάνης

533 2290 614 2302 -
636 2255 776 2316 Ἀλλ’
802 2254 1000 2334 ἔχουσα
1024 2254 1253 2337 γαστέρα
1328 2240 1337 2247 “

537 2342 733 2421 μεστὴν
759 2344 989 2422 βοάκων.

377 2458 468 2517 καὶ
495 2459 601 2531 Φ.,
633 2456 793 2517 εἰπὼν

474 2614 569 2625 -
600 2600 659 2641 α.
697 2575 773 2641 Τί
802 2581 1043 2668 ληρεῒς;
1077 2574 1240 2642 ἀλλὰ
1270 2582 1469 2667 φωνὴν
1501 2583 1607 2644 οὐκ
1636 2582 1796 2669 ἔχειν

480 2681 647 2771 ἰχθύν
681 2683 750 2773 γέ
785 2705 928 2772 φασι
956 2680 1032 2745 τὸ
1064 2681 1372 2773 παράπαν.
1408 2687 1468 2767 β.
1508 2689 1600 2759 Νὴ
1632 2688 1721 2751 τὼ
1752 2687 1899 2772 θεὼ,

478 2792 627 2853 κούκ
658 2788 825 2852 ἔστιν
870 2786 1036 2879 ἰχθὺς
1072 2783 1258 2863 ἄλλος
1287 2782 1546 2867 οὐδὲέἷς
1581 2786 1749 2876 βόαξ.

380 2941 403 2968 «ι
430 2913 831 2972 praedicaverit
856 2912 1443 2976 mulier-‚vocalitatem
1460 2917 1675 2980 boaciS.
1706 2945 1729 2971 α
1758 2922 1948 2998 Nuga-

377 3006 456 3060 ris
473 3047 490 3074 ,
520 3028 545 3054 υ
576 3005 763 3076 inquit
784 3004 957 3059 altera
988 3024 1000 3058 :
1042 3029 1067 3054 a
1097 3017 1306 3082 negant
1333 3009 1483 3063 enim
1506 3011 1687 3082 pisces
1714 3029 1831 3068 esse
1851 3033 1951 3068 vo-

376 3093 547 3150 cales,
586 3116 610 3142 »
644 3093 787 3146 Tum
818 3111 1007 3147 rursus
1030 3094 1127 3148 illa
1162 3113 1175 3148 ε
1212 3119 1237 3142 ιι
1266 3097 1443 3152 Recte
1485 3096 1658 3167 dicis;
1685 3117 1790 3155 nec
1813 3120 1950 3158 sane

376 3181 517 3236 alius
539 3178 707 3256 piscis
730 3190 935 3254 praeter
952 3180 1194 3238 boacem
1222 3183 1500 3240 clamator
1525 3197 1607 3241 est
1634 3211 1657 3235 ι
1680 3187 1950 3260 (ridicule

384 3264 555 3346 βόακα
586 3268 724 3325 dicit
752 3279 1072 3344 oratorem,
1104 3268 1457 3345 significans,
1484 3275 1544 3328 ni
1568 3274 1756 3344 fallor,
1786 3277 1948 3334 Peri-

378 3359 519 3414 clem
570 3359 1118 3431 eloquentissimum.
1166 3359 1393 3436 Both.).
1428 3362 1601 3436 Apud
1642 3365 1848 3424 Athen.
1891 3386 1949 3442 7,

373 3465 437 3520 p.
473 3447 613 3516 287,
640 3448 689 3502 Α
727 3446 904 3502 codd.
941 3446 1058 3503 fere
1099 3444 1216 3504 οὐδὲ
1245 3435 1348 3518 εἷς,
1376 3450 1466 3506 vel
1486 3447 1697 3515 οὗδεείς.
1724 3477 1749 3502 υ
1780 3455 1831 3507 Ε
1855 3456 1947 3513 M.

379 3534 687 3609 Perperam
728 3535 861 3589 libri
899 3535 1148 3608 Etymol.
1183 3546 1241 3591 et
1271 3539 1505 3594 Zonarae
1542 3540 1679 3598 Lex.
1705 3560 1767 3615 p.
1803 3543 1948 3612 413,

378 3617 533 3688 ἄλλος
554 3619 715 3686 οὐδεὶς
741 3618 777 3690 ἢ
803 3618 949 3698 βόαξ.

1136 3743 1195 3803 4.

459 3844 663 3903 Pollux
693 3866 749 3921 7,
782 3847 853 3917 73
883 3866 895 3899 :
920 3843 981 3901 τὸ
1004 3845 1295 3924 ἐργαλεῖον,
1326 3849 1443 3904 καθ’
1476 3837 1537 3905 οὗ
1558 3849 1782 3909 ἔκλωθον
1804 3851 1952 3931 ἐξαρ-

380 3935 568 3998 τῶντες
594 3929 661 3987 τὰ
696 3937 983 4004 στυππεῖα,
1013 3931 1231 4010 γέρων
1264 3933 1500 3992 ἐκαλεῖτο
1516 3957 1529 3970 ·
1551 3926 1615 4006 ἦν
1639 3935 1693 3994 δὲ
1714 3939 1772 3995 ἐκ
1801 3937 1952 4007 ξύλου
2061 3975 2066 3980 ·

380 4018 737 4094 πεποιημένον
766 4018 987 4090 κιόνιον,
1025 4019 1204 4098 χεῖρας
1220 4019 1427 4098 Ἑρμοῦ
1452 4024 1779 4100 τετραγώνου
1805 4026 1947 4106 ἔχον,

2037 696 2168 733 men
2207 690 2494 751 postrema
2539 677 2714 734 verba
2755 677 2974 732 Polluci
3017 679 3297 735 tribuunt.
3347 679 3608 739 Pseudo-

2037 766 2264 839 aspasiae
2284 765 2516 820 fortasse
2534 765 2706 841 verba
2720 805 2736 834 ,
2757 782 2904 839 opus
2927 764 3249 820 faciendum
3268 767 3605 841 imperantis

2037 854 2270 908 ancillae.
2295 851 2590 909 Seniculus
2609 853 2704 907 ille
2727 851 3076 909 describitur
3097 855 3264 909 etiam
3284 874 3316 911 a
3333 857 3604 912 Pausania

2035 940 2189 1015 apud
2213 940 2484 998 Eustath„
2514 940 2723 1013 Odyss.·
2743 958 2805 1014 p.
2857 939 3030 1014 1923,
3059 940 3133 996 63
3169 962 3184 997 :
3221 939 3428 1019 γέρων
3457 942 3608 1009 ξύλον

2042 1024 2244 1082 στυλίδι
2267 1022 2638 1103 παραπλήσιον
2656 1068 2673 1097 ,
2699 1023 2820 1103 ἔχον
2849 1024 3084 1104 κεφαλὴν
3118 1028 3445 1106 γεροντοειδῆ
3471 1032 3608 1087 πλα-

2037 1110 2197 1189 στὴν,
2221 1108 2255 1181 ἢ
2281 1109 2515 1188 γλυπτὴν
2533 1156 2549 1183 ,
2571 1111 2662 1169 καὶ
2683 1112 2865 1191 χεῖρας
2910 1116 2981 1179 ὣς
3014 1112 3220 1192 Ἑρμοῦ
3245 1116 3578 1197 τετραγώνου
3593 1162 3610 1189 ,

2037 1198 2090 1268 ἐξ
2109 1190 2181 1258 ὧν
2207 1199 2465 1279 ἐκρέματο
2495 1197 2562 1257 τὰ
2591 1199 2848 1278 νηθόμενα
2877 1204 3162 1262 στυππεῖα.
3193 1205 3402 1265 citavit
3429 1209 3607 1268 Mein.

2119 1430 2336 1487 Eodem
2380 1430 2638 1485 retuleris
2675 1448 2740 1486 ea
2791 1450 2916 1505 quae
2957 1433 3130 1489 habet
3167 1434 3370 1489 Pollux
3406 1454 3462 1505 7,
3515 1456 3611 1505 ις,

2040 1515 2135 1587 τὴν
2175 1516 2516 1595 θεραπαινίδα
2545 1514 2636 1573 καὶ
2681 1515 2983 1595 θρεπτὴν
3016 1518 3157 1595 ε’ρεῗ,
3203 1516 3344 1585 ὅστις
3375 1519 3616 1597 βούλοιτο

2041 1604 2258 1662 ἕπεσθαι
2277 1602 2605 1683 Φερεκράτει
2625 1604 2825 1662 εἰπόντι
2845 1606 2896 1661 ἐν
2915 1605 2998 1665 Μ.
3027 1604 3284 1664 Μανίαν
3312 1610 3507 1684 θρεπτ
3521 1608 3612 1677 ἧν.

2042 1692 2155 1751 ἔστι
2196 1690 2251 1749 δὲ
2281 1688 2510 1766 τοῦνομα
2553 1689 2644 1749 καὶ
2673 1693 2726 1749 ἐν
2753 1694 2828 1770 τῷ
2874 1691 3071 1751 Λυσίου
3118 1692 3249 1771 πρὸς
3295 1693 3614 1770 Πυθόδημον

2041 1776 2172 1855 ὑπὲρ
2201 1777 2542 1837 ἀποστασίου.
2575 1782 2646 1835 Et
2691 1781 2846 1855 apud
2890 1782 3181 1855 Aristoph.
3211 1784 3440 1838 Tlicsm.
3474 1786 3614 1857 723,

2043 1868 2179 1941 739,
2199 1879 2308 1924 etc.
2336 1870 2673 1925 Ammonius
2691 1888 2750 1943 p.
2782 1888 2886 1925 τοι
2919 1890 2932 1923 :
2961 1866 3198 1948 οἰκότριψ
3219 1913 3236 1942 ,
3259 1872 3287 1926 ὁ
3306 1871 3362 1926 ἐν
3383 1874 3450 1948 τῇ
3473 1870 3616 1949 οἰκίᾳ

2040 1952 2470 2033 δια-τρεφόμενος,
2495 1954 2552 2011 ὃν
2579 1960 2732 2029 ἡμεῖς
2760 1960 2787 2013 Θ
2805 1954 3034 2034 ρεπτὸν
3066 1958 3354 2033 καλοῦμεν.

2119 2044 2318 2099 Cetera
2363 2047 2654 2117 pertinent
2697 2044 2770 2099 ad
2813 2046 3037 2118 epulaS,
3071 2045 3298 2117 quihus‘
3322 2046 3620 2102 indulsisse

2040 2130 2307 2186 videntur
2348 2133 2436 2201 isti
2478 2129 3026 2209 Μυρμηκάνθρωποι,
3075 2143 3134 2188 et
3182 2132 3258 2187 ad
3301 2136 3620 2207 conjuncta

2038 2217 2156 2273 fere
2188 2236 2320 2273 cum
2347 2220 2476 2289 illis,
2508 2220 2866 2290 ebrietatem,
2899 2220 3101 2292 aleam,
3130 2219 3302 2279 rixas.

2792 2333 2854 2391 6.

2121 2444 2328 2500 Athen.
2363 2443 2420 2514 6,
2443 2462 2501 2519 p.
2530 2463 2669 2519 229,
2699 2446 2750 2501 Α
2785 2463 2798 2499 :
2832 2446 2921 2502 τοῦ
2950 2440 3006 2501 δὲ
3039 2442 3274 2522 ῥήματος
3301 2444 3620 2524 (τηγανί-

2043 2532 2109 2597 ζε
2124 2534 2210 2607 ιν)
2245 2530 2508 2606 μέμνηται
2531 2532 2793 2609 Φρύνιχος
2825 2532 2879 2589 ἐν
2915 2534 3290 2611 Τραγῳδοῖς...
3321 2532 3414 2593 καὶ
3452 2536 3529 2596 Φ.
3565 2538 3623 2593 ἐν

2039 2629 2118 2687 Μ.
2158 2626 2288 2706 φησὶ
2317 2654 2341 2679 α
2373 2626 2464 2687 Σὺ
2495 2626 2548 2684 δ’
2577 2628 3114 2705 ἀποτηγανίζεις.
3141 2656 3166 2681 ι

2795 2769 2851 2819 7.

2122 2864 2322 2918 Pollux
2359 2882 2448 2934 10,
2479 2879 2594 2938 91:
2625 2860 2784 2928 εἴποις
2813 2862 2859 2918 δ’
2883 2860 2947 2918 ἂν
2977 2860 3066 2919 καὶ
3100 2862 3331 2936 κίστην
3371 2866 3628 2945 ὀψοφό-

2043 2971 2214 3028 ρον...
2241 2948 2332 3007 καί
2356 2971 2456 3007 που
2476 2949 2566 3006 καὶ
2599 2947 2705 3008 κοί
2721 2971 2840 3019 την
2878 2951 3324 3027 (metaphorice,
3349 2953 3632 3032 opinor),

2025 3039 2110 3104 ,ὡς
2140 3035 2193 3094 ἔν
2215 3059 2273 3095 τε
2299 3038 2402 3102 τοῖς
2434 3037 2669 3103 Βάπταις
2695 3035 2986 3104 Εὐπόλιδος

2121 3131 2280 3219 Ἀλλὰ
2308 3157 2400 3225 τὰς
2428 3158 2603 3226 κοίτας
2630 3162 2682 3236 γ’
2710 3158 2890 3238 ἔχουσι
2911 3160 3174 3228 πλουσίως
3199 3163 3542 3240 σεσαγμένας
3567 3212 3590 3243 ,

2045 3279 2135 3337 καὶ
2164 3279 2218 3336 ἐν
2261 3277 2627 3357 Φερεκράτους
2657 3280 2738 3338 Μ.
2779 3281 2806 3304 ”
2835 3307 2858 3330 ιι
2904 3277 3064 3337 Ἀλλὰ
3089 3280 3182 3337 καὶ
3223 3279 3397 3348 κοίτας
3425 3282 3526 3350 τὰς
3577 3289 3639 3344 ἐν

2041 3365 2156 3443 ἐμοὶ
2187 3365 2440 3424 ἀποὸάνίΥ
2463 3409 2480 3442 ,
2515 3364 2549 3423 ἃ
2575 3365 2835 3443 μέλλομεν
2864 3368 3157 3443 ἀριστῆσιν.
3178 3395 3203 3418 ι·
3227 3372 3412 3426 Verba
3441 3372 3630 3435 ἀποὸ.

2040 3490 2118 3499 -
2137 3457 2226 3532 ἀρ.
2250 3475 2398 3511 unus
2419 3456 2590 3512 habet
2611 3455 2795 3512 codex
2819 3456 3280 3532 Falckenburgii.
3307 3461 3640 3532 Eupolidci

2039 3545 2206 3600 metri
2233 3545 2462 3620 vestigia
2489 3543 2942 3600 animadvertens
2969 3545 3219 3603 Meinek.
3248 3545 3491 3618 conjicit

2139 3661 2316 3732 Ᾰλλόι
2337 3665 2440 3732 καὶ
2471 3667 2705 3744 κοίταις
2731 3671 2792 3733 ἐν
2823 3670 3058 3758 ἐμαῖσιν
3081 3667 3352 3735 ἀπόκειθ’
3385 3665 3431 3734 ἂ
3470 3675 3630 3762 μέλ·

3429 3785 3646 3872 λομεν

2138 3879 2498 3970 ἀριστήσειν.

2044 4018 2461 4074 llenisterhnsio
2486 4018 2604 4089 jam
2627 4020 2926 4093 placuerat
2955 4017 3191 4077 ἀπόκειθ’
3213 4040 3444 4095 ,quum
3477 4025 3647 4083 bene

382 4098 427 4187 ᾧ
448 4105 685 4184 γέροντος
710 4107 842 4177 ἐπῆν
864 4105 1146 4185 πρόσωπον
1164 4148 1181 4177 ,
1215 4109 1305 4186 ἀφ’
1330 4099 1388 4166 οὗ
1412 4108 1503 4166 καὶ
1521 4109 1768 4188 τοῦνομα.
1794 4116 1873 4174 Φ.
1898 4115 1954 4173 δέ
2041 4104 2247 4160 habeat
2273 4101 2567 4161 ἆπθὸἅντα·
2603 4109 2718 4162 NOS
2745 4109 3056 4163 scribamus

382 4215 538 4274 φησιν
570 4195 624 4250 ἐν
653 4195 733 4254 Μ.

481 4307 635 4378 AD?
670 4317 749 4389 ὡς
781 4311 1052 4406 τάχιστα
1075 4314 1181 4379 τὸν
1210 4315 1433 4407 γέρονθ’
1468 4318 1635 4383 ἱστὸν
1667 4319 1850 4406 ποίει,

2143 4215 2318 4287 Ᾱλλὰ
2359 4220 2463 4287 καὶ
2496 4223 2704 4300 κοίτας
2744 4227 2803 4300 ἐς
2861 4221 3008 4314 ἐμὰς
3050 4224 3176 4288 ἔστ’
3224 4221 3564 4309 ἀποίῖοίνίΓ,
3608 4232 3646 4296 ἆ

3311 4333 3648 4425 μέλλομεν

398 4443 3628 4478 Ἦ

1140 4503 1194 4553 2.

386 4584 677 4654 Peregrina
702 4583 918 4651 mulier,
944 4599 1084 4642 anus
1101 4627 1118 4656 ,
1140 4601 1333 4644 recens
1356 4587 1595 4646 advecta.

1138 4677 1191 4728 3.

458 4773 511 4812 a.
551 4756 694 4828 Quid
720 4758 978 4827 nugaris?
996 4774 1196 4830 nempe
1228 4777 1413 4817 vocem
1441 4763 1638 4820 habere

390 4847 594 4916 piscem
624 4860 845 4916 prorsus
874 4855 1089 4917 negant.
1128 4847 1181 4902 b.
1214 4851 1355 4905 Sane
1378 4867 1475 4922 per
1497 4850 1648 4920 deas,

388 4947 569 5004 neque
592 4929 731 4987 alius
758 4930 908 4987 ullus
931 4933 1094 5003 piscis
1117 4942 1199 4990 est
1227 4935 1506 4992 clamator.

1148 5028 1199 5078 4.

389 5108 499 5163 Seu
521 5123 687 5181 quain
710 5106 967 5164 citissime
996 5125 1185 5167 senem
1208 5116 1385 5167 statue
1406 5111 1606 5184 jugum
1635 5113 1925 5171 textorium
1941 5157 1954 5181 ‚

2043 4508 2131 4562 cui
2155 4507 2326 4565 insint
2353 4509 2459 4566 fila.

2047 4680 2288 4736 Maniam
2311 4679 2463 4738 domi
2491 4601 2850 4740 educatam}

2045 4855 2130 4908 Tu
2157 4866 2282 4910 vero
2309 4869 2340 4910 e
2361 4855 2544 4912 catino
2567 4855 2702 4913 edis.
2807 4777 2862 4826 6·

2801 4951 2850 4998 7.

2049 5026 2152 5083 Sed
2179 5027 2233 5083 in
2255 5029 2416 5126 cistas
2441 5047 2588 5090 meas
2615 5040 2747 5091 sunt
2771 5048 2898 5106 quae
2923 5031 3348 5103 descenderunt,
3383 5055 3533 5110 qua·

2051 5130 2300 5186 pransuri
2330 5132 2543 5174 sumus.
