3809 5850
1548 568 1985 628 PRAEFATIO.
2882 641 2885 646 ¹
3012 589 3102 634 vu

443 697 858 792 parcissime
890 712 1180 767 narrant
1217 721 1350 767 nec
1381 699 1568 767 inter
1599 723 1673 768 se
1703 701 2198 770 consentiunt.
2236 700 2655 772 Efflorucrat
2686 718 2926 773 autem
2954 703 3101 798 jam

439 821 701 892 Persici
736 820 912 892 belli
942 820 1426 916 temporibuS,
1467 837 1537 892 et
1580 838 1750 892 ante
1779 825 2155 894 Cratinum
2192 824 2447 896 fabulae
2498 827 2771 922 aliquot
2814 827 3103 923 prodie-

442 959 646 1030 runt,
677 969 858 1041 quas
891 960 1179 1042 postera
1213 960 1380 1014 aetas
1413 944 1784 1016 oblivione
1825 971 1977 1017 non
2032 947 2319 1018 delevit.
2374 953 2457 1019 At
2490 965 2693 1045 pater
2731 949 3103 1022 comoediae

439 1090 667 1161 graeco
704 1066 999 1161 ingenio
1032 1066 1267 1159 dignae
1299 1067 1686 1138 habendus
1731 1083 1837 1138 est
1891 1071 2265 1158 Cratinus,
2305 1095 2452 1141 non
2504 1073 2792 1145 Susario
2816 1126 2834 1159 ,
2884 1075 3094 1143 sicuti

443 1188 836 1284 tragoediae,
865 1215 1014 1260 non
1043 1189 1378 1283 ThespiS,
1431 1190 1558 1260 sed
1589 1191 1989 1285 AEschylus.
2028 1197 2349 1288 Uterque
2392 1210 2603 1288 poeta
2640 1209 2863 1264 artem
2899 1211 2964 1265 et
3001 1196 3105 1264 in·

442 1312 724 1382 choavit
769 1328 838 1382 et
885 1314 1219 1408 perfecit,
1269 1315 1362 1382 ita
1400 1329 1480 1382 ut
1523 1313 1921 1409 aequalibus
1968 1331 2039 1384 et
2080 1317 2385 1410 posteris
2440 1317 2933 1412 relinquerent
3000 1320 3103 1390 illi

437 1437 738 1533 quidem
761 1439 1015 1523 varias,
1035 1459 1168 1532 pro
1188 1437 1598 1507 diversitate
1621 1437 1913 1522 indolis,
1938 1439 2213 1533 singula
2246 1440 2620 1510 excolendi
2656 1443 2825 1526 viaS,
2854 1467 3098 1514 verum

441 1558 528 1628 ad
574 1559 802 1654 ipsam
843 1560 1016 1628 artis
1065 1581 1424 1628 summam
1463 1559 1850 1652 adjiciendi
1905 1561 2314 1631 facultatem
2362 1563 2855 1658 praeciderent.
2918 1568 3095 1660 Ergo

441 1694 604 1775 post
636 1681 984 1774 Magnetis
1021 1680 1360 1786 levioreS,
1405 1695 1488 1750 ut
1523 1681 1828 1768 videtur,
1861 1681 2147 1753 facetias
2180 1685 2515 1754 Cratinus
2548 1685 2892 1780 produxit
2927 1695 3103 1756 (mei-

437 1826 638 1896 quam
673 1801 1134 1896 quaedieitur
1174 1803 1646 1889 comoediam,
1691 1803 1764 1872 id
1803 1820 1912 1874 est
1956 1805 2315 1898 ejusmodi
2366 1829 2659 1902 poema,
2710 1809 2920 1903 quale
2971 1834 3101 1878 nos

438 1922 680 2012 hodie,
709 1926 850 2020 nisi
879 1925 1432 2021 Aristophanem
1464 1926 1694 2021 legere
1723 1926 2035 2014 daretur,
2064 1930 2179 1998 vix
2204 1945 2445 2000 mente
2472 1933 2857 2027 concipere
2887 1947 3103 2028 atque

440 2049 810 2144 imaginari
844 2073 1244 2145 possemus.
1297 2053 1401 2118 De
1441 2049 1576 2118 hac
1615 2073 1841 2146 prope
1894 2050 2197 2121 dixerim
2248 2077 2395 2121 non
2436 2055 2589 2123 sine
2635 2055 2953 2149 quadam
2998 2058 3101 2125 in-

431 2168 614 2261 juria
677 2171 1135 2266 pronuntiari
1191 2169 1392 2264 quod
1445 2185 1632 2240 recte
1680 2171 1772 2241 de
1821 2174 2081 2242 ceteris
2144 2203 2175 2236 «
2232 2197 2387 2243 esse
2450 2174 2743 2270 aliquod
2799 2201 3101 2271 poeseos

433 2318 663 2386 genus
721 2323 752 2357 »υ
811 2319 827 2360 :
875 2295 1022 2362 imo
1076 2292 1434 2363 comoedia
1485 2295 1781 2389 antiqua
1835 2308 1942 2363 est
2000 2297 2221 2364 totius
2270 2320 2569 2392 poeseos
2638 2313 2707 2366 et
2762 2300 3096 2367 omnium

434 2441 781 2510 generum
813 2417 1014 2512 quasi
1051 2417 1435 2485 bacchanal
1457 2444 1482 2500 ,·
1523 2417 1702 2486 nihil
1741 2417 1937 2486 enim
1978 2419 2049 2488 in
2078 2419 2284 2513 epico
2314 2421 2629 2490 carmine
2660 2420 3104 2516 expromitur

435 2563 646 2632 grave
676 2553 747 2608 et
771 2538 1220 2632 jucundum,
1257 2538 1434 2607 nihil
1468 2539 1542 2607 in
1579 2540 1802 2633 lyrico
1831 2540 2051 2634 spirat
2084 2541 2393 2610 sublime
2424 2557 2493 2610 et
2526 2541 2877 2612 divinitus
2907 2541 3101 2612 affla-
3222 2575 3233 2584 ·

436 2675 628 2744 tum,
685 2661 869 2731 nihil
903 2661 1249 2757 tragoedia
1301 2661 1624 2757 loquitur
1675 2662 1941 2732 elatum
1986 2679 2055 2732 et
2100 2687 2468 2749 severum,
2518 2664 2739 2759 elegia
2776 2664 2991 2735 molle
3032 2681 3096 2734 et

439 2798 810 2870 tenerum,
865 2783 1044 2879 quin
1083 2782 1335 2852 eadem
1369 2784 1638 2870 omnia,
1695 2809 1950 2854 sensus
2006 2784 2301 2867 eosdem
2348 2800 2415 2855 et
2470 2785 2765 2857 eosdem
2802 2787 3099 2872 modos,

435 2905 850 2977 ludibunda
903 2921 1192 2977 resonet
1239 2907 1614 2978 comoedia.
1661 2907 2173 2979 Archilochum
2225 2924 2466 2980 autem
2499 2908 2791 2981 imbibit
2833 2924 3093 2981 totum.

433 3032 588 3099 Jam
609 3052 784 3099 vero
807 3043 1084 3099 aetatem
1113 3044 1393 3125 reputa,
1425 3052 1567 3125 qua
1595 3034 1995 3126 πάμφθογγον
2026 3032 2168 3102 hoc
2188 3036 2434 3128 ὄργανον
2467 3032 2851 3127 pulsabant
2875 3046 3101 3128 poetae

437 3150 1000 3249 ingeniosissimi
1035 3176 1050 3218 :
1089 3166 1196 3220 est
1241 3152 1587 3221 nimirum
1636 3153 2039 3224 immortale
2084 3154 2262 3225 illud
2310 3155 2689 3241 saeculum,
2732 3178 2771 3223 a
2806 3156 3101 3225 Persicis

437 3274 646 3345 bellis
671 3274 762 3345 ad
799 3274 1018 3345 finem
1047 3272 1665 3370 Peloponnesiaci,
1697 3298 1844 3369 quo
1867 3275 2127 3346 saeculo
2147 3278 2351 3370 graeci
2382 3278 2604 3346 animi
2634 3278 2735 3345 vis
2769 3276 3098 3346 foecunda

437 3398 712 3469 fructus
757 3398 1060 3494 protulit
1096 3398 1308 3491 longe
1348 3396 1754 3467 uberrimos
1797 3414 1863 3468 et
1905 3400 2495 3485 venustissimOS,
2536 3400 2750 3468 etiam
2806 3424 3055 3469 eorum
3080 3453 3097 3481 ‚

434 3544 592 3614 quae
621 3521 987 3615 posterius
1013 3518 1438 3603 floruerunt,
1471 3534 1627 3589 tum
1653 3520 1951 3613 quidem
1980 3544 2323 3617 spargens
2358 3522 2655 3604 semina,
2684 3520 2875 3589 velut
2908 3521 3098 3589 Peri·

434 3643 576 3713 cles
607 3642 1042 3738 eloquentiae
1072 3666 1113 3713 a
1145 3642 1640 3713 Demosthene
1671 3657 2211 3714 consummatae.
2246 3644 2437 3713 Nihil
2481 3645 2697 3739 igitur
2732 3644 3097 3731 omnium,
3186 3620 3191 3625 .

433 3788 913 3861 quaecumque
956 3790 1084 3860 per
1113 3764 1292 3836 illud
1326 3780 1612 3860 tempus
1643 3766 1949 3859 agitabat
1994 3766 2537 3836 Atheniensium
2572 3790 2775 3835 mens
2808 3766 3095 3835 vividis-

433 3889 654 3973 sima,
685 3886 900 3975 nihil,
947 3888 1277 3982 inquam,
1305 3887 1618 3957 alienum
1653 3903 1799 3957 erat
1841 3912 1876 3956 a
1916 3887 2270 3958 comoedia
2304 3916 2317 3956 :
2356 3912 2633 3984 semper
2677 3888 2840 3982 vigil
2886 3902 3099 3983 atque

431 4009 686 4079 alacris
735 4024 1000 4079 cuncta
1047 4008 1522 4105 pervadebat,
1579 4035 1728 4079 non
1788 4011 2023 4081 solum
2078 4034 2316 4081 rerum
2369 4010 2821 4105 publicarum
2879 4008 3099 4077 admi-

435 4132 943 4201 nistrationem
971 4185 989 4217 ,
1027 4130 1155 4201 sed
1199 4154 1472 4217 mores,
1515 4132 1641 4201 sed
1673 4132 2084 4227 religioneS,
2120 4134 2502 4217 musicam,
2536 4132 2788 4227 poesin
2814 4184 2832 4218 ,
2865 4130 3098 4227 philof

431 4252 788 4349 sophiam.
833 4259 913 4322 ln
951 4254 1146 4323 hisce
1175 4255 1524 4325 omnibus
1557 4278 1716 4351 quae
1746 4276 2212 4352 quocumque
2246 4256 2468 4325 modo
2503 4254 2589 4323 ad
2640 4254 2892 4322 vitium
2942 4276 3097 4348 spe-

429 4390 618 4445 ctare
653 4375 1072 4446 viderentur
1090 4375 1200 4445 vel
1229 4378 1366 4472 ipsi
1387 4378 1661 4473 populo
1686 4378 1797 4449 vel
1823 4394 2051 4474 poetae
2080 4378 2409 4474 partibus
2439 4376 2879 4472 quibusdam
2908 4377 2985 4444 in
3022 4400 3094 4444 re

431 4494 730 4591 publica
766 4496 876 4567 vel
916 4497 1265 4569 litteraria
1289 4497 1616 4584 addict0‚
1639 4524 1718 4569 ea
1751 4499 2008 4570 vividis
2040 4500 2409 4571 coloribus
2444 4500 2727 4595 depicta
2754 4515 2827 4569 et
2861 4500 3103 4569 lintis--

427 4621 628 4691 simis
673 4620 1096 4693 fictionibus
1145 4637 1558 4717 exaggerata
1591 4624 1664 4691 in
1709 4648 1919 4693 scena
1968 4623 2499 4695 exhibebantur
2537 4651 2550 4691 :
2600 4638 2678 4693 ut
2724 4624 2843 4693 illa
2878 4628 3093 4693 etiam

425 4768 584 4839 quaa
617 4744 928 4816 calidius
955 4760 1028 4815 et
1067 4770 1196 4840 per
1235 4745 1684 4818 manifestam
1717 4747 2170 4841 iniquitatem
2196 4747 2579 4840 jactantur,
2614 4771 2750 4816 nos
2788 4746 3095 4817 doceant

425 4868 726 4962 quinam
781 4869 996 4939 certis
1032 4868 1485 4965 temporibus
1529 4869 1799 4939 fuerint
1851 4872 2078 4939 animi
2120 4872 2463 4939 mobilium
2507 4869 3070 4966 Cecropidarum

423 4991 538 5061 sic
573 4990 778 5087 quod
809 4990 1024 5085 vulgo
1061 4991 1284 5060 fertur
1325 4992 1414 5061 de
1441 4990 1829 5079 comoedia‚
1867 5022 1897 5055 «
1934 5018 2087 5062 esse
2130 4996 2287 5063 vita:
2320 4994 2702 5088 imaginem
2748 5010 2817 5063 et
2874 4994 3091 5087 magi·
