3809 5850
430 434 536 485 148

1180 572 1233 607 2.

496 670 701 728 Athen.
726 668 787 739 6,
816 686 875 742 p.
901 664 1046 736 228,
1070 668 1115 721 E
1138 686 1149 719 ;
1180 662 1404 739 τήγανον
1427 660 1631 741 εἴρηκεν
1658 664 1711 720 ἐν
1740 660 1833 739 μὲν
1868 659 1985 731 Λή·

418 778 523 835 ροις
550 755 959 835 Φερεκράτης...
994 796 1009 809 .
1044 751 1345 821 Φιλωνίδης
1376 751 1421 808 δ’
1450 754 1503 809 ἐν
1538 754 1664 811 Κοθ.

512 874 923 975 Ῠποδέχεσθαι
966 879 1067 946 καὶ
1113 878 1323 965 βατίσι
1349 877 1451 943 καὶ
1476 878 1785 970 τηγάνοις.

420 1016 468 1073 1.
496 1032 545 1069 e.
580 1016 698 1090 βατ.
728 1010 817 1069 καὶ
841 1010 1017 1075 ἄλλοις
1043 1008 1282 1087 τηγάνοις
1298 1052 1317 1079 ,
1341 1019 1408 1064 ut
1434 1010 1606 1064 Mein.
1642 1010 1988 1082 interpreta-

418 1112 529 1159 tur.
560 1101 828 1158 Similiter
844 1100 1111 1159 Germani
1135 1098 1297 1155 cibos
1324 1094 1529 1153 dicunt
1552 1094 1877 1153 Schaeisseln.

1178 1204 1231 1261 3.

498 1312 688 1387 Pergit
712 1309 863 1366 idem
887 1308 1027 1364 ibid.
1055 1328 1068 1362 ε
1101 1304 1192 1363 καὶ
1218 1304 1375 1363 πάλιν

514 1418 905 1515 ὀσφρομένην
938 1430 1062 1488 τῶν
1086 1420 1391 1512 τηγάνων.

1174 1554 1229 1614 ι..

496 1658 657 1715 Idem
678 1656 762 1712 ib.
792 1674 857 1731 p.
894 1663 1033 1726 247,
1058 1656 1129 1725 E,
1162 1652 1235 1711 de
1259 1670 1365 1709 usu
1400 1650 1561 1707 vocis
1595 1646 1841 1715 ἀπόσιτος
1870 1648 1990 1706 dis-

415 1764 605 1804 serens
634 1765 647 1800 :
682 1741 813 1803 Φιλ.
842 1743 891 1800 τ’
920 1742 972 1799 ἐν
1001 1742 1130 1801 Κοθ.
1160 1737 1340 1805 οὕτως·

515 1872 654 1970 Ἐγὼ
686 1869 747 1943 δ’
780 1874 1071 1951 ἀπόσιτος
1096 1872 1176 1939 ὢν
1217 1877 1448 1939 τοιαῦτ’
1490 1874 1597 1938 οὐκ
1629 1870 1942 1962 ἀνέχομαι.
2013 1916 2020 1927 .

419 2028 489 2081 Et
512 2044 568 2096 α,
597 2044 661 2101 Ρ.
692 2030 765 2095 47
797 2043 812 2079 ε
844 2025 917 2082 Ε.
948 2020 1276 2079 ἀπόσιτον
1304 2019 1352 2076 δ’
1379 2016 1555 2099 εἴρηκε
1582 2016 1717 2076 Φιλ.
1749 2020 1986 2076 Antiatt.

416 2132 477 2189 p.
510 2113 609 2183 83,
646 2132 741 2184 17,
773 2108 1157 2173 Ἀπόσιτοςτ
1186 2106 1382 2174 ἄσιτος.
1408 2106 1539 2166 Φιλ.
1579 2106 1707 2166 Κοθ.

1176 2229 1233 2285 5.

498 2346 703 2403 Pollux
740 2364 828 2415 ιο,
865 2364 890 2401 1
908 2342 975 2401 15
1000 2364 1013 2399 ι
1049 2340 1231 2420 λύχνοι
1252 2336 1307 2399 δὲ
1328 2338 1415 2399 ἐπὶ
1438 2337 1658 2411 τούτοις,
1690 2338 1781 2399 καὶ
1807 2338 1992 2418 λύχνοι

421 2432 647 2509 δίμυξοι,
667 2430 970 2493 Φιλωνίδου
1002 2428 1064 2499 δὴ
1090 2432 1142 2488 ἐν
1171 2428 1275 2495 τοῖς
1296 2430 1427 2489 Κοθ.
1456 2427 1690 2495 εἰπόντος

516 2556 718 2655 ὅσπερ
760 2562 819 2627 οἱ
851 2552 1093 2651 δίμυξοι
1123 2567 1246 2624 τῶν
1278 2559 1537 2650 λύχνων.

422 2706 731 2785 Μεταγένης
754 2705 809 2764 δὲ
837 2732 861 2757 κ
891 2702 1137 2779 Δίμυξον,
1177 2704 1249 2770 ὡς
1292 2700 1396 2780 ἐγὼ
1434 2702 1591 2761 δοκῶ.
1623 2730 1647 2755 ι
1676 2705 1837 2773 Libri
1860 2704 1992 2764 Φιλ.

421 2795 504 2870 δὲ,
531 2794 1015 2873 quemadmodum
1043 2790 1099 2850 δὲ
1142 2802 1199 2850 et
1224 2788 1289 2863 δὴ
1318 2796 1334 2867 (
1364 2791 1542 2867 certe)
1590 2792 1869 2851 confundi
1895 2814 1992 2851 so-

420 2886 555 2943 lent.
598 2884 787 2960 Vulgo
830 2884 1001 2940 etiam
1035 2878 1263 2956 Δίμυξον
1306 2879 1371 2952 δ’,
1416 2880 1484 2946 ὡς
1512 2878 1615 2955 ἐγὼ
1643 2880 1718 2952 δ.,
1760 2884 1992 2940 turbato

420 2974 577 3030 exitu
602 2972 901 3028 manifesto
942 2971 1167 3029 senarii.
1218 2970 1427 3028 Athen.
1477 2968 1571 3040 15,
1600 2990 1659 3046 p.
1710 2989 1848 3042 700,
1894 2973 1983 3031 F:

422 3057 737 3136 μνημονεύει
766 3062 857 3116 τοῦ
878 3054 1233 3132 διμύξου...
1270 3056 1403 3115 Φιλ.
1434 3057 1486 3113 ἐν
1514 3056 1649 3114 Koa.

1180 3175 1237 3230 6.

501 3301 738 3357 Antiatt.
774 3319 837 3376 Ρ.
870 3317 979 3356 ιοο
1002 3300 1187 3368 initio,
1208 3296 1311 3366 Θη
1329 3316 1401 3375 ρα
1420 3292 1618 3370 μένης
1645 3315 1659 3350 :
1682 3297 1748 3373 τῇ
1766 3295 1989 3372 κλητικῇ

424 3391 498 3462 (ἰ.
518 3406 567 3445 e.
589 3393 865 3456 vocativo,
898 3388 989 3443 vel
1023 3387 1217 3462 potius
1242 3385 1601 3441 nominativo
1632 3401 1797 3440 sensu
1820 3401 1992 3440 voca·

420 3479 521 3532 tivi
548 3498 561 3533 :
586 3497 641 3536 v.
666 3477 868 3535 Matth.
897 3477 998 3535 Gr.
1025 3474 1214 3552 5312,
1263 3494 1312 3533 1.
1342 3477 1531 3530 Minus
1556 3484 1711 3530 recte
1728 3459 1878 3532 liber
1893 3469 1991 3543 τήν

419 3564 673 3637 κλητικήν
698 3567 741 3642 ).
790 3563 1091 3636 Φιλωνίδης
1144 3565 1273 3624 Κοθ.
1308 3587 1333 3615 σι
1368 3566 1456 3620 Ita
1505 3561 1729 3620 correxi
1774 3561 1991 3618 editum

420 3655 767 3725 Φιλιππίδης.
792 3653 1105 3711 Philonidis
1126 3653 1287 3710 locus
1313 3671 1380 3709 ex
1404 3671 1604 3709 eorum
1628 3669 1834 3728 genere
1862 3651 1990 3708 fue-

423 3747 531 3814 rit,
586 3743 657 3800 de
685 3743 894 3817 quibus
925 3744 1043 3817 egit
1084 3743 1443 3798 Hermannus
1468 3739 1628 3817 praef.
1657 3740 1986 3797 Androma-

418 3833 536 3889 chae
554 3832 755 3906 Eurip.
780 3848 840 3904 Ρ.
870 3829 963 3887 16.
986 3853 1011 3879 ν
1042 3830 1091 3883 Ε
1113 3829 1201 3883 Μ.

418 3957 850 4015 PHILONIDIS
936 3955 1429 4012 INCERTARUM
1522 3953 1992 4010 FABULARUM

962 4041 1436 4100 FRAGMENTA.

502 4270 795 4328 Helladius
868 4269 1184 4326 Chrestom.
1262 4266 1419 4344 apud
1482 4262 1753 4321 Photium
1837 4263 1987 4323 nihl.

418 4380 480 4436 p.
515 4359 656 4433 530,
694 4357 763 4416 ι5
800 4379 810 4413 ;
836 4359 864 4413 ὁ
884 4356 1061 4435 στίχος
1088 4359 1117 4414 ὁ
1139 4353 1231 4414 καὶ
1254 4350 1727 4433 παροιμιαζόμενος

1174 4531 1209 4581 2

422 4617 681 4688 Accipere
704 4625 758 4672 et
782 4613 1053 4670 batidibus
1064 4567 1320 4686 pisel-bus
1345 4621 1400 4668 et
1428 4611 1648 4684 patinis.

1176 4706 1224 4754 3.

422 4789 643 4846 patinas
668 4785 1029 4844 redolentem.

1175 4877 1229 4927 4.

422 4967 537 5034 Ego
566 4976 691 5018 vero
710 4961 789 5018 sic
812 4960 1124 5032 impransus
1145 4973 1257 5038 non
1286 4959 1442 5014 duro.

1172 5065 1205 5098 ὖ

418 5139 497 5192 Ut
516 5137 755 5193 lucernae
782 5150 905 5206 quae
928 5133 1041 5190 duo
1062 5087 1331 5205 ellyelmia
1354 5129 1575 5188 babent.

1412 418 1819 479 coMOEmAE
1863 417 2185 479 VETEms
2229 418 2641 493 RELIQUIAE.

2157 556 2386 638 Ὅρκους
2409 556 2513 637 ἐγὼ
2531 558 2773 639 γυναικὸς
2796 560 2868 624 εἶς
2887 556 3025 637 ὕδωρ
3053 556 3236 639 γράφω

2081 660 2194 722 ἐστὶ
2218 660 2313 740 μὲν
2337 662 2688 742 Σοφοκλέους·
2720 667 2899 721 τοῦτον
2914 662 2970 721 δὲ
2994 660 3313 743 παρῳδήσας
3333 665 3363 721 ὅ
3383 662 3521 723 Φιλ.
3551 664 3656 743 ἔφη

2181 764 2406 865 ὅρκους
2440 765 2509 837 δὲ
2541 781 2769 863 μοιχῶν
2805 772 2889 848 εἰς
2919 772 3134 863 τέφραν
3164 774 3282 864 ἐγὼ
3315 772 3550 863 γράφω.

2091 918 2116 943 ιι
2151 895 2336 949 Etiam
2355 890 2508 949 hunc
2535 910 2762 949 versum
2775 893 2838 947 in
2863 892 3232 966 proverbium
3250 891 3456 948 abiisse
3481 892 3656 948 docet

2083 983 2331 1057 scriptor
2357 980 2609 1037 incertus
2631 978 2783 1054 apud
2805 978 3038 1035 Suidam
3069 996 3086 1035 z
3121 978 3209 1043 εἰς
3233 975 3484 1057 τέφραν
3513 976 3656 1055 γρά·

2087 1087 2268 1146 φεινι
2301 1066 2390 1125 ἰπὶ
2419 1067 2522 1123 τῶν
2553 1063 2844 1123 ἀδυνάτων.
2873 1062 3018 1142 Ἐγὼ
3041 1062 3096 1121 δὲ
3119 1062 3240 1129 τοὺς
3276 1064 3464 1142 ὅρκους
3493 1067 3652 1123 αὐτοῦ

2085 1154 2182 1233 (τὸ
2203 1158 2295 1227 τῆς
2311 1152 2626 1233 παροιμίας)
2651 1142 2800 1228 οἶμαι
2823 1152 2927 1209 δεῖν
2947 1152 3019 1217 εἰς
3037 1152 3228 1231 τέφραν
3253 1150 3532 1232 γράφειν.»
3557 1156 3647 1211 M.

2835 1282 2888 1321 α.

2161 1378 2366 1437 Athen.
2404 1398 2456 1449 1,
2482 1397 2545 1454 p.
2582 1377 2675 1447 23,
2699 1378 2745 1431 E
2775 1396 2788 1430 ε
2823 1374 2953 1436 Φιλ.

2179 1490 2560 1583 Κατάκειμ’,
2593 1497 2673 1567 ὡς
2706 1494 2906 1583 ὁρᾶτε,
2931 1483 3296 1557 δεκάπαλαι.

2082 1620 2242 1676 Libri
2299 1618 2552 1675 numeris
2599 1616 2926 1693 depravatis
2981 1610 3320 1690 κατάκειμαι.
3381 1611 3658 1675 Similiter

2083 1708 2374 1783 Aristoph.
2415 1708 2603 1781 Equit.
2643 1724 2666 1760 1
2684 1703 2816 1778 158,
2845 1700 3100 1783 τρίπαλαι
3125 1698 3383 1777 κάθημαι.

2842 1815 2900 1875 3.

2155 1930 2324 2015 ‘Idem
2354 1950 2412 2001 α,
2435 1950 2497 2005 Ρ.
2533 1930 2636 2000 67,
2663 1932 2714 1985 D
2749 1948 2762 1983 ε
2795 1928 2933 1988 Φιλ.

2195 2044 2650 2137 Καταχύσματ’
2677 2038 2996 2132 αὐτοῖσιν(
3015 2036 3163 2132 μὲν)
3184 2035 3317 2118 ὄξος
3351 2044 3462 2106 οὐκ
3487 2040 3640 2132 ἔχει.

2085 2177 2238 2232 Voce
2257 2168 2352 2245 μὲν
2363 2171 2554 2227 addita
2572 2188 2798 2225 versum
2809 2170 3177 2227 restituimus.
3195 2169 3306 2225 Alii
3327 2169 3656 2242 operosius,

2084 2264 2384 2335 minusque
2409 2258 2825 2328 verosimiliter,
2875 2256 3160 2331 siquidem
3203 2257 3265 2311 in
3309 2256 3503 2313 verbis
3539 2254 3658 2323 ὅξος

2085 2346 2179 2405 οὒκ
2207 2346 2318 2425 ἔχει
2349 2346 2516 2402 facile
2541 2361 2816 2421 agnoscas
2838 2344 3148 2400 clausulam
3179 2345 3388 2401 senarii
3413 2362 3429 2401 τ

2650 2448 2737 2511 Τὰ
2764 2449 3154 2530 καταχύσματα

2165 2542 2394 2600 αὐτοῖσιν
2426 2538 2538 2609 ὄξος
2561 2540 2655 2599 οὔκ
2677 2538 2810 2619 ἔχει.

2083 2660 2171 2715 De
2196 2650 2575 2732 καταχύσμασι
2597 2652 2670 2712 cs.
2687 2653 2858 2710 index
2873 2664 3067 2710 noster
3086 2651 3481 2728 Aristophanis
3501 2650 3566 2707 h.
3583 2670 3620 2706 v
3633 2707 3648 2721 ,

2841 2773 2900 2833 Ii.

2166 2881 2398 2939 Photius
2425 2898 2486 2956 p.
2515 2878 2653 2954 339,
2677 2874 3099 2949 αι,”οξίνην,
3124 2874 3213 2934 τὸν
3231 2864 3384 2949 οἶνον,
3411 2874 3510 2934 οὐκ
3531 2873 3663 2943 ὀξί-

2083 2993 2226 3042 ναν,
2256 2966 2348 3026 καὶ
2373 2965 2684 3046 Ἕρμιππος
2729 2968 2820 3042 (v.
2855 2965 2927 3024 fr.
2967 2967 3081 3022 inc.
3122 2965 3229 3040 19)
3257 2962 3348 3022 καὶ
3381 2963 3521 3024 Φιλ.
3563 2962 3660 3020 καὶ

2083 3057 2254 3116 ἄλλοι.
2289 3060 2512 3114 Hanov,
2545 3074 2607 3138 P:
2639 3055 2708 3112 16
2735 3070 2751 3112 :
2779 3079 2802 3104 ι
2827 3050 3039 3120 Ὀξίναν
3060 3065 3202 3112 esset
3217 3053 3294 3110 ab
3311 3049 3474 3124 ὀξίνα,
3495 3053 3665 3128 quod

2083 3154 2166 3198 est
2187 3140 2502 3199 secundum
2540 3141 2887 3216 Hesychium
2913 3137 3177 3217 ἐργαλεῖόν
3212 3161 3266 3197 τι
3291 3139 3600 3218 γεωργικόν.
3629 3165 3660 3190 ι

2083 3230 2174 3288 Ad
2217 3248 2343 3305 quae
2382 3230 2556 3288 Mein.
2597 3249 2609 3284 :
2659 3254 2684 3280 α
2732 3229 2888 3286 Illud
2929 3225 3070 3295 ὀξίνα
3107 3228 3264 3304 apud
3311 3229 3664 3302 Hesychium

2081 3317 2313 3373 videtur
2349 3335 2464 3374 esse
2498 3316 2686 3373 forma
2713 3317 2907 3373 aeoliea
2947 3334 3058 3391 pro
3087 3313 3260 3388 ἀξίνη.
3278 3313 3490 3384 Ὀξίνην
3519 3303 3660 3372 οἶνον

2083 3405 2228 3462 dixit
2253 3405 2427 3462 etiam
2453 3405 2720 3480 Diphilus
2743 3404 2898 3479 apud
2915 3407 3152 3464 Antiatt.
3179 3424 3244 3479 p.
3285 3423 3421 3475 ιιο,
3455 3422 3556 3473 17·
3585 3428 3614 3454 υ

2839 3513 2894 3569 5.

2163 3619 2444 3692 Pollmm,
2469 3625 2543 3686 24
2572 3617 2744 3677 εΦιλ.
2783 3614 2838 3674 δὲ

2180 3723 2234 3801 ὃ
2265 3737 2492 3822 πολυτρ
2500 3731 2635 3824 ίχου
2667 3735 2952 3825 πώγωνος
2967 3727 2983 3796 Ῑ.

2084 3861 2206 3942 ἔφη.
2223 3865 2312 3919 Ita
2331 3862 2532 3930 Mein.;
2550 3861 2682 3916 libri
2703 3879 2867 3918 versu
2887 3859 3250 3936 pessumdato
3269 3854 3344 3916 Ὦ
3363 3854 3510 3934 πώγ.
3531 3859 3664 3918 πολ.

2093 3977 2116 4002 α
2148 3951 2335 4008 Verba
2361 3960 2546 4025 poetae
2574 3948 2809 4005 fortasse
2827 3950 2888 4004 in
2919 3967 3051 4005 eum
3073 3965 3298 4005 sensum
3319 3947 3668 4022 accipienda

2083 4050 2236 4108 sunt,
2281 4057 2402 4112 quo
2429 4037 2766 4094 Theocritus
2779 4036 2868 4095 Id.
2906 4055 3000 4110 ιο,
3026 4043 3122 4103 40,
3149 4035 3292 4092 dixit

2165 4121 2240 4186 Ὤ
2261 4146 2352 4200 μοι
2371 4124 2444 4181 τῶ
2469 4121 2716 4199 πώγωνος
2729 4167 2746 4192 ,
2775 4119 2832 4179 ὃν
2863 4121 3070 4188 ἀλιθίως
3093 4119 3357 4200 ἀνέφυσαέ
3381 4147 3408 4172 ιι
3424 4123 3518 4179 Μ.

2840 4235 2897 4291 6.

2162 4349 2320 4405 Idem
2351 4349 2430 4404 ib.
2465 4355 2574 4422 ¹49
2605 4368 2616 4401 ε
2642 4345 2860 4426 χέρνιὸα
2875 4342 3122 4424 ”Ομηρος
3151 4345 3394 4424 (Odyss.
3423 4367 3480 4422 ι,
3515 4347 3666 4420 136)

2443 4517 2546 4571 Ex
2585 4519 2625 4572 F
2630 4517 2889 4574 ABULlS
2932 4517 3286 4574 INCERTIS.

2845 4625 2890 4674 l.

2079 4710 2398 4763 lui-amenta
2419 4714 2602 4762 autem
2623 4705 2966 4766 moechorum
2996 4707 3051 4764 in
3069 4707 3308 4764 cinerem
3327 4723 3436 4780 ego
3453 4709 3658 4765 scribo.

2833 4802 2884 4850 2.

2079 4885 2264 4948 niceo,
2297 4889 2360 4938 ut
2375 4879 2592 4947 videtis,
2615 4879 2826 4954 perdiu.

2837 4975 2889 5024 3.

2083 5055 2309 5112 Bellaria
2331 5057 2550 5127 quidem
2570 5071 2762 5113 eorum
2784 5066 2938 5114 aceto
2956 5063 3157 5112 carent.

2081 5213 2416 5286 Oprolixam
2455 5213 2717 5270 barbam!
2829 5149 2883 5199 δ’
