3809 5850
479 450 507 499 ἲ
528 449 589 499 12

606 570 789 664 αὐτὰρ
819 571 927 637 ἀπ’
964 563 1216 643 Εὖόοίας
1246 566 1458 641 ἀπίους
1480 564 1582 631 καὶ
1602 564 1735 657 ἴφια
1760 572 1930 657 μῆλα
1948 615 1966 644 ,

602 670 939 769 ἀνδράποδ’
991 678 1057 743 ἐκ
1100 674 1393 768 Φρυγίας,
1451 674 1572 741 ἀπὸ
1610 665 1675 739 δ
1722 665 2026 766 Ᾰρκαδίας

1664 780 2022 871 ἐπικούρους.

599 891 726 957 Χαί
758 888 1035 983 Παγασαὶ
1070 846 1323 964 δούλους
1358 886 1464 952 καὶ
1515 885 1881 980 στιγματίας
1911 910 2028 951 πα·

1758 992 2026 1083 ρέχουσι·

462 1124 555 1171 2ο
605 1100 715 1179 τὰς
744 1093 817 1167 δὲ
856 1098 1003 1177 Διὸς
1040 1098 1338 1185 βαλάνους
1370 1097 1471 1165 καὶ
1500 1088 1831 1191 άμυγδαλα
1850 1122 2022 1190 σιγα·

1807 1202 2029 1270 λόεντα

604 1311 1009 1406 Παφλαγόνες
1049 1308 1524 1405 παράγουσι·-τὰ
1552 1310 1665 1403 γάρ
1702 1316 1759 1375 τ’
1807 1310 2029 1385 ἀναθή-

1604 1440 1773 1506 ματα
1793 1407 2023 1493 δαιτός.

602 1523 849 1597 Φοινίκη
890 1524 1122 1616 καρπὸν
1166 1520 1427 1614 φοίνικος
1462 1519 1565 1587 καὶ
1584 1514 1941 1613 σεμίδαλιν·

606 1623 953 1724 Καρχηδὼν
984 1621 1252 1704 δάπιδας
1278 1626 1383 1695 καὶ
1411 1629 1670 1695 ποικίλα
1696 1626 2031 1721 προσκεφά·

1859 1738 2026 1800 λαια.

458 1892 669 1951 Versus
700 1910 721 1947 1
753 1909 823 1948 ex
852 1890 1100 1947 Homero
1127 1898 1385 1963 sumptus
1408 1899 1492 1945 est
1520 1888 1592 1947 ll.
1627 1906 1686 1959 2,
1712 1887 1851 1961 484,
1879 1889 2028 1943 aliis-

458 1998 573 2055 que
600 1981 759 2039 locis.
791 1981 857 2037 V.
892 1978 926 2034 3
968 1978 1099 2035 libri
1140 1976 1413 2033 mendose
1450 1974 1566 2032 8σέ
1596 1974 1683 2052 ἀγ.
1714 1972 2030 2054 ἀνθρώποις,

464 2070 628 2143 quasi
659 2069 771 2125 huc
812 2067 1127 2143 pertineret
1152 2082 1363 2120 nomen
1392 2060 1667 2135 Διόνυσος,
1703 2083 1881 2140 quum
1914 2062 2031 2137 jam

464 2156 611 2226 deo,
644 2158 757 2211 vini
798 2155 1019 2225 datori,
1054 2162 1386 2228 opponatur
1410 2152 1601 2223 homo,
1630 2152 1741 2208 alia
1764 2152 1893 2207 vitae
1927 2170 2032 2207 ne-

458 2246 699 2301 cessaria
719 2243 1099 2319 suppeditans.
1117 2243 1301 2317 Igitur
1320 2236 1412 2297 καὶ
1442 2239 1773 2297 addendum
1794 2239 1922 2297 fuit.
1960 2242 2026 2297 V.

460 2322 1389 2411 ἠιικαυλον,οοὶ1.σιλιρίου,οιι]ιιο
1407 2330 1552 2384 mire
1575 2329 1731 2385 ferax
1759 2327 2032 2405 Cyrenai·

460 2440 557 2493 ca;
576 2442 636 2481 ν.
664 2420 873 2497 Thrige
898 2422 1045 2481 Hist.
1090 2420 1225 2495 Cyr.
1277 2438 1328 2487 1,
1359 2437 1422 2493 p.
1471 2418 1581 2474 231
1606 2436 1767 2492 seqq.
1824 2418 2070 2476 Eckhel·

460 2512 660 2568 Doctr.
685 2530 846 2570 num.
880 2516 935 2580 4,
971 2528 1025 2579 1,
1048 2526 1113 2584 p.
1140 2527 1162 2563 1
1180 2526 1271 2583 ¹9·
1300 2506 1350 2565 A
1368 2507 1597 2563 bubulis
1624 2517 1811 2561 autem
1842 2518 2032 2583 tergo-

459 2600 623 2657 ribus
663 2601 764 2674 qui
804 2600 1065 2674 Cyrenen
1094 2595 1609 2664 commendaverit,
1646 2606 1851 2669 praeter
1880 2598 2031 2653 Her-

460 2690 723 2764 mippum
748 2689 872 2745 scio
900 2688 1205 2747 neminem.
1238 2686 1307 2743 V.
1336 2684 1373 2740 6
1396 2702 1507 2759 pro
1546 2670 1613 2741 w
1640 2683 1867 2743 Jacobs.
1909 2688 2032 2741 Διι-

463 2776 820 2837 th01.Palat.
852 2775 911 2846 3,
941 2794 1005 2851 p.
1059 2792 1229 2845 1027,
1258 2759 1373 2830 αυτ·
1404 2772 1522 2828 sine
1547 2770 1728 2830 hiatu.
1760 2773 1826 2829 V.
1856 2790 1886 2843 7
1931 2770 2033 2829 Σι-

461 2860 680 2921 τάλκου.
735 2863 1028 2940 Aristoph.
1090 2861 1338 2918 Acharn.
1413 2866 1516 2925 141
1562 2857 1853 2923 Σιτάλκους
1870 2901 1888 2935 ,
1934 2860 2033 2916 sed

465 2951 731 3012 Σιτάλκου
759 2955 933 3010 etiam
968 2951 1147 3010 Thuc.
1185 2970 1240 3021 2,
1271 2968 1383 3026 29,
1430 2967 1564 3008 ιο2.
1608 2949 1831 3006 Acerbe
1863 2949 1935 3005 ab
1964 2967 2034 3006 eo

464 3043 713 3100 scabiem
748 3041 1191 3098 Lacedaemoniis
1212 3038 1509 3095 advectam
1524 3037 1777 3110 jocatur,
1807 3036 2035 3094 fortasse

463 3149 572 3206 per
596 3131 825 3204 legatos,
856 3146 1002 3202 quos
1028 3129 1241 3183 misisse
1263 3125 1552 3196 videntur,
1596 3134 1661 3182 ut
1688 3125 2034 3198 Odrysarum

464 3219 761 3293 dynastam
786 3217 1237 3292 potentissimum
1268 3215 1329 3272 in
1350 3233 1476 3272 suas
1504 3223 1695 3290 partes
1720 3214 2030 3270 traherent.

468 3304 675 3384 (Recte
720 3305 791 3362 H.
820 3303 1121 3362 Jacobsius
1155 3303 1420 3359 observat
1455 3302 1701 3358 scabiem
1729 3301 2038 3375 imprecari

464 3395 658 3469 potins
682 3403 913 3470 poetam
935 3391 1400 3460 Lacedaemoniis,
1426 3407 1595 3464 quam
1618 3407 1653 3446 a
1674 3389 1879 3446 Sitalca
1904 3391 2038 3463 ipsis

464 3481 755 3539 advectam
798 3478 1040 3556 jocari.)
1082 3481 1167 3536 De
1197 3479 1415 3536 Sitalcae
1456 3479 1668 3536 foedere
1702 3497 1833 3534 cum
1859 3478 2038 3534 Athe-

466 3573 755 3628 niensibus
774 3569 847 3628 cf.
868 3571 1055 3629 Thuc.
1089 3588 1143 3642 2,
1172 3589 1249 3645 29
1268 3615 1285 3646 ,
1305 3581 1365 3626 et
1381 3570 1633 3626 Acham.
1656 3568 1693 3623 l.
1716 3570 1756 3623 l.
1775 3571 1867 3630 De
1892 3579 2036 3624 tem-

466 3675 607 3732 pore
635 3669 772 3715 actae
800 3658 969 3732 hujus
990 3658 1198 3713 fabulae
1236 3655 1623 3729 conjecturam
1660 3673 1864 3730 capere
1907 3657 2041 3712 licet

466 3764 535 3802 ex
562 3748 853 3804 mentione
882 3746 1100 3804 Sitalcae
1126 3764 1143 3804 ι
1177 3745 1401 3804 occisus
1424 3747 1577 3802 enim
1600 3745 1694 3801 ille
1720 3755 1800 3800 est
1824 3744 2038 3820 olymp.

470 3833 567 3909 89,
612 3853 635 3890 1
669 3835 817 3907 <423
862 3843 991 3890 ante
1033 3833 1168 3890 Chr.
1210 3834 1396 3907 nat.);
1437 3831 1511 3888 ad
1540 3833 1867 3888 societatem
1898 3849 2038 3887 vero

472 3922 897 3977 Atheniensium
925 3939 1045 3976 sese
1068 3921 1425 3995 applicuerat
1448 3923 1661 3996 olymp.
1694 3919 1794 3993 87,
1822 3921 1856 3976 3
1885 3920 1903 3987 (
1925 3928 2040 3994 429

468 4010 601 4065 Chr.
634 4008 807 4082 nah).
832 4007 907 4066 V.
939 4007 997 4068 8.
1022 4009 1111 4064 De
1130 4009 1403 4063 Perdicca
1420 4050 1435 4077 ,
1468 4025 1655 4081 neque
1675 4007 2040 4064 Lacedaemo-

468 4097 576 4151 niis
600 4113 788 4170 neque
812 4093 1245 4152 Atheniensibus
1265 4093 1441 4162 fideli,
1462 4114 1521 4150 ν.
1548 4097 1749 4169 Poppo
1768 4095 1843 4150 ad
1855 4097 2038 4153 Thuc.

469 4184 587 4241 vol.
665 4201 733 4253 2,
812 4202 875 4258 p.
940 4181 1078 4249 432.
1149 4179 1343 4252 Ψεύδη
1402 4201 1512 4258 pro
1574 4184 1809 4258 vulgato
1874 4183 2041 4262 ψευδῆ

467 4270 788 4346 Schweigh.
838 4287 909 4328 ex
953 4271 1241 4328 Eustathio
1284 4271 1350 4326 ll.
1382 4287 1441 4344 2,
1470 4289 1532 4344 p.
1573 4269 1714 4340 261,
1760 4269 1813 4326 8.
1856 4272 1924 4328 V.
1981 4289 2040 4344 9.

468 4378 579 4434 pro
608 4362 699 4422 σῦς
728 4358 1049 4416 Eustathius
1076 4359 1159 4417 ib.
1188 4363 1350 4415 σῖτον.
1377 4357 1461 4414 Ac
1488 4377 1621 4414 sane
1644 4377 1769 4416 sues
1798 4359 2040 4430 Syracu-

469 4465 632 4504 sanos
666 4447 1105 4502 Atheniensibus
1134 4445 1523 4522 suppeditasse
1550 4447 1739 4502 nullus
1779 4456 2040 4502 veterum

468 4538 811 4611 scriptorum
830 4575 846 4604 ,
888 4537 935 4594 si
988 4535 1133 4594 bene
1183 4537 1456 4606 memini,
1510 4533 1749 4594 tradidit
1794 4555 1807 4590 ι
1859 4555 2044 4610 quan-

470 4641 643 4699 quam
690 4623 989 4679 Athenaeus
1036 4641 1130 4693 ι2,
1173 4643 1232 4697 p.
1276 4622 1417 4696 540,
1455 4627 1530 4693 D,
1577 4613 1637 4688 ὗς
1686 4625 1745 4680 ἐκ
1794 4622 2044 4688 Σικελίας

470 4721 768 4768 memorat.
808 4735 833 4762 n
878 4713 971 4768 Ea:
999 4713 1182 4768 Mein.
1217 4709 1553 4786 Suspectum
1582 4715 1701 4781 σῦς,
1736 4731 1841 4768 nec
1864 4713 2041 4768 nolim

580 4881 636 4928 at
660 4887 724 4929 ex
754 4873 973 4930 Euboea
996 4875 1143 4947 piros
1165 4884 1222 4932 et
1240 4875 1465 4948 grandia
1490 4877 1631 4932 mala
1651 4895 1669 4940 3

574 4973 767 5018 servos
790 4975 855 5016 ex
881 4959 1143 5034 Phrygia,
1170 4971 1225 5019 et
1246 4978 1309 5020 ex
1333 4963 1565 5020 Arcadia
1592 4963 1784 5020 socios,

578 5049 803 5120 Pagasae
852 5063 1071 5120 quoque
1109 5049 1377 5121 mancipia
1421 5050 1863 5122 stigmaticosque
1890 5047 2034 5114 ⁸osfe-

473 5137 544 5192 20
576 5132 837 5206 Jovisque
860 5133 1085 5205 glandes
1110 5144 1165 5192 et
1190 5134 1475 5208 amygdala
1500 5144 1683 5192 tenera
1846 5139 2035 5204 [runt3

584 5219 957 5294 paphlagones
978 5223 1291 5294 adducunt,
1322 5224 1697 5282 additamenta
1714 5226 1996 5299 epularum
2018 5245 2034 5293 ς
2083 5259 2086 5261 Δ

1458 431 1864 493 coMOEmAE
1905 432 2234 495 vssmms
2277 431 2693 507 RELIQtJlAE.

2123 563 2224 623 σῖτ’
2254 562 2318 623 ἃν
2337 567 2476 645 τυρῖζ)
2501 586 2660 645 unp„
2693 566 2977 621 intellecto
3007 563 3100 621 σὺν
3137 566 3194 621 ἰη
3215 566 3385 645 τυρῷ,
3414 570 3676 641 quemad-

2119 655 2358 711 modum
2380 656 2591 711 Athen.
2613 654 2672 723 3,
2693 672 2752 731 p.
2789 653 2884 725 83,
2911 655 2988 712 C:
3015 654 3060 710 εἶ
3089 652 3184 729 μέν
3207 676 3260 713 τι
3287 653 3488 711 τούτων
3517 654 3682 721 Ἰόὸος

2120 743 2349 823 ἱστορεῖ,
2375 740 2610 823 χαιρίτω
2628 739 2915 802 Λιὸυκαῗσι
2941 738 3173 819 βίὸλοις,
3200 744 3262 803 h.
3295 762 3349 802 e.
3379 741 3476 799 σὺν
3509 749 3582 801 Δ.
3611 746 3678 821 βί-

2120 828 2282 896 ὅλοις.
2313 835 2382 890 V.
2428 850 2493 887 ιι
2540 830 2676 887 libri
2717 850 2888 887 versu
2927 830 3284 887 claudicante
3323 828 3428 890 ὅτι.
3467 834 3684 907 Sequor

2119 938 2252 976 cum
2287 919 2575 975 Meinekio
2603 916 2970 975 Dindorfium
2993 937 3008 977 ε
3038 920 3409 975 Homericum
3434 922 3592 976 enim
3615 934 3686 977 est

2120 1005 2242 1084 δίχα
2266 1004 2430 1082 θυμὸν
2457 1004 2620 1085 ἔχειν,
2649 1007 2958 1062 dissentire.
3001 1030 3027 1057 οι
3059 1008 3248 1063 Minus
3269 1018 3426 1063 recte
3453 1010 3682 1065 Casaub.

2117 1096 2431 1153 secundum
2451 1096 2806 1152 Eustathium
2837 1095 2914 1151 ad
2939 1095 3147 1170 Odyss.
3175 1115 3235 1170 p.
3269 1094 3440 1167 1582,
3483 1114 3586 1168 2ο,
3613 1098 3686 1153 his

2121 1186 2306 1243 verbis
2336 1185 2555 1241 bellum
2597 1185 2884 1241 Persicum
2923 1184 3128 1259 respici
3161 1185 3382 1260 statuit,
3419 1203 3550 1258 quo
3573 1188 3688 1259 qui-

2121 1273 2254 1329 dem
2282 1283 2541 1347 tempore
2575 1272 2860 1345 Corcyraei
2889 1289 3094 1345 parum
3121 1273 3340 1329 sincere
3380 1292 3526 1349 erga
3549 1275 3688 1331 Gra·-

2122 1379 2220 1417 cos
2243 1371 2514 1436 egerunt3
2545 1359 2643 1417 sed
2659 1370 2852 1416 vetera
2885 1360 2991 1415 ista
3023 1371 3157 1417 sunt
3175 1372 3232 1417 et
3259 1361 3522 1418 obsoleta
3549 1383 3564 1416 τ
3597 1364 3688 1416 ita-

2126 1468 2238 1525 que
2273 1460 2532 1505 nostrum
2568 1449 2644 1505 ad
2670 1450 2936 1505 intestina
2959 1466 3160 1504 eorum
3183 1448 3406 1505 dissidia
3431 1462 3690 1523 spectare

2122 1538 2330 1607 credo,
2391 1556 2568 1614 quum
2606 1538 2704 1595 alii
2747 1538 3069 1612 Spartanis,
3113 1537 3210 1593 alii
3258 1538 3692 1595 Atheniensibus

2122 1625 2406 1694 faverent,
2438 1636 2504 1681 ut
2539 1624 2706 1685 Iliad.
2751 1642 2851 1698 2ο,
2895 1624 3001 1695 32,
3043 1626 3141 1681 alii
3173 1625 3414 1681 deorum
3449 1628 3691 1699 Graecis,

2121 1714 2216 1770 alii
2248 1714 2530 1786 Trojanis.
2569 1714 2833 1770 Ceterum
2859 1732 3052 1769 versus
3091 1732 3160 1769 10
3201 1724 3258 1769 et
3295 1732 3359 1769 11
3394 1734 3538 1771 cum
3577 1717 3687 1771 reli-

2121 1808 2252 1883 quis
2272 1807 2420 1863 adeo
2443 1825 2566 1863 non
2585 1807 2968 1876 conveniunt,
2995 1817 3063 1863 ut
3095 1808 3246 1862 inter
3273 1824 3314 1879 9
3331 1817 3390 1863 et
3428 1825 3506 1863 10
3537 1828 3693 1864 com-

2121 1896 2312 1971 plures
2329 1894 2602 1954 excidisse
2623 1894 2946 1951 videantur.
2971 1918 2997 1944 ¹·
3033 1896 3212 1951 Mein.
3235 1896 3358 1969 Ego
3399 1894 3464 1951 id
3503 1898 3698 1971 saepius

2123 1986 2336 2040 sactum
2376 1993 2522 2059 puto
2569 1984 2632 2041 in
2676 1983 2785 2039 hae
2828 1984 3047 2057 ecloga.
3088 1986 3156 2039 V.
3205 2000 3272 2038 ι2
3319 1981 3457 2039 libri
3505 1984 3696 2041 hiante

2122 2090 2288 2128 versu
2315 2072 2568 2129 ἐντεῦθεν·
2603 2071 2662 2127 ἐκ
2691 2070 2737 2126 δ’
2778 2070 2901 2145 Azy.
2943 2071 3110 2126 Posui
3149 2064 3264 2136 κάξ.
3297 2094 3324 2119 ι
3363 2072 3696 2147 Xenophon

2123 2162 2346 2218 OEcon.
2381 2159 2440 2230 8,
2477 2176 2546 2214 ι2
2564 2199 2581 2230 ,
2611 2176 2806 2215 navem
2835 2160 2956 2233 regi
2980 2157 3122 2213 dicit
3145 2154 3230 2213 διὰ
3253 2157 3454 2213 σκευῶν
3488 2154 3698 2223 ξυλίνων

2123 2246 2216 2305 καὶ
2241 2248 2482 2305 πλεκτῶν
2505 2244 2598 2303 καὶ
2629 2246 2962 2323 κρεμαστῶν.
2998 2245 3082 2302 Cf.
3111 2242 3314 2301 Pollux
3357 2262 3384 2301 1
3404 2286 3422 2319 ,
3453 2252 3574 2319 943
3611 2265 3696 2313 10,

2131 2334 2225 2396 13.
2259 2338 2329 2395 V.
2379 2341 2449 2402 ιι.
2473 2354 2602 2391 aux.
2633 2339 2770 2389 τοῖσι
2807 2336 2857 2391 θ.
2893 2334 3228 2407 cupressina
3256 2332 3506 2389 deornm
3531 2336 3700 2389 simu-

2123 2426 2275 2481 lacra
2311 2433 2751 2493 commemorat,
2789 2422 2933 2479 alios
2961 2432 3028 2477 ut
3061 2424 3319 2492 mittam,
3348 2420 3611 2479 Pausan.
3643 2422 3698 2489 6,

2131 2511 2224 2583 ιθ,
2248 2512 2304 2584 8,
2339 2530 2432 2583 17,
2457 2522 2568 2569 etc.
2595 2534 2621 2561 n
2647 2511 2698 2567 E
2715 2511 2802 2566 M.
2829 2511 2895 2566 V.
2926 2509 2994 2567 ιδ
3019 2510 3152 2566 libri
3173 2508 3456 2587 asyndeto
3477 2511 3703 2587 impor-

2126 2611 2266 2657 tuno
2297 2602 2332 2669 ή
2357 2597 2554 2665 Ῥόδος.
2583 2604 2651 2658 V.
2687 2618 2754 2671 17
2780 2595 2896 2676 ἴφια
2916 2642 2933 2673 ,
2964 2600 3276 2675 grandiora
3298 2614 3314 2658 t
3341 2618 3398 2659 v.
3421 2600 3601 2657 Iliad.
3634 2600 3697 2669 5,

2128 2689 2266 2749 556.
2297 2693 2366 2747 V.
2405 2708 2477 2763 19
2521 2689 2655 2744 libri
2689 2688 2745 2743 αἱ
2781 2688 2936 2763 Παγ.
2973 2684 3061 2745 Cf.
3111 2687 3203 2743 ιδ.
3243 2686 3540 2760 Παγασαὶ,
3569 2689 3702 2744 urbs

2125 2788 2184 2833 et
2203 2787 2408 2853 portus
2425 2775 2746 2832 Thessaliae:
2774 2794 2832 2829 ν.
2866 2774 3140 2832 Herodot.
3168 2792 3226 2845 7,
3259 2773 3544 2849 193,cum
3569 2794 3696 2833 ann.

2127 2865 2437 2923 doctissimi
2464 2864 2685 2920 Baehrii.
2701 2866 2769 2921 V.
2797 2880 2870 2918 2ο
2893 2859 3013 2928 Διὸς
3051 2859 3306 2940 βαλάνους
3321 2904 3339 2937 ,
3359 2863 3518 2917 loe-is
3539 2866 3702 2940 glan·

2125 2956 2253 3025 eles,
2285 2956 2321 3011 i.
2361 2973 2414 3010 e.
2455 2963 2785 3028 praestantes
2803 2990 2820 3021 ,
2851 2963 3148 3008 castaneas
3161 2993 3178 3025 ‚
3207 2951 3702 3026 quemadmodum

2128 3054 2182 3100 et
2220 3041 2374 3118 apud
2413 3041 2742 3115 Euripidem
2787 3040 3040 3116 Cyclope
3079 3037 3214 3110 123,
3253 3037 3376 3103 Διὸς
3415 3039 3566 3116 γάλα
3595 3061 3702 3116 pro

2129 3128 2245 3208 βοὸς
2277 3129 2688 3186 restituendum
2709 3139 2854 3204 puto
2890 3138 3121 3184 auctore
3159 3127 3456 3185 Athenaeo.
3479 3131 3553 3184 Et
3581 3127 3698 3190 Διὸς

2133 3217 2388 3299 βαλάνους
2423 3229 2480 3274 et
2517 3217 2615 3290 ἀμ.
2657 3237 2762 3292 σιγ.
2791 3227 3383 3273 commemoraverunt
3427 3217 3704 3292 Hesych„

2127 3308 2367 3366 Antiatt.
2397 3326 2458 3382 p.
2497 3305 2596 3382 82,
2633 3325 2704 3381 ι9
2749 3304 2881 3382 (qui
2920 3305 3123 3362 fabula!
3149 3321 3362 3360 nomen
3402 3319 3708 3362 servarunt

2129 3392 2298 3474 Ἕρμ.
2326 3390 2726 3474 Φορμοφόροις)
2751 3437 2768 3464 ,
2796 3396 3112 3470 saepiusque
3153 3393 3481 3448 Eustathius
3503 3435 3522 3462 ,
3553 3415 3706 3470 prae-

2128 3487 2324 3542 sertim
2369 3483 2444 3540 ad
2494 3483 2697 3556 Odyss.
2729 3501 2788 3557 p.
2845 3488 3018 3554 1404,
3069 3493 3133 3538 ut
3160 3482 3336 3538 Mein.
3379 3485 3702 3538 annotavit.

2127 3577 2197 3632 V.
2232 3591 2299 3632 ιιι
2333 3572 2469 3628 libri
2505 3567 2818 3648 παρέχωσι,
2843 3570 2990 3626 male
3017 3572 3262 3646 repetito
3289 3569 3498 3625 eodem
3527 3571 3706 3626 verbo

2128 3663 2274 3718 intra
2311 3661 2484 3718 breve
2519 3660 2781 3734 spatium.
2825 3655 2998 3714 Ἀναθ.
3037 3656 3239 3725 δαιτὸς,
3277 3667 3344 3712 ut
3380 3657 3590 3732 odyss.
3655 3678 3704 3724 ι,

2136 3747 2243 3806 ι52
2261 3791 2278 3820 ,
2303 3750 2540 3824 aliisque
2567 3748 2730 3804 locis.
2763 3747 2938 3804 Mein.
2963 3747 3106 3802 nist.
3137 3741 3458 3803 crit.'Com.
3485 3765 3550 3818 p.
3577 3765 3656 3820 92
3693 3791 3700 3798 .

2135 3861 2159 3886 α
2185 3838 2324 3891 Mihi
2353 3839 2428 3894 H.
2461 3838 2560 3892 has
2586 3835 2854 3912 parodias
2881 3834 3086 3890 fabulis
3120 3835 3233 3888 suis
3272 3833 3587 3888 intexuisse
3629 3836 3712 3886 vi·

2130 3924 2325 3994 detur,
2378 3923 2741 3999 Epicharmi,
2805 3922 3054 3991 Cratini,
3105 3923 3465 3994 aliorumque
3507 3939 3712 3976 exem-

2127 4015 2285 4088 plum
2312 4025 2553 4069 secutus.
2603 4015 2730 4068 V.
2771 4031 2845 4068 22
2887 4013 2968 4067 ita
2994 4010 3220 4068 Jacobs.
3254 4009 3490 4066 Anthol.
3523 4011 3712 4066 Palat.

2133 4101 2197 4175 3,
2230 4120 2292 4176 p.
2328 4100 2464 4173 577.
2503 4103 2552 4156 L
2554 4101 2664 4155 ibri
2697 4097 2924 4168 Φοινίκη
2957 4097 3002 4155 δ’
3029 4087 3097 4155 αυ
3135 4095 3338 4176 καρπὸν
3363 4095 3454 4152 καὶ
3483 4117 3612 4172 esp..
3651 4100 3712 4152 Si

2131 4189 2273 4263 quid
2321 4187 2644 4244 audendum
2691 4198 2803 4262 est,
2841 4186 3044 4261 quidni
3085 4186 3400 4242 scribamus
3440 4183 3522 4242 Φ.
3563 4181 3608 4241 δ’
3643 4173 3718 4240 αὖ

2131 4273 2332 4354 καρπὸν
2375 4272 2760 4350 ὁμώνυμον,
2793 4269 2828 4341 ἢ
2861 4294 2980 4346 σιμ.
2997 4273 3022 4326 ?

2893 4399 2943 4436 2.

2211 4489 2370 4546 Idem
2401 4488 2479 4547 ib.
2515 4507 2569 4563 p.
2611 4507 2710 4561 29,
2741 4489 2786 4542 Ε
2821 4507 2832 4540 z
2873 4481 3042 4564 ‘'sspp„
3082 4485 3140 4542 δέ
3173 4506 3275 4542 που
3300 4491 3436 4541 ποιεῖ
3463 4483 3556 4540 τὸν
3579 4485 3714 4542 Διό-

2132 4599 2283 4644 νυσον
2329 4573 2579 4632 πλειόνων
2611 4572 2830 4652 (οἴνων)
2861 4571 3218 4649 μεμνημένον·

2277 4685 2566 4777 Μενδαίῳ
2607 4693 2711 4783 μὲν
2741 4695 3080 4784 ἐπουροῦσιν
3127 4693 3232 4757 καὶ
3269 4691 3326 4757 οἱ
3367 4691 3494 4757 θεοὶ
3529 4693 3718 4756 αὐτοὶ

2239 4871 2518 4932 Phoenicia
2549 4888 2739 4931 rursus
2769 4872 3012 4930 fructum
3047 4875 3432 4946 cognominari
3461 4887 3527 4927 ae
3551 4873 3716 4928 simi-

3199 5005 3216 5026 ,
3399 4958 3676 5030 [laginem
3697 4979 3720 5028 ς

2241 5050 2482 5124 denique
2502 5049 2778 5122 Carthago
2801 5057 2971 5106 strata
2994 5057 3050 5106 et
3075 5049 3219 5105 varia
3245 5047 3566 5122 pulvinaria.

2883 5141 2935 5192 2.

2235 5225 2490 5283 Mendaeo
2520 5225 2718 5292 (vino)
2743 5233 2926 5296 potato
2953 5221 3244 5294 immeJunt
3265 5225 3436 5282 etiam
3461 5226 3560 5298 ipsi
3585 5223 3674 5280 dii
