3809 5850
322 418 333 429 '
454 419 577 469 600

452 554 613 619 sunt,
662 538 1102 618 Ἐπίκληρος,
1149 536 1516 617 Θωρύκιον,
1582 534 2025 617 Φιλέταιρος,

453 630 568 696 Δὶς
618 628 822 697 ὄξαπα
840 649 869 683 τ
884 626 927 685 ώ
944 652 985 702 μ
1000 650 1059 685 εν
1074 651 1153 693 ος.
1207 632 1467 701 Quorum
1510 626 1655 683 alter
1698 627 2030 683 scribendus

450 719 681 775 videtur
715 714 1127 793 Θωρυκίων,
1178 716 1339 790 quod
1374 733 1587 771 nomen
1620 714 1897 771 habemus
1929 733 2022 789 ap.

451 805 748 881 Aristoph.
778 807 927 863 Rau.
958 802 1094 873 365,
1112 798 1381 860 383.·Nisi
1404 804 1597 877 potius
1621 801 1927 879 Θορίκιοι
1950 804 2028 859 ti-

451 897 601 952 tulus
618 895 747 965 fuit,
768 904 835 949 ut
848 894 1015 949 unius
1031 910 1099 948 ex
1122 892 1461 967 Antiphanis
1487 890 1820 964 comoediis;
1840 893 2028 949 multae

452 984 605 1040 enim
662 982 865 1038 fabulae
912 998 947 1037 a
1000 981 1163 1055 pagis
1214 982 1413 1038 Atticis
1458 981 1793 1051 nominatae,
1840 998 2030 1053 neque

454 1088 649 1126 omnes
676 1068 957 1125 recensuit
980 1068 1277 1124 Elmsleius
1310 1069 1385 1123 ad
1418 1067 1664 1127 Acharn.
1698 1086 1830 1140 177.
1863 1068 2031 1126 Cete-

452 1175 584 1212 rum
631 1156 945 1211 dolendum
978 1158 1037 1210 in
1084 1156 1295 1213 Stobaei
1344 1156 1543 1231 ecloga
1583 1156 1817 1232 (fragm.
1872 1154 2025 1233 inc.)

453 1262 573 1300 non
604 1242 737 1299 addi
759 1241 964 1297 sabulae
992 1243 1238 1303 titulum.
1268 1245 1413 1300 Nam
1439 1242 1817 1320 fragmentum
1845 1246 2030 1320 ipsum

452 1332 583 1388 satis
608 1330 976 1387 memorabile
1002 1341 1116 1404 est,
1140 1331 1420 1405 siquidem
1445 1332 1665 1389 Graecas
1690 1332 1861 1389 urbes
1894 1351 2032 1408 per-

365 1482 375 1497 ·
454 1430 677 1476 sonatas
704 1437 737 1474 a
759 1430 935 1494 poeta
964 1420 1025 1475 in
1044 1437 1269 1475 scenam
1291 1418 1551 1477 inductas
1573 1437 1690 1477 esse
1720 1420 1853 1477 inde
1878 1439 2029 1495 cog-

454 1510 741 1564 noscimus
770 1528 785 1565 :
836 1526 952 1583 qua
990 1510 1051 1564 in
1087 1527 1151 1565 re
1186 1510 1434 1566 imitatus
1472 1520 1557 1566 est
1588 1510 1930 1585 Eupolidem
1971 1512 2031 1567 in

458 1594 683 1655 Πόλεσιν
714 1608 773 1654 et
796 1596 1235 1673 Aristophanem
1258 1598 1321 1653 in
1342 1594 1561 1665 Νήσοις.
1590 1622 1617 1648 ο
1645 1599 1695 1653 Ε
1722 1599 1807 1655 Μ.

986 1734 1037 1793 1.
1082 1736 1380 1796 ΓΟΡΓΟΝ
1392 1736 1505 1796 ΕΣ.

535 1872 744 1929 Athen.
784 1891 877 1937 11,
906 1890 967 1945 p.
1017 1872 1157 1944 1083,
1186 1874 1261 1946 E,
1300 1874 1371 1931 de
1412 1875 1664 1931 cothone
1705 1875 1978 1932 disserens
2011 1898 2021 1930 :

456 1956 701 2036 Ἡνίοχος
727 1958 951 2035 Γοργόσι

556 2112 653 2121 -
686 2075 892 2158 Πιεῖν,
929 2080 1090 2140 πιεῖν
1117 2101 1209 2152 τις
1241 2076 1737 2169 ἔγχει,πυριγενῆ

551 2174 785 2266 λαὸὼν,
828 2182 1202 2274 βραχύωτον,
1235 2188 1560 2273 κυκλοτερῆ
1582 2232 1601 2267 ,
1644 2186 2030 2275 παχύστομον

556 2284 805 2352 κώθωνα
830 2335 847 2369 ,
873 2276 1068 2353 παῖδα
1097 2280 1387 2381 φάρυγοςὶ

459 2434 485 2459 ι
516 2414 691 2467 Versu
726 2430 751 2467 1
785 2412 917 2467 libri
948 2410 1171 2489 ἐγχείτω
1194 2410 1386 2489 (quod
1409 2424 1601 2469 ortum
1640 2414 1811 2471 fuerit
1848 2433 1920 2471 ex
1947 2416 2033 2473 his

458 2493 638 2575 ἔγχει,
667 2495 756 2553 τὸν
774 2518 835 2558 π.
869 2499 1089 2573 Bora).
1114 2499 1377 2555 Correxit
1403 2501 1585 2557 Dobr.
1615 2500 1765 2557 Add.
1797 2504 1872 2559 ad
1898 2506 2032 2560 Ari-

456 2584 644 2658 stoph.
675 2603 737 2659 p.
774 2584 900 2641 128.
930 2584 1093 2640 Idem
1120 2604 1245 2660 quae
1264 2598 1581 2660 sequuntur
1608 2589 1669 2643 in
1698 2588 1888 2657 libris,
1921 2591 2032 2647 hoc

458 2671 1093 2747 ordineseexcipientia
1116 2690 1130 2729 ε
1155 2669 1334 2729 λαὸὼν
1356 2694 1481 2750 πυρ.
1508 2675 1663 2733 κυκλ.
1690 2696 1826 2753 παχ.
1855 2688 2032 2735 traus-

457 2762 669 2833 posuit.
696 2763 765 2817 V.
798 2780 835 2817 a
858 2756 1202 2837 παχύστομον
1232 2760 1305 2817 ad
1328 2764 1750 2836 superciliosam
1782 2776 1839 2821 et
1871 2767 2032 2838 quasi

460 2857 770 2904 tumentem
810 2848 1075 2905 cothonis
1114 2866 1275 2903 oram
1302 2848 1667 2905 referendum
1694 2861 1780 2907 est
1808 2870 1823 2910 :
1856 2871 1915 2912 v.
1958 2854 2032 2910 ad

458 2935 671 2992 Eubuli
697 2937 871 2994 Aleat.
894 2936 964 2996 sr.
996 2955 1020 2993 1
1035 2978 1049 2994 .
1082 2933 1271 3011 Στόμα
1290 2955 1448 2994 onam
1467 2940 1663 3014 poculi
1688 2939 1837 2998 dixit
1862 2945 2030 2999 etiam

460 3023 775 3100 Sophocles
810 3025 959 3085 ossd.
1002 3026 1125 3084 Col.
1161 3025 1298 3096 438,
1337 3027 1439 3083 ubi
1468 3025 1633 3092 λαὸὰς
1672 3027 2034 3106 ἀμφιστόμους

459 3113 714 3188 intelligo
742 3132 914 3171 ansas
952 3118 1226 3188 utrimque
1252 3134 1409 3170 oram
1438 3121 1667 3172 crateris
1703 3119 2026 3175 ambientem

460 3201 528 3257 V.
579 3199 611 3256 3
666 3203 841 3278 vulgo
892 3197 1186 3279 φάρυγγος,
1242 3203 1431 3260 forma
1477 3205 1745 3262 inusitata
1804 3209 2027 3264 Atticis.

461 3287 571 3362 (At
596 3307 652 3344 v.
673 3287 881 3347 matth.
912 3289 1011 3346 Gr.
1036 3289 1214 3348 addit.
1240 3291 1315 3347 ad
1338 3309 1469 3366 pag.
1502 3291 1597 3364 76.
1628 3292 1825 3370 Both.)
1852 3294 2032 3352 Παῑδα

459 3373 711 3454 φάρυγος,
753 3380 910 3452 guloe
950 3380 1290 3444 ministrum,
1338 3379 1535 3436 festive
1567 3381 1711 3436 dicit
1750 3383 2029 3453 cothona,

458 3476 523 3521 ut
547 3465 737 3542 Toup.
768 3468 1059 3524 annotavit
1086 3465 1325 3524 Emend.
1361 3484 1420 3538 ο,
1448 3487 1513 3542 p.
1550 3466 1646 3527 35.
1672 3493 1698 3520 υ
1724 3470 1778 3525 Ε
1798 3471 1885 3529 M.

908 3619 986 3678 ll.
1034 3619 1400 3680 ΠΟΛΥΕΥΚ
1410 3621 1587 3681 ΤΟΣ.

548 3783 572 3808 σι
604 3756 979 3831 polyeuctus,
1005 3763 1105 3835 qui
1136 3761 1337 3818 fabulae
1354 3781 1567 3819 nomen
1592 3763 1755 3835 fecit,
1786 3785 1903 3821 non
1923 3766 2036 3822 du-

459 3848 583 3904 bito
607 3847 746 3920 quin
775 3847 847 3903 sit
872 3848 1188 3922 Sphettius,
1219 3851 1615 3907 Demosthenis
1656 3853 1714 3906 in
1738 3854 2036 3910 tractanda

460 3952 585 4008 rep.
622 3935 807 3989 socius
828 3935 1091 4004 -celeber,
1135 3936 1236 3993 sed
1282 3937 1429 3994 idem
1484 3938 1707 3995 luxuria
1746 3951 1976 3996 notatus
2017 3961 2030 3995 z

460 4039 514 4076 v.
546 4020 975 4080 Anaxandrides
993 4024 1123 4081 Ter.
1159 4043 1211 4094 1,
1231 4025 1538 4082 Ruhnken.
1564 4028 1711 4086 nist.
1734 4030 1859 4084 crit.
1884 4041 2031 4087 orat.

462 4127 519 4182 p·
551 4107 648 4165 80.
684 4133 708 4159 ν
748 4110 797 4163 Ε
819 4111 909 4166 M.

544 4203 747 4258 Athen.
787 4221 846 4277 9,
883 4225 943 4280 p.
974 4205 1115 4281 396,
1149 4206 1224 4277 D,
1268 4208 1339 4264 de
1370 4208 1682 4284 γαλαθηνοῖς
1712 4211 1986 4269 disserens
2017 4233 2029 4267 t

462 4285 579 4347 Ἦν.
608 4287 957 4370 Πολυεύκτῳ,

560 4399 613 4470 ὁ
654 4407 787 4488 βοῦς
822 4410 853 4470 ὁ
888 4413 1154 4495 χαλκοῦς
1182 4406 1254 4482 ἦν
1282 4403 1354 4474 ἃν
1372 4411 1540 4501 ἑφθὸς
1570 4406 1920 4480 δεκάπαλαι
1941 4437 1956 4454 ·

1495 403 1771 467 unum
1813 403 2230 467 coMOEm-AE.
2273 378 2710 481 aEuQmAEj

2115 541 2294 597 Versu
2328 559 2350 597 1
2385 542 2518 598 libri
2547 538 2617 600 ‘O
2641 540 2763 619 βοῦς
2793 538 3020 617 χαλκοῦς
3043 528 3106 610 ἦν
3129 536 3360 617 ἄνεφθος
3385 536 3438 596 δὲ
3463 538 3538 597 καὶ
3569 540 3638 598 πεί·

2114 624 2228 685 λαι.
2281 653 2306 679 α
2341 630 2522 685 Recte
2560 630 2801 685 Porson.
2839 628 3070 688 miscell.
3115 646 3184 702 p.
3223 636 3346 695 also
3375 627 3640 698 δεκάπαλαι,

2115 726 2181 771 ut
2206 713 2534 795 τετράπαλαι
2555 714 2780 773 Gallim.
2803 716 2982 791 epigr.
3004 735 3038 772 a
3061 757 3079 789 ,
3103 722 3176 787 43
3201 716 3374 791 quod
3401 719 3546 773 etiam
3571 721 3640 775 Ja-

2117 804 2278 861 cobs.
2324 804 2815 862 animadverterat.
2853 805 3184 878 Respicitur
3218 816 3428 863 notum
3465 808 3640 879 aliquod

2116 894 2482 950 simulacrum
2517 892 2686 948 bovis
2719 892 2890 962 aenei,
2937 892 3130 966 qualia
3161 892 3448 967 Olympia
3481 904 3528 948 et
3553 896 3643 949 nel·

2115 979 2278 1057 phis,
2307 982 2540 1055 aliisque
2559 980 2700 1036 locis
2713 1021 2734 1054 ,
2763 979 3021 1037 dedicata
3054 992 3266 1052 erant,
3295 992 3437 1037 teste
3457 982 3640 1037 Pausa.

2117 1068 2202 1128 El.
2233 1088 2330 1141 27,
2353 1088 2412 1147 9,
2435 1080 2492 1126 et
2516 1066 2702 1124 Phoc.
2741 1066 2831 1139 16,
2862 1068 2922 1127 6.
2948 1070 3190 1125 Athenis
3213 1071 3335 1125 tale
3357 1072 3555 1145 siguum
3571 1090 3644 1145 po·

2115 1158 2284 1213 situm
2311 1169 2433 1215 erat
2467 1159 2530 1213 iu
2557 1156 2832 1232 Acropoli
2861 1172 2878 1215 τ
2919 1158 3049 1213 vide
3079 1158 3372 1215 Exercitt.
3402 1159 3577 1234 philol.
3607 1162 3646 1213 in

2116 1244 2326 1303 Athen.
2363 1266 2417 1321 1,
2442 1265 2506 1322 p.
2535 1264 2614 1321 29
2633 1264 2723 1319 sq.
2745 1256 2805 1301 et
2819 1244 3046 1321 Bergkii
3067 1244 3405 1303 comment.
3429 1245 3496 1301 de
3517 1250 3648 1301 Aero-

2116 1334 2236 1409 poli
2275 1334 2482 1393 Athen.
2523 1352 2586 1409 p.
2621 1351 2740 1409 9⁶79
2787 1350 2944 1405 seqq.
2983 1332 3048 1387 in
3086 1333 3310 1394 Annal.
3339 1333 3512 1406 antiq.
3543 1332 3646 1387 stud

2127 1440 2148 1476 ι
2160 1421 2230 1487 84
2241 1420 2272 1476 5
2281 1466 2294 1479 .
2314 1420 2680 1492 Convivator,
2691 1432 2748 1477 et
2762 1419 2998 1476 fortasse
3009 1419 3370 1493 Polyeuctus
3379 1421 3510 1493 ipse,
3525 1422 3648 1475 iratus

2118 1510 2406 1565 cunctanti
2434 1527 2624 1583 coquo
2649 1508 2775 1565 haee
2803 1508 3008 1564 dixisse
3028 1506 3276 1563 videtur
3301 1507 3456 1583 apud
3489 1510 3650 1563 Henio-

2117 1597 2305 1655 chum.
2329 1618 2354 1647 ν
2377 1598 2426 1651 Ε
2445 1598 2534 1651 Μ.
2557 1596 2820 1653 Ceterum
2838 1614 2897 1653 v.
2929 1614 2952 1651 1
2977 1594 3190 1651 melius
3207 1594 3368 1653 foret
3393 1592 3526 1675 ἑφθὸς
3541 1584 3592 1663 ἦν
3609 1590 3650 1647 ἓν

2119 1684 2188 1758 8.,
2213 1687 2452 1743 alterum
2489 1697 2676 1743 autem
2703 1703 2928 1741 versum
2953 1686 3033 1740 ita
3051 1686 3254 1741 scribo
3291 1706 3304 1740 z

2216 1806 2248 1867 ὁ
2276 1793 2343 1867 δὲ
2375 1800 2715 1893 γαλαθηνὸν
2741 1800 2938 1867 τέθυκ’
2975 1798 3116 1877 ’ίσως
3145 1808 3364 1894 χοῖρον
3380 1794 3582 1866 λαὸών.

2524 1957 2627 2017 lll.
2675 1954 3298 2016 ΠΟΔΥΠΡΑΓΜΩΝ.

2199 2095 2406 2152 Athen.
2435 2094 2496 2165 6,
2525 2113 2588 2169 p.
2622 2113 2730 2166 271
2751 2136 2770 2169 ,
2795 2097 2846 2150 A
2873 2113 2886 2148 :
2917 2089 3042 2150 Ἦν.
3077 2094 3132 2151 ἐν
3165 2090 3592 2170 Πολυπράγμονι,

2219 2205 2361 2301 ὁρῶ
2391 2210 2460 2277 δὲ
2491 2204 2704 2301 (θαῦμ’
2733 2204 3030 2299 ἄπιστον)
3061 2207 3290 2301 ἰχθύων
3331 2209 3468 2300 γένη

2216 2313 2348 2408 περὶ
2373 2318 2486 2390 τὴν
2513 2311 2706 2403 ἄκραν
2731 2309 3057 2398 παίζοντα,
3083 2309 3349 2390 κωὲιοὺς
3369 2364 3388 2398 ,
3421 2312 3644 2401 σπάρους,

2219 2418 2492 2510 ψήττας,
2526 2418 2865 2513 ἐρυθρίνους,
2895 2423 3212 2513 κεστρέας,
3237 2423 3472 2514 πέρκας,
3499 2418 3644 2492 ὅνους,

2218 2527 2446 2605 θύννους
2469 2577 2487 2612 ,
2527 2529 2952 2619 μελανούρους,
2981 2525 3210 2605 σηπίας
3228 2577 3248 2614 ,
3281 2522 3594 2603 αὐλωπίας,

2125 2626 2165 2698 5
2218 2630 2467 2725 τρίγλας
2491 2680 2512 2718 ,
2547 2625 2846 2709 ἑλεδώνας
2866 2681 2886 2718 ,
2915 2630 3260 2725 σκορπίους.

2121 2755 2306 2815 Versu
2365 2777 2390 2814 1
2433 2758 2568 2813 libri
2599 2759 2940 2815 inconcinne
2983 2754 3131 2835 Ὃρῶ
3175 2756 3284 2837 γάρ
3303 2800 3320 2829 ,
3362 2756 3502 2831 quod
3525 2756 3570 2807 in
3601 2750 3638 2805 δὲ

2121 2846 2361 2901 mutavit
2399 2847 2720 2923 Schweigh.
2752 2850 2820 2905 V.
2852 2846 2885 2903 3
2925 2844 3220 2925 ἐρυθρίνους
3269 2846 3490 2903 somam
3523 2840 3639 2895 novit

2122 2935 2452 2991 Aristoteles
2499 2954 2513 2992 τ
2545 2955 2605 2992 v.
2637 2937 2716 2994 Η.
2756 2939 2827 2993 Α.
2860 2934 2921 3011 6,
2963 2954 3052 3005 12,
3099 2954 3155 3005 1,
3199 2955 3338 2992 cum
3378 2928 3636 2990 Schneideti

2121 3033 2314 3078 annot.
2333 3024 2516 3078 Etiam
2534 3027 2736 3080 Athen.
2769 3042 2828 3093 7,
2851 3043 2915 3098 p.
2941 3023 3075 3095 300,
3091 3025 3162 3092 Ε,
3183 3035 3324 3098 etp.
3347 3021 3470 3090 3²7,
3489 3019 3537 3086 Β,
3553 3015 3636 3090 25¹¹·

2123 3111 2294 3188 θρῖνον
2325 3109 2465 3166 dicit
2489 3110 2644 3167 hunc
2669 3113 2917 3186 piscem3
2941 3109 3042 3168 sed
3060 3112 3119 3168 h.
3145 3111 3195 3169 1.
3221 3111 3394 3167 habet
3415 3101 3630 3184 ἐρυθίνῡῑκι

2121 3199 2406 3273 scriptura
2427 3217 2546 3255 non
2563 3201 2738 3275 magis
2755 3199 3046 3274 probabili
3065 3217 3244 3274 quam
3264 3197 3414 3274 apud
3427 3191 3634 3251 Ovidium

2123 3287 2438 3362 fragmento
2464 3286 2828 3344 Halieuticon
2851 3293 2983 3358 ιοΙι,
3013 3286 3114 3342 ubi
3141 3285 3326 3344 codd.
3353 3279 3532 3357 vulgi&

2203 3402 2556 3475 caeruleaque
2578 3401 2786 3458 rubens
2809 3401 3099 3476 erythinus
3125 3401 3189 3456 in
3217 3405 3384 3458 unda.

2127 3513 2287 3572 Idem
2313 3515 2636 3589 appellatur
2663 3513 2888 3594 ἐρυθρός.
2912 3513 3220 3571 Marcellus
3247 3511 3366 3570 Sid.
3402 3507 3497 3565 13:

2205 3622 2295 3681 καὶ
2323 3624 2586 3704 κεστρεῖς,
2614 3621 2817 3706 ἕρυθροί
2843 3645 2936 3695 τε,
2969 3625 3060 3683 καὶ
3087 3626 3304 3684 &xvcim
3326 3617 3600 3700 μελάνουροί·

2125 3739 2194 3794 V.
2229 3735 2262 3792 5
2289 3734 2542 3803 ἑλεδώνας
2561 3780 2579 3811 ,
2611 3740 2692 3794 sic
2720 3740 3049 3796 Aristoteles
3073 3741 3148 3794 H.
3175 3744 3252 3798 A.
3285 3746 3336 3806 4,
3379 3756 3430 3809 1,
3460 3727 3626 3800 15,11l³i

2125 3845 2183 3884 v.
2220 3838 2418 3883 annot.
2443 3827 2758 3900 Hesychius
2781 3845 3013 3901 quoque
3037 3823 3306 3896 Ἑλεδῶνη
3333 3825 3394 3882 :6
3409 3819 3626 3885 πολῦπῡνῑι

2125 3915 2324 3972 Suidas
2350 3911 2602 3986 Ἐλεδόνη
2629 3911 2805 3994 (sic),
2841 3927 2900 3972 et
2929 3917 3042 3971 alio
3085 3915 3225 3972 loco
3254 3907 3528 3978 Ἐλεδῶνιιῑ
3557 3899 3622 3958 ὦ·

2123 4007 2205 4070 θος
2228 4002 2349 4081 (i'v.
2370 4005 2604 4064 Aristot.
2629 4007 2701 4062 Η.
2720 4008 2794 4063 Α.
2813 4005 2871 4075 8,
2889 4003 2949 4074 5,
2973 4005 3030 4076 3,
3047 4017 3157 4062 etc.
3171 4005 3220 4080 ).
3239 4004 3340 4061 nic
3357 4013 3514 4058 tamen
3529 3989 3620 4047 cod·

2125 4094 2175 4147 A
2203 4089 2478 4164 ἐλεδῶναι,
2499 4092 2600 4150 sed
2622 4092 2796 4149 Dind.
2825 4103 2883 4149 et
2909 4091 3079 4151 Mein.
3111 4105 3298 4166 recte,
3323 4101 3383 4147 ut
3405 4103 3506 4144 nos.

2625 4235 2731 4296 lv.
2771 4235 3182 4296 ΤΡΟΧΙΔΟΣ.

2205 4388 2230 4414 ι
2253 4365 2550 4420 Trochilus
2571 4363 2720 4422 servi
2743 4383 2954 4425 nomeu
2979 4365 3229 4424 videtur.
3263 4389 3287 4416 υ
3315 4365 3472 4420 Mem.

2207 4454 2413 4508 Athen.
2437 4471 2509 4528 9,
2539 4473 2600 4528 p.
2634 4451 2771 4526 408,
2803 4456 2852 4509 Α
2875 4473 2890 4508 2
2913 4449 3088 4519 ἔτνους
3111 4452 3168 4512 δὲ
3201 4449 3438 4528 κυαμίνου
3467 4457 3594 4520 tami&

557 4515 589 4574 ὁ
616 4503 678 4575 δ’
708 4507 850 4586 ἴσως
867 4511 1205 4604 γαλαθηνὸν
1221 4515 1423 4582 τέθυκε
1443 4517 1546 4583 τὸν
1565 4525 1769 4610 χοῖρον
1796 4515 2031 4589 λαὸὠν.
2077 4549 2091 4569 ·
2131 4537 2266 4596 νεύει
2294 4537 2419 4599 Ἦν.
2449 4543 2477 4598 ὁ
2499 4538 2727 4615 κωμικὸς
2754 4543 2809 4599 ἐν
2831 4539 3080 4620 Τροχίλῳ
3097 4583 3118 4618 ,
3145 4539 3310 4618 λέγων
3335 4536 3502 4601 οὕτως,

1042 4696 1454 4756 GORGONES.

462 4782 661 4840 Potum
677 4821 694 4850 ,
724 4787 913 4852 potum
936 4781 1165 4841 infunde
1184 4825 1200 4853 ‚
1226 4793 1447 4857 sumpto
1470 4786 1708 4845 cothone

460 4867 716 4940 ignigeno
730 4909 747 4937 ,
777 4866 1031 4926 brevibus
1050 4871 1275 4928 auribus
1300 4871 1539 4930 rotundo
1554 4915 1571 4944 ,
1596 4889 1776 4933 crassa
1796 4891 1891 4934 ora
1907 4918 1922 4945 ,

460 4954 608 5027 gulae
628 4955 911 5014 ministro!

991 5046 1490 5106 POLYEUCTUS.

462 5127 571 5183 Bos
612 5142 797 5186 aeneus
833 5129 1137 5202 perdudum
1162 5141 1351 5190 coctus
1371 5141 1515 5191 esset
1534 5175 1549 5202 ‚
1837 5139 2026 5206 [cavit.

461 5221 515 5268 οι
551 5213 639 5271 ille
674 5215 967 5276 lactentem
1006 5221 1230 5279 fortasse
1260 5231 1541 5296 sumptum
1578 5239 1802 5297 porcum
1826 5227 2026 5284 sacrifi·

2719 4707 3097 4767 cumosus,

2196 4845 2475 4921 Videoque
2497 4848 2848 4914 (miraculum
2871 4849 3220 4918 incredibile)
3240 4848 3450 4923 piscium
3467 4843 3607 4912 geum
3683 4887 3685 4890 ι

2193 4952 2346 4994 oram
2373 4936 2770 4994 circumludere
2786 4979 2802 5006 ,
2831 4937 3120 5010 gobionoe,
3151 4950 3362 5010 sparos,
3683 4895 3685 4967 ⁴

2194 5023 2486 5092 rhombos,
2515 5023 2851 5098 erythrinos,
2887 5023 3118 5098 mugiles
3137 5065 3155 5094 ,
3185 5037 3376 5098 pereas,
3401 5011 3574 5075 aselloe·
3681 5095 3683 5102 Ι

2193 5109 2458 5182 thynnos,
2491 5110 2800 5168 melanuros
2818 5151 2834 5178 ,
2856 5111 3052 5184 sepias,
3081 5107 3330 5185 aulopos,
3681 5119 3683 5138 ³

2196 5197 2424 5260 mullos.
2454 5197 2745 5257 heledouas
2759 5243 2772 5268 ,
2801 5199 3126 5272 scorpiones.
