3809 5850
466 466 572 514 391

603 566 801 655 Οιὺδὲν
816 590 1013 681 λέγεις
1025 586 1166 679 γάρ,
1193 613 1252 653 α.
1273 582 1426 653 An*
1449 590 1567 680 ἐγὼ
1583 598 1780 679 σαφῶς
1799 587 2021 681 φράσω.

587 682 732 761 fiori
766 720 888 777 τις,
921 690 1010 777 ὃς,
1043 690 1122 759 τὰ
1144 693 1250 783 μὲν
1277 692 1422 759 ὄντα
1443 683 1678 779 διδοὺς,
1703 688 1734 723 ’“
1765 697 1871 758 οὐκ
1897 687 2029 759 οἶδε

1741 789 2027 875 δεδωκὼς

603 902 726 971 οἷσι
743 894 1001 989 δέδωκ’,
1015 907 1083 969 οὐ
1130 898 1334 981 ἀὐτὸς
1345 904 1502 999 ἔχων
1523 900 1602 969 ὧν
1617 895 1788 971 οὐδὲν
1809 898 2025 973 ἐδεῖτο.

604 1014 664 1093 β.
716 1002 939 1087 Διδούς
976 1036 1070 1087 τις
1090 1014 1197 1076 οὐκ
1226 1002 1474 1091 ἔδωκεν,
1493 1002 1623 1076 οὐδ’
1645 1013 1802 1104 ἔχων
1822 1012 1952 1105 ἔχει
1978 1036 1996 1098 3

473 1137 556 1181 10
610 1119 717 1180 οὐκ
743 1106 882 1181 οἴδα
905 1118 1132 1181 τούτων
1159 1107 1354 1185 οὐδέν.
1380 1141 1440 1185 α.
1467 1119 1696 1182 Οὐκοῦν
1709 1126 1902 1183 ταῦτα
1928 1118 2029 1183 καὶ

603 1228 634 1287 ὁ
657 1229 862 1315 γρῖφος
888 1224 1119 1317 ἔλεγεν,
1167 1252 1200 1287 α
1226 1214 1359 1289 ὅσα
1373 1222 1484 1317 γὰρ
1516 1218 1701 1308 οἷσθ’,
1730 1227 1837 1290 οὐκ
1855 1220 2029 1292 οἶσθα

1898 1341 2025 1418 νῦν,

591 1421 722 1497 οὐδ’
745 1479 768 1513 ,
803 1434 918 1499 ὅσα
953 1424 1270 1518 δέδωκας,
1301 1425 1432 1500 οὐδ’
1457 1482 1476 1515 ,
1515 1428 1608 1500 ὅσ’
1655 1428 1785 1501 ἀντ’
1827 1438 2025 1502 αὐτῶν

1101 1542 1115 1545 “
1765 1540 1947 1631 ἔχεις.
1987 1566 2021 1601 ³>

599 1642 856 1709 Τοιοῦτο
897 1638 1062 1711 τοῦτ’
1093 1641 1188 1717 ἦν.
1223 1647 1284 1728 β.
1321 1644 1650 1737 Τοιγαροῦν
1677 1644 1847 1737 κάγώ
1893 1672 2027 1713 τινα

601 1750 792 1815 εἰπεῖν
824 1750 970 1845 πρὸς
997 1754 1152 1843 ὑμᾶς
1177 1752 1474 1843 βούλομαι
1509 1757 1734 1845 γρῖφον.
1759 1776 1819 1819 α.
1845 1754 2022 1847 Λέγε.
2098 1820 2113 1833 ,

468 1847 549 1920 15
607 1858 666 1938 β.
702 1854 893 1929 Πίννη
924 1855 1031 1921 καὶ
1066 1857 1278 1951 τρίγλη
1303 1848 2021 1950 ,φωνὰςῖχθύδι’ἔχυντα,

598 1957 784 2027 πόλλ’
815 1961 1088 2029 ἐλάλουν·
1121 1963 1258 2056 περὶ
1301 1960 1382 2029 ὧν
1403 1955 1503 2050 δὲ,
1526 1964 1670 2057 πρὸς
1689 1958 1813 2031 ὅντ’
1836 1966 2023 2051 ᾤοντο

1684 2071 1886 2163 λέγειν
1914 2098 2018 2158 τι,

607 2178 716 2241 οὐκ
747 2174 1022 2242 ἐλάλουν·
1069 2167 1242 2243 οὐδὲν
1273 2172 1307 2208 *
1335 2174 1455 2271 γὰρ
1485 2174 1830 2268 ἐμάνθανεν,
1863 2184 2023 2247 ὥστε

1525 2344 1530 2349 .
1652 2284 1796 2374 πρὸς
1817 2282 1880 2350 ὃν
1914 2288 2023 2376 μὲν

597 2382 672 2457 ἦν
713 2388 916 2463 αὐταῖς
951 2390 986 2451 ὁ
1027 2385 1247 2479 λόγος,
1303 2386 1448 2480 πρὸς
1488 2378 1550 2451 δ’
1588 2386 1771 2464 αὑτὰς
1815 2389 2022 2457 πολλὰ

1721 2496 2021 2573 λαλούσας

598 2592 802 2671 αὐτάς.
837 2589 1185 2689 Ᾱμφοτέρας
1215 2600 1252 2669 η
1291 2597 1585 2690 Δημήτηρ
1615 2596 1933 2693 ἐπιτρίψει.

451 2752 630 2807 Versu
677 2771 702 2807 1
735 2752 869 2808 libri
903 2748 1222 2825 ἕπιὸάλλων,
1251 2774 1310 2813 v.
1350 2755 1384 2812 3
1421 2752 1587 2825 ἄλλην
1627 2776 1684 2813 κ.
1731 2752 1866 2827 ἴσον,
1893 2776 2023 2832 quae

453 2840 817 2897 correximus.
847 2836 972 2897 Boc
991 2842 1229 2917 enigma
1249 2842 1330 2899 ita
1361 2844 1623 2918 explices,
1647 2845 2019 2921 Dalecampio

450 2937 509 2982 et
535 2928 872 2984 Casaubono
889 2931 1359 3006 praetentantibus
1387 2932 1666 3004 :Quidam
1685 2933 2023 2992 libidinosus

449 3016 640 3072 multis
657 3017 902 3092 piscibus
917 3015 934 3096 (
947 3017 1006 3076 h.
1023 3037 1075 3078 e.
1099 3019 1322 3076 seminis
1343 3030 1442 3076 aut
1457 3019 1878 3100 meretricibus)
1901 3035 2019 3080 rete

449 3101 750 3176 injecerat,
807 3123 1130 3182 mag-noque
1166 3119 1395 3184 sumptu
1431 3127 1602 3164 unam
1643 3128 1872 3186 peream
1918 3129 2018 3168 ex·

450 3191 648 3262 traxit,
682 3211 854 3266 qnam
897 3204 1090 3251 tamen
1131 3196 1309 3272 ipsam
1349 3214 1583 3271 quoque
1613 3199 1810 3254 similis
1835 3200 2018 3274 mugil

451 3275 648 3355 (leno)
696 3278 1089 3358 fraudulentus
1127 3284 1180 3339 ei
1225 3284 1519 3343 subduxit.
1565 3288 1635 3343 V.
1687 3293 1720 3354 Ι,
1759 3311 1784 3335 ι
1829 3289 2021 3342 volens

448 3378 636 3422 autem
666 3387 842 3442 perca
861 3375 1110 3444 sequitur
1145 3375 1493 3428 melanurum
1507 3415 1523 3443 ,
1560 3373 1622 3433 h.
1667 3392 1718 3431 e.
1764 3385 2018 3432 scortum

445 3465 848 3517 scortatorem.
875 3459 956 3514 De
971 3459 1284 3533 proverbio
1300 3456 1472 3538 πέρκη
1487 3456 1672 3517 ἕπεται
1691 3458 2017 3540 μελανούρῳ,

447 3561 566 3616 quo
591 3545 850 3601 Erasmus
873 3547 1158 3602 malorum
1187 3548 1486 3605 hominum
1511 3552 1838 3606 societatem
1862 3549 2017 3606 indi-

427 3627 568 3686 'cari
607 3644 809 3706 putat,
855 3653 912 3691 v.
943 3634 1269 3711 Schweigh.
1303 3637 1377 3693 ad
1423 3637 1629 3696 Athen.
1678 3657 1734 3708 7,
1773 3656 1834 3712 p.
1875 3637 2013 3712 319.

448 3717 816 3777 Recentiores
845 3721 1016 3780 codd.
1052 3723 1374 3801 βουλομένῳ.
1414 3749 1438 3774 υ
1472 3725 1522 3778 E
1559 3725 1654 3782 M.
1697 3728 1764 3782 V.
1798 3723 1831 3780 5
1879 3735 1937 3781 et
1981 3726 2017 3779 6

551 3883 770 3942 Nihilne
795 3886 946 3943 enim
969 3885 1139 3944 dicis?
1163 3904 1214 3944 a.
1247 3893 1321 3946 At
1343 3895 1530 3961 aperte
1550 3887 1760 3961 loquar.

558 3973 652 4027 Est
673 3970 898 4044 quidam
919 4015 934 4043 ,
955 3973 1050 4046 qui
1087 3974 1228 4031 datis
1245 4016 1260 4042 ‚
1287 3991 1413 4048 quae
1447 3974 1666 4044 habuit,
1687 3992 1758 4032 ne
1783 3977 1864 4032 sic
1889 3977 2013 4049 qui·

1687 4062 1835 4132 [dem
1861 4061 2015 4119 dedit

555 4149 754 4222 quibus
773 4147 958 4220 dedit,
986 4163 1167 4222 neque
1190 4149 1306 4223 ipse
1339 4149 1578 4219 babens,
1606 4166 1844 4224 quorum
1863 4150 2013 4208 haud

1689 4237 2006 4310 [indigebat.

553 4325 608 4380 b.
639 4328 792 4383 Dans
805 4323 1005 4399 aliquis
1021 4342 1136 4383 non
1159 4324 1342 4392 dedit,
1373 4339 1552 4396 neque
1575 4323 1782 4382 habens
1810 4325 2013 4382 habet?

450 4422 516 4470 10
551 4414 752 4471 horum
777 4413 914 4470 nihil
937 4414 1197 4486 intelligo.
1233 4429 1283 4471 a.
1314 4412 1485 4486 igitur
1502 4412 1606 4470 hoc
1623 4428 1844 4486 quoque

554 4499 768 4558 dicebat
789 4501 1017 4574 griphus
1043 4522 1058 4559 z
1092 4524 1120 4550 a
1151 4503 1294 4558 Nam
1321 4515 1448 4572 quae
1469 4499 1578 4556 scis
1595 4539 1612 4568 ‚
1638 4515 1787 4556 nunc
1809 4500 2009 4569 nescis,

550 4602 726 4659 neque
751 4587 858 4644 scis
879 4602 1004 4660 quae
1022 4585 1240 4644 dederis
1253 4627 1269 4653 ,
1301 4599 1408 4641 nec
1427 4599 1553 4658 quae
1575 4600 1694 4658 prae
1717 4599 1816 4656 pro
1835 4585 1903 4643 iis
1922 4602 2011 4644 ac-

549 4675 672 4730 Hoc
695 4672 833 4730 illud
847 4680 980 4730 erat.
1003 4673 1056 4730 b.
1079 4671 1316 4730 Proinde
1329 4685 1431 4744 ego
1457 4685 1674 4744 quoque
1693 4672 1949 4744 [ceperis.
1978 4693 2007 4721 a·

549 4758 806 4832 griphum
833 4759 986 4816 vobis
1007 4759 1190 4816 dicere
1206 4757 1350 4814 volo.
1380 4771 1432 4814 a.
1454 4760 1728 4830 Loquere.

445 4853 511 4904 15
549 4847 605 4904 b.
631 4847 804 4904 Pinna
827 4855 884 4904 et
901 4846 1134 4915 mullus,
1155 4845 1366 4902 vocales
1393 4844 1668 4917 pisciculi,

551 4933 724 4990 multa
739 4933 1128 5006 loquebantur3
1147 4931 1220 4989 de
1241 4930 1442 5005 quibus
1463 4938 1649 4988 autem
1675 4929 1840 4988 rebus
1863 4938 1919 4990 et
1938 4929 2007 4988 ad

1063 5023 1234 5092 [quos
1253 5017 1416 5074 verbe
1439 5033 1500 5074 se
1521 5017 1701 5076 iacere
1723 5025 1978 5091 putarent
1990 5059 2005 5087 ‚

547 5125 658 5166 non
676 5107 936 5166 dicebant
965 5128 980 5163 τ
1005 5124 1110 5164 nec
1145 5117 1328 5164 tamen
1357 5106 1534 5173 latuit,
1559 5122 1686 5162 cum
1716 5106 1938 5163 nemine

545 5209 638 5251 eas
653 5195 933 5268 colloqui,
953 5194 1050 5252 sed
1069 5195 1210 5251 inter
1229 5211 1288 5250 se
1315 5194 1460 5266 ipsas
1477 5192 1652 5264 multa

548 5282 768 5352 garrire.
804 5281 1012 5339 Ambus
1029 5283 1188 5338 Ceres
1209 5279 1503 5352 disperdet.

1518 454 1790 516 MEmAE
1831 455 2080 517 coMOE
2092 458 2249 519 mAE
2296 459 2711 532 nEmQulAE.

2120 590 2297 649 codd.
2326 610 2497 665 parva
2532 592 2989 664 interpunctione
3016 589 3107 647 οὐκ
3138 621 3217 633 -
3248 590 3431 666 λέγεις·
3474 592 3623 649 οὐδὲν
3646 596 3689 649 λ.

2119 676 2242 757 γάρ.
2270 681 2337 738 V.
2365 697 2403 751 7·
2428 691 2485 735 et
2508 679 2563 737 8.
2592 703 2617 727 α
2652 679 2926 735 Dobraeus
2954 678 3189 737 AdverS.
3224 697 3281 748 α,
3308 699 3371 754 p.
3408 680 3545 745 328,
3582 682 3689 737 haec
3713 712 3715 715 ·

2120 768 2199 822 ita
2253 769 2490 845 intelligi
2539 786 2707 845 posse
2754 770 3072 843 suspicatur
3120 770 3433 825 secundnm
3482 772 3685 845 scalig.

2117 875 2179 931 p.
2214 856 2316 930 62,
2360 856 2465 927 63,
2516 867 2583 912 ut
2606 872 2751 931 puer
2781 855 3013 929 quidam
3065 874 3126 911 se
3164 858 3531 930 prostituerit
3566 862 3688 913 aeni·

2118 956 2373 1019 gmatum
2401 944 2803 1002 discendorum
2830 946 3033 1020 gratia.
3069 968 3097 993 ι
3140 946 3189 999 Ε
3220 946 3306 1004 Μ.
3338 948 3456 1001 Nos
3494 949 3715 1002 scribi-=

2118 1052 2243 1089 mus
2290 1044 2479 1090 antem
2520 1031 2634 1109 οὐχ
2670 1022 2800 1089 ὧδε
2855 1028 3071 1089 δέδωκ’
3116 1020 3243 1089 οὖν·
3286 1052 3421 1089 nam
3466 1034 3563 1091 οὐκ
3590 1024 3715 1091 οἶδε.

2120 1117 2357 1187 δεδωκὼς
2416 1124 2592 1197 paulo
2666 1123 2913 1196 ineptius
2976 1120 3255 1177 abhorret
3314 1138 3349 1176 a
3414 1134 3715 1197 responso·

2119 1208 2305 1289 ᾼιδούς
2363 1231 2440 1275 τις
2490 1209 2585 1267 οὔκ
2631 1208 2841 1271 ἔδωκεν.
2880 1208 3011 1267 Οὐδ’
3054 1240 3135 1251 -
3176 1206 3377 1283 ἐδεῖτο,
3442 1208 3504 1265 h.
3574 1227 3627 1265 e.
3674 1226 3715 1265 :-

2118 1317 2301 1373 neque
2351 1300 2681 1375 cognitione
2740 1298 2927 1354 inutili
2978 1298 3320 1373 griphorurn
3386 1300 3715 1371 acquisita.-

2120 1391 2188 1444 V.
2226 1387 2295 1445 15
2339 1388 2680 1445 inconcinne
2726 1388 2935 1463 legitur
2968 1384 3221 1468 ἔχουσαι.
3266 1386 3592 1462 Schweigh.
3638 1400 3715 1449 etr

2122 1478 2293 1535 Mein.
2318 1475 2437 1553 ἰχθῦ
2454 1472 2535 1533 δύ’
2569 1473 2807 1553 ἔχουσαι.
2837 1478 2906 1533 V.
2939 1472 3157 1552 ι7πρὸς
3179 1470 3237 1531 ὃν
3264 1471 3683 1551 μὲνΒοῦηιιιες
3713 1512 3715 1533 i

2120 1564 2250 1620 libri
2277 1560 2507 1641 προσσόν
2532 1562 2596 1634 τ’,
2618 1561 2746 1641 πρὸς
2772 1559 2841 1620 ὅν-
2858 1562 2907 1620 τ’
2929 1574 2989 1620 et
3014 1564 3292 1620 similiter.
3332 1563 3464 1639 Ego
3502 1567 3683 1621 scribo
3713 1584 3715 1605 ¹

2216 1674 2324 1737 οὐκ
2360 1668 2636 1736 ἐλάλουν·
2686 1663 2858 1735 οὐδὲν
2886 1663 2949 1735 δ’
2992 1663 3065 1733 ἃν
3098 1667 3462 1755 ἐλάνθανεν,
3504 1675 3582 1746 ὥς
3620 1697 3683 1763 γε

3002 1852 3011 1859 ι
3298 1776 3451 1867 πρὸς
3480 1770 3677 1843 οὐδέν’.

2116 1907 2179 1961 V.
2221 1922 2291 1978 19
2332 1903 2465 1958 libri
2508 1900 2808 1981 ἐπιτρέψει,
2844 1920 2970 1977 quae
3014 1912 3171 1960 necte
3222 1903 3676 1981 intel-pungenda
3713 1968 3715 1975 =

2114 2003 2297 2051 erant.
2328 1991 2569 2049 Casaub.
2596 1988 2877 2068 ἐπιτρίψει.

2538 2102 2803 2164 cxvm.
2850 2101 3263 2163 nPoroNol.

2194 2220 2402 2279 Athen.
2431 2218 2493 2293 6,
2520 2238 2583 2295 p.
2618 2218 2757 2291 238,
2790 2220 2868 2291 D,
2903 2228 3205 2296 poetarum
3244 2216 3497 2279 afferens
3534 2222 3675 2279 testi-

2112 2312 2308 2369 monia
2332 2310 2404 2367 de
2422 2310 2685 2406 parasitis
2711 2329 2727 2365 t
2758 2306 2897 2368 Ἄντ.
2924 2306 2974 2364 δ’
2996 2309 3049 2365 ἐν
3074 2306 3382 2387 Προγόνοις,

2302 2466 2402 2477 -
2428 2430 2552 2495 Τὸν
2577 2428 2794 2521 τρόπον
2816 2428 2924 2520 μὲν
2951 2423 3126 2495 οἶσθά
3155 2452 3299 2519 μου,

2258 2536 2356 2603 ὅτι
2383 2546 2563 2627 τῦφος
2594 2540 2704 2601 οὐκ
2723 2536 2976 2621 ἔνεστιν,
3011 2531 3177 2601 ἀλλὰ
3204 2542 3333 2612 τοῖς
3362 2534 3565 2626 φίλοις

2256 2640 2525 2720 τοιοῦτός
2554 2642 2682 2734 εἰμι
2704 2633 2867 2715 δῆτα
2886 2691 2905 2726 ,
2929 2641 3258 2707 τύπτεσθαι
3291 2634 3544 2735 μύδρος,
3713 2726 3715 2733 Ι

2256 2751 2504 2817 τύπτειν
2532 2748 2829 2842 κεραυνὸς,
2862 2748 3189 2839 ἐκτυφλοῦν
3217 2742 3339 2813 τιν’
3372 2748 3671 2841 ἀστραπὴ,

2166 2850 2207 2923 5
2259 2850 2797 2950 φέρειντιν’ἄραντ’
2820 2850 3415 2946 ἄνεμος,ἆποπνῖξαι
3440 2856 3671 2950 βρόχος,
3713 2900 3715 2930 :

2256 2961 2425 3056 Θύρας
2448 2963 2765 3054 μοχλεύειν
2780 2960 3051 3052 σεισμὸς,
3072 2951 3371 3033 εἰσπηδᾶν
3388 2962 3584 3054 ἀκρὶς,
3713 2955 3715 2962 ’

2170 3056 2175 3060 .
2258 3061 2524 3136 δειπνεῖν
2554 3065 2816 3146 ἄκλητος
2838 3075 3011 3160 μυῖα,
3046 3071 3128 3159 μὴ
3156 3063 3455 3146 ’ξαντλεῖν
3476 3071 3667 3162 φρέαρ,

2257 3169 2505 3268 ἄγχειν,
2537 3174 2825 3266 φονεύειν,
2860 3180 3194 3266 μαρτυρεῖν,
3230 3168 3325 3240 ὅσ’
3360 3167 3437 3238 ἂν
3476 3173 3639 3266 μόνον
3713 3245 3715 3248 ,

2254 3284 2409 3374 τύχη
2439 3307 2533 3359 τις
2571 3281 2781 3368 εἰπὼν,
2802 3276 2974 3349 ταῦτ’
2995 3281 3430 3373 ἀπροσκέπτως
3450 3291 3635 3348 ποιεῖν

2122 3410 2146 3455 1
2160 3409 2209 3455 o
2257 3388 2517 3455 ἅπαντα·
2560 3387 2663 3453 καὶ
2700 3385 2951 3454 καλοῦσί
2983 3382 3049 3478 μ’
3086 3388 3147 3453 οἱ
3184 3389 3465 3480 νεώτεροι

2256 3485 2365 3560 διὰ
2394 3503 2587 3561 ταῦτα
2616 3494 3091 3561 wamma-mv·
3113 3488 3259 3560 ἀλλ’
3292 3485 3477 3560 οὐδὲν
3511 3497 3659 3584 μέλει
3713 3557 3715 3574 ,

2253 3607 2375 3668 τῶν
2392 3597 2776 3692 σκωμμάτων
2787 3617 2913 3694 μοι·
2926 3607 3051 3667 τῶν
3063 3596 3254 3692 φῦιων
3264 3599 3378 3693 γὰρ
3390 3599 3474 3664 ὢν
3482 3599 3655 3692 φίλος,

2254 3708 2480 3801 ἔργοισι
2517 3706 2773 3800 χρηστὸς
2798 3755 2818 3792 ,
2850 3710 2918 3772 οὐ
2949 3705 3157 3800 λόγοις
3185 3707 3327 3798 ἔφυν
3366 3707 3558 3798 μόνον.

2721 3888 3071 3945 PRlVIGNl.
3713 3899 3715 3964 χ

2290 4005 2360 4017 -
2380 3979 2594 4032 Morem
2616 3973 2840 4048 quidem
2865 3974 3066 4030 novisti
3096 3987 3283 4030 meum
3302 4015 3321 4042 ‚
3360 4001 3367 4007 ·

2212 4060 2521 4134 superbiam
2548 4076 2661 4117 non
2686 4061 2863 4118 inesse
2881 4103 2897 4128 ‚
2926 4059 3025 4117 sed
3042 4059 3237 4116 amicis
3265 4073 3369 4132 ego

2214 4148 2337 4205 talis
2364 4162 2487 4204 sum
2522 4165 2533 4202 :
2565 4145 2777 4203 ferienti
2804 4145 3047 4203 candens
3072 4145 3277 4202 ferrum
3296 4187 3313 4212 ,
3428 4143 3675 4217 [fulgur.
3713 4203 3715 4210 ,

2212 4237 2279 4292 ad
2319 4234 2627 4293 feriendum
2656 4235 2889 4302 fulmen,
2928 4233 3002 4292 ad
3026 4232 3418 4291 excaecandum
3438 4233 3649 4304 aliquem

2138 4328 2173 4379 5
2208 4321 2277 4380 ad
2290 4321 2661 4379 extollendum
2682 4329 2899 4388 ventus,
2913 4318 2983 4380 ad
3006 4318 3396 4378 suffocandum
3418 4320 3645 4392 laqueus,
3713 4313 3715 4376 ζ

2210 4407 2281 4466 nd
2310 4415 2493 4482 portas
2522 4406 2867 4466 subruendus
2896 4415 3056 4466 terrae
3082 4415 3299 4474 motus,
3338 4406 3408 4463 sd
3431 4405 3648 4463 insilien-

3260 4493 3429 4563 [dum
3448 4490 3647 4555 cicada,
3713 4539 3715 4544 .

2213 4583 2485 4658 prandens
2509 4598 2627 4642 non
2646 4584 2906 4642 invitatus
2924 4598 3117 4641 musca
3134 4625 3153 4652 ‚
3188 4599 3307 4641 non
3350 4580 3649 4638 exhaurien-
3713 4571 3715 4634 Ξ

3296 4666 3431 4737 [dus
3452 4675 3645 4740 putem,
3712 4651 3715 4730 ἱ

2210 4755 2281 4813 ad
2320 4753 2723 4825 cruciandum,
2768 4753 3210 4814 interficiendum
3230 4795 3253 4824 ,
3296 4755 3646 4812 testinnonium
3712 4773 3715 4816 1

2232 4909 2235 4914 ,
3308 4837 3646 4910 mittendum,
3713 4839 3715 4864 ³

2210 4927 2476 5004 quidquid
2502 4928 2729 5001 jusseris
2746 4969 2763 4998 ‚
2800 4928 2924 4985 sine
2960 4926 3309 5002 inquisitione
3343 4926 3457 4984 hacc
3486 4924 3646 4982 faeere
3713 4923 3715 5004 j

2108 5025 2174 5075 10
2210 5025 2409 5075 cuncta
2434 5023 2686 5089 paratum
2716 5024 3108 5090 proptereaque
3133 5030 3227 5072 me
3248 5021 3441 5072 vocant
3713 5009 3715 5036 ³

2200 5105 2428 5179 juvenes
2446 5103 2851 5160 omnituentum
2877 5121 2894 5157 ι
2930 5099 3029 5158 sed
3059 5117 3173 5158 non
3198 5117 3332 5158 curo

2210 5190 2523 5256 irrisiones;
2550 5188 2853 5244 amicorem
2876 5187 3025 5244 enim
3050 5187 3260 5244 amicus
3270 5229 3293 5258 ,

2210 5275 2367 5334 factis
2392 5273 2647 5348 prodesse
2674 5316 2689 5343 ‚
2728 5290 2837 5330 non
2868 5274 3064 5340 verbis,
3090 5273 3250 5330 unice
3274 5271 3476 5330 studeo.
