3809 5850
491 311 608 362 ⁶80

634 437 837 532 ἔλεγον
859 460 872 475 ·
910 439 1166 505 ἔκυπτον
1195 437 1248 504 οἱ
1279 425 1558 526 παρόντες
1589 433 1865 532 ἁποὸολῇ
1893 463 1907 478 ·

635 543 841 610 ἔθυσαν
875 547 1094 637 ἕτερον·
1133 555 1241 611 τοῦ
1271 537 1340 610 δὲ
1373 536 1646 635 δευτέρου
1680 543 1838 628 πάνυ

631 653 741 723 τὴν
771 641 1026 742 καρδίαν
1055 641 1216 716 εἶδόν
1239 676 1304 716 σε
1334 645 1724 716 καταπίνοντ’
1773 651 1912 742 ἐγώ.

493 751 585 822 30
639 756 850 822 Πάλαι
903 759 1089 846 μέγας
1153 751 1204 822 εἷ
1225 806 1243 839 ,
1287 755 1607 850 γίγνωσκε·
1667 765 1774 821 τοῦ
1821 751 1934 847 γὰρ
1978 759 2061 846 μὴ

1852 867 2061 950 χανεῖν

637 969 818 1032 λύκον
859 959 1140 1042 διακενῆς
1171 969 1239 1032 σὺ
1271 967 1441 1058 μόνος
1465 972 1712 1057 εὕρηκας
1743 969 1983 1054 τέχνην.

635 1063 874 1162 Χορδῆς
905 1067 1248 1149 ὀὸελίσκους
1269 1121 1288 1155 ,
1319 1075 1543 1164 ἡμέρας
1571 1067 1960 1163 ζητουμένους
1983 1122 2000 1153 ,

633 1169 728 1244 δύ’
767 1179 933 1271 ἐχθὲς
970 1179 1166 1269 ὠμοὺς
1197 1179 1280 1254 εἰς
1311 1178 1382 1245 τὸ
1411 1189 1524 1270 πῦρ
1555 1174 1583 1202 *
1606 1173 1969 1260 ἀπέσὸεσας,

635 1282 737 1350 καὶ
767 1284 908 1373 πρὸς
954 1285 1028 1348 τὸ
1066 1275 1345 1377 δίχορδον
1378 1279 1728 1375 ἐτερέτιζες·
1759 1283 2057 1375 ᾐσθόμην·

487 1382 578 1454 35
633 1391 820 1456 ἐκεῖνο
850 1381 1033 1480 δρᾶμ’
1069 1387 1158 1470 ἦν,
1193 1399 1370 1457 τοῦτο
1403 1381 1462 1454 δ’
1496 1387 1624 1454 ἐστὶ
1649 1388 1947 1482 παίγνιον.

485 1524 660 1582 Versu
692 1523 724 1580 5
765 1523 892 1580 libri
917 1528 1172 1584 nonnulli
1201 1521 1397 1603 Ἄργις.
1431 1525 1576 1586 God.
1622 1528 1672 1584 B
1696 1522 1964 1602 ὧπτακεν,
2002 1541 2057 1583 et

487 1611 687 1668 maluit
717 1613 959 1672 Meinek.
990 1611 1145 1671 ὤπτα
1187 1613 1318 1694 μίνς
1345 1634 1452 1690 ego
1486 1625 1673 1672 autem
1703 1611 1919 1683 ὤπτηκε
1950 1614 2054 1686 μό-

485 1719 589 1762 νος
618 1696 810 1777 ῑχθὺν
854 1699 1043 1776 ἄκρως.
1090 1706 1153 1759 V.
1195 1723 1226 1774 7
1261 1706 1400 1781 θρῖον
1440 1703 1706 1771 Casaub.;
1749 1703 1882 1758 libri
1921 1699 2058 1778 ὅριον

481 1783 569 1839 vel
602 1806 759 1863 οριον.
797 1789 882 1844 De
910 1791 1092 1846 Nereo
1121 1808 1312 1866 coquo
1340 1790 1453 1846 vid.
1493 1793 1698 1846 Athen.
1735 1809 1794 1864 7,
1822 1808 1883 1865 p.
1920 1789 2056 1864 295,

484 1875 552 1942 C,
581 1885 640 1930 et
665 1877 910 1936 Meinek.
931 1879 1078 1936 nist.
1099 1880 1226 1936 crit.
1248 1880 1411 1937 Com.
1427 1898 1487 1954 p.
1511 1875 1625 1949 372
1647 1900 1663 1948 ;
1690 1879 1761 1936 de
1776 1879 2060 1935 Chae-iude

483 1981 670 2037 coquo
695 1966 1048 2040 Sosipatrum
1077 1968 1272 2046 Καταψ
1329 1986 1380 2022 v.
1414 1987 1435 2022 ι
1451 1987 1476 2044 ι
1493 2013 1504 2024 .
1535 1969 1682 2024 Deos
1717 1986 1920 2041 congro
1948 1957 2055 2022 ve·—

479 2063 692 2107 scentes
731 2053 904 2110 habes
939 2057 1108 2112 etiam
1149 2073 1244 2130 ap.
1289 2055 1680 2113 Philemonem
1723 2055 1925 2132 Στρατ.
1960 2073 2053 2112 22.

481 2141 716 2196 Versum
749 2162 780 2212 7
825 2145 882 2198 in
911 2144 1071 2202 libris
1121 2146 1334 2218 excipit
1370 2163 1565 2200 versus
1595 2163 1686 2200 10.
1727 2143 2058 2218 Transposi-

482 2228 636 2284 tione
667 2227 855 2285 locum
907 2234 1118 2288 sanavi.
1151 2236 1328 2288 Versu
1354 2251 1392 2306 9
1435 2235 1586 2288 enim
1615 2233 1750 2288 libri
1780 2230 1885 2288 ἀπὸ
1929 2253 1977 2288 σ.
2003 2252 2053 2287 σ.

482 2315 709 2390 ἀρίστων
744 2315 958 2394 πόρους,
991 2343 1016 2368 ιι
1051 2321 1092 2372 i.
1125 2338 1178 2377 e.
1209 2321 1428 2395 (inquit
1451 2319 2054 2396 Mein.)prandiorum

482 2414 752 2476 sumptus,
771 2408 1092 2463 accusativo
1115 2425 1147 2462 a
1168 2404 1474 2483 συνάγουσιν
1505 2407 1808 2482 pendente.
1831 2408 2057 2464 Excidit

481 2509 690 2566 versus,
729 2494 784 2548 in
819 2513 937 2567 quo
965 2505 1022 2550 et
1047 2513 1260 2550 nomen
1291 2497 1464 2569 coqui
1492 2506 1548 2551 et
1575 2495 1736 2552 cibus
1775 2496 1848 2551 ab
1876 2513 1947 2552 eo
1972 2487 2056 2550 in-

479 2589 702 2646 ventus,
728 2582 966 2653 denique
995 2581 1237 2637 verbum
1265 2581 1501 2656 aliquod
1530 2583 1844 2658 legebatur,
1877 2601 1911 2637 a
1932 2601 2052 2657 quo

481 2669 788 2723 accusativi
815 2669 1068 2742 suspensi
1097 2680 1279 2743 erant,
1307 2671 1462 2727 velut
1481 2657 1645 2745 εὗρεν,
1661 2665 1866 2740 ἔδειξεν,
1896 2680 2007 2726 etc.
2031 2696 2053 2718 ι

485 2757 583 2812 His
601 2757 865 2812 omnibus
887 2757 1270 2816 incommodis
1287 2758 1754 2833 simplicissimam
1771 2757 2053 2815 medelam

479 2845 663 2902 attuli.
691 2847 755 2902 V.
791 2863 860 2900 ιο
881 2845 1077 2902 addidi
1101 2867 1178 2902 τε.
1209 2872 1232 2896 ι
1251 2849 1280 2902 J
1288 2866 1352 2902 us
1367 2831 1598 2922 nigrum
1615 2865 1735 2902 non
1752 2847 2055 2923 proprium

481 2919 953 3005 Lacedaemoniis,
1005 2933 1105 2989 sed
1143 2935 1314 2989 etiam
1353 2934 1795 2991 Atheniensibus
1839 2936 1898 2989 in
1944 2953 2049 2991 usu

479 3020 586 3075 fuit
614 3039 624 3072 :
655 3041 711 3075 v.
739 3021 946 3079 Athen.
977 3020 1034 3089 3,
1055 3041 1112 3096 p.
1141 3029 1271 3093 124,
1299 3026 1361 3079 Α.
1395 3048 1418 3072 n
1461 3022 1852 3095 ESclaeweIgh.
1884 3026 1949 3079 V.
1977 3042 2053 3079 20

480 3106 613 3161 libri
643 3110 988 3185 tautologice
1025 3106 1235 3169 λεπτόν.
1291 3110 1352 3167 V.
1394 3130 1462 3166 2ι
1515 3112 1595 3166 sic
1623 3096 1888 3180 Porson.;
1922 3111 2054 3165 libri

477 3195 593 3255 τότε
621 3197 794 3276 λευκῷ
824 3198 992 3275 κρεῶν
1031 3198 1124 3255 vel
1152 3196 1496 3275 λευκοκρέων.
1550 3201 1614 3255 V.
1644 3196 1718 3254 23
1755 3195 2050 3271 σκοπουμέ-

477 3305 578 3339 νων
593 3286 851 3356 Casaub.;
871 3288 1005 3343 libri
1023 3285 1518 3361 κοπούμενον,υιιιιε
1533 3290 1582 3343 L
1599 3307 1786 3357 σκοπ.,
1801 3296 1931 3347 etv.
1952 3288 2049 3359 25,

479 3372 757 3429 Dobraeus
782 3370 859 3429 τὼ
882 3371 1054 3450 νεφρὼ
1081 3392 1190 3448 pro
1211 3372 1298 3430 τὸν
1327 3372 1528 3453 νεφρὸν,
1564 3375 1698 3430 item
1741 3393 1799 3432 v.
1831 3374 1925 3443 26,
1950 3374 2051 3431 ubi

479 3462 794 3536 Schweigh.
828 3464 1075 3518 correxit
1110 3462 1392 3519 librorum
1425 3450 1554 3539 εἶχε.
1585 3465 1704 3538 Ego
1733 3481 1870 3520 vero
1897 3464 2051 3519 hunc

478 3550 668 3604 locum
697 3550 778 3604 sic
799 3547 1258 3605 constituendum
1279 3568 1396 3607 esse
1423 3562 1568 3627 puto
1597 3572 1609 3604 ε

575 3682 646 3748 τὸ
673 3679 785 3775 γὰρ
803 3680 963 3776 ἧπαρ
996 3686 1179 3749 αὐτοῦ
1197 3732 1216 3766 ,
1249 3682 1548 3761 πολλάκις
1577 3684 2001 3775 σκοπουμένου,

574 3786 769 3864 καθεὶς
791 3788 958 3854 κάτω
990 3792 1100 3861 τὴν
1120 3794 1294 3881 χεῖρα
1324 3792 1434 3863 τὴν
1463 3788 1630 3881 μίαν,
1663 3784 1868 3855 λαὲὼν

574 3890 813 3985 ἔρριψας
845 3891 926 3969 εἰς
943 3894 1050 3959 τὸν
1082 3892 1312 3959 λάκκον
1345 3893 1575 3984 ἰταμῶς
1605 3904 1694 3979 τῷ
1722 3904 1913 3985 νεφρῷ
1931 3943 1948 3978 ,

581 4002 772 4065 πολύν
811 3996 929 4092 (τ’)
976 4000 1262 4078 ἐποίησας
1303 3995 1558 4091 θόρυὸον.
1595 4032 1618 4056 ιι
1647 3990 1817 4067 Οὐδὲ
1849 4000 2051 4090 νεφρὸν

1840 4106 1989 4195 ἔχει.
2024 4136 2049 4161 υ

483 4260 638 4314 Ferri
674 4276 792 4335 non
817 4268 1004 4330 potest
1031 4255 1221 4313 λαθών.
1254 4259 1320 4312 In
1361 4257 1437 4334 τῷ
1458 4256 1626 4334 νεφρῷ
1655 4259 1858 4321 usitate
1881 4258 2048 4314 intel·

1525 303 1763 362 NovAE
1785 303 2214 392 „COMOEDIAE
2260 301 2645 380 RELIQUIAE

2148 439 2345 512 ligitur
2369 437 2487 497 σύν.
2508 443 2575 496 V.
2612 440 2686 494 26
2703 436 2841 509 οὐδὲ,
2872 458 2945 494 ne
2964 443 3183 514 quidem.
3202 443 3425 500 Mirantur
3440 445 3569 501 homi·

2152 546 2249 582 nes
2266 567 2283 593 ,
2308 537 2514 602 praeter
2544 527 2709 599 jecur
2732 529 2905 584 etiam
2932 547 3081 586 renes
3109 532 3314 586 victima
3342 532 3499 588 deesse.
3522 539 3567 590 V.

2153 613 2227 670 28
2253 633 2369 692 vox
2394 615 2533 671 πάνυ
2574 617 2823 690 pertinet
2860 617 2935 672 ad
2973 615 3308 692 καταπίνοντα,
3328 619 3571 690 trajectione

2152 720 2271 757 non
2316 703 2656 778 inelegante.
2714 707 2946 760 Frustra
3005 706 3269 780 Tyrwhitt.
3322 709 3379 763 ad
3429 711 3571 782 Toupii

2153 789 2389 848 Emend:
2429 808 2493 866 p.
2540 791 2679 860 428,
2702 789 2883 852 πάλιν.
2916 793 3254 849 Scribendum
3276 806 3429 849 autem
3446 797 3514 849 τοῦ
3538 793 3573 849 δὲ

2148 874 2221 933 τὸ
2250 875 2561 955 δεύτερον
2608 879 2769 939 πάνυ.
2816 884 2877 938 V.
2912 879 2982 935 30
3032 903 3053 930 ι
3086 881 3151 937 de
3190 882 3447 954 proverbio
3472 877 3576 943 λύκος

2148 961 2318 1042 χαίνει
2338 965 2412 1023 cf.
2448 966 2657 1022 Eubuli
2690 971 2836 1044 Aug.
2864 986 3006 1025 vers.
3038 987 3094 1023 11
3114 1009 3129 1036 ‚
3159 968 3383 1025 Leutsch.
3404 968 3463 1023 ad
3478 969 3574 1023 Dio·

2148 1071 2279 1127 gen.
2311 1054 2373 1125 6,
2406 1072 2503 1109 20.
2538 1053 2714 1110 Ludit
2738 1057 2797 1110 in
2816 1054 3059 1112 'nomine
3084 1057 3255 1129 coqui.
3284 1053 3577 1122 Aristaenetus,

2150 1141 2421 1196 laudante
2454 1141 2665 1211 Corae,
2702 1141 2857 1206 λύκος
2898 1131 2984 1200 οὗν
3012 1139 3191 1220 χανὼν,
3217 1129 3256 1200 ἶ)
3282 1140 3453 1216 Λύκων,
3480 1139 3579 1196 ἄπιθι

2152 1229 2413 1298 διακενῆς.
2430 1256 2453 1279 ι·
2478 1232 2529 1284 Ε
2544 1233 2631 1285 Μ.
2647 1234 2713 1288 V.
2736 1231 2809 1286 32
2831 1241 2887 1287 et
2909 1231 2980 1288 33
2992 1233 3068 1288 sic
3086 1231 3228 1300 libri,
3247 1231 3337 1286 nisi
3352 1229 3477 1303 quod
3490 1224 3577 1284 PLV

2154 1317 2301 1392 ἰχθῦς
2323 1336 2427 1392 pro
2453 1315 2617 1395 ἐχθές,
2646 1329 2705 1374 et
2732 1338 2934 1374 omues
2951 1317 3247 1388 ἀποσὸἑσας,
3267 1317 3403 1392 quod
3415 1316 3582 1372 mutavit

2153 1405 2389 1464 Casaub.
2421 1405 2540 1480 Ego
2560 1407 2753 1462 scribo

2244 1509 2483 1610 χορδῶν
2518 1514 2896 1606 ὀδελίσκους,
2930 1523 3143 1612 ἡμέραν
3164 1513 3507 1608 ζητουμένους,

2248 1617 2354 1692 δύο
2385 1625 2525 1714 χθὲς
2554 1630 2733 1717 ὠμῶν
2764 1623 2847 1702 εἰς
2872 1627 2944 1692 τὸ
2975 1637 3085 1718 πῦρ
3115 1625 3443 1697 ἀπέσπασας.
3674 1717 3676 1724 ¹

2148 1763 2219 1819 V.
2247 1761 2321 1826 34
2352 1759 2479 1838 πρὸς
2508 1763 2721 1818 omittit
2748 1763 2879 1820 cod.
2912 1765 2975 1831 B,
3005 1761 3149 1818 unde
3174 1759 3454 1818 Friuschius
3474 1751 3589 1812 κατὰ
3674 1821 3676 1838 .

2147 1847 2207 1906 τὸ
2240 1846 2367 1925 δίχ.,
2394 1868 2515 1904 non
2534 1849 2897 1924 improbante
2924 1849 3213 1906 Meinekio.
3245 1852 3392 1904 Versu
3424 1843 3481 1900 35
3500 1842 3593 1898 libii
3675 1857 3676 1876 ³

2147 1939 2342 2016 δρᾶμα,
2360 1941 2537 2009 τοῦτο,
2563 1940 2721 2012 quod
2741 1959 2863 1996 uon
2890 1939 3112 1997 sufficit.

2714 2085 2785 2144 ll.
2835 2087 3135 2146 ΑΙΣΧΡΑ.

2232 2250 2257 2275 α
2292 2227 2548 2283 Fortasse
2602 2225 2969 2282 scribendum
3030 2235 3111 2280 est
3160 2217 3405 2297 Αἵσχρα,
3448 2230 3597 2271 nomen
3675 2287 3676 2290 Ἴ

2146 2314 2451 2384 muliebre,
2484 2333 2541 2374 v.
2568 2332 2619 2371 c.
2649 2313 2803 2388 apud
2828 2313 3049 2374 Gallim.
3090 2312 3253 2386 epigr.
3284 2308 3345 2364 53
3402 2311 3597 2361 Anaxan-
3674 2347 3676 2350 .

2146 2401 2326 2459 dridis
2352 2412 2474 2459 erat
2502 2401 2691 2458 fabula
2730 2401 3106 2478 cog-nominis.
3136 2422 3163 2448 ιι
3192 2398 3239 2453 E
3256 2397 3330 2451 M.

2226 2491 2431 2549 Athen.
2484 2490 2546 2561 8,
2588 2509 2651 2566 p.
2698 2491 2838 2561 307,
2883 2493 2973 2548 E:
3024 2486 3102 2546 ὅτι
3128 2484 3180 2544 δὲ
3203 2472 3319 2550 εἶδος
3350 2473 3600 2555 :emptu-10³
3674 2523 3676 2532 .

2146 2577 2351 2650 νήστεις
2478 2579 2547 2637 E.
2580 2578 2822 2656 Αἰσχρᾷ,

2242 2686 2454 2770 Μίδας
2478 2685 2547 2760 δὲ
2575 2692 2851 2787 κεστρεὺς
2884 2691 3016 2760 ἐστί
3029 2718 3044 2734 ·
3066 2701 3258 2766 νῆστις
3278 2685 3557 2777 περιπατεῖ.

2600 2847 2701 2906 111.
2738 2845 3249 2908 ἈΠΟΔΙΔΟΥΣΑ.

2224 2988 2543 3047 Heracleon
2564 2986 2727 3062 apud
2754 2986 2967 3047 Athen.
3000 3006 3025 3043 1
3040 3007 3088 3058 1,
3107 3006 3165 3063 p.
3194 2982 3317 3055 503,
3332 2978 3376 3039 A
3403 2998 3415 3031 ι
3441 2972 3485 3031 ὃν
3501 2970 3611 3045 find<

2142 3072 2316 3153 ψυχέα
2361 3075 2647 3149 καλοῦμεν,
2694 3072 2996 3153 ψυκτηρίαν
3039 3070 3169 3134 τινὲς
3208 3065 3492 3143 ὄνομάζωσι·
3524 3053 3611 3117 τοὺς

2144 3162 2188 3219 δ’
2218 3160 2484 3227 Ἀττικοὺς
2509 3160 2600 3220 καὶ
2628 3162 2907 3241 κωμῳδεῖν
2934 3161 3027 3222 τὸν
3054 3160 3241 3241 ψυχέα,
3264 3160 3328 3223 ὣς
3350 3147 3507 3221 ξενικὸν
3527 3146 3611 3203 ὄνο·

2144 3273 2241 3327 μα.
2272 3246 2495 3329 Εὔφρων
2524 3248 2893 3329 Ἀποδιδούσῃ,

2244 3397 2307 3437 α.
2342 3367 2513 3437 Eri-&v
2546 3364 2615 3437 δὲ
2637 3374 2863 3463 καλέσῃ
2900 3369 3099 3464 ψυχέα
3114 3370 3211 3437 τὸν
3236 3360 3533 3456 ψυκτηρίαν,

2237 3477 2309 3544 τὸ
2354 3475 2626 3543 τευτλίον
2654 3469 2727 3543 δὲ
2756 3484 2987 3545 σεῦτλα
3004 3528 3025 3561 ,
3052 3477 3263 3567 φακέαν
3286 3474 3383 3544 τὴν
3406 3470 3582 3555 φακῆν,

2237 3581 2301 3649 τί
2332 3576 2640 3649 δεῒποιεῒν
2658 3608 2677 3668 ;
2698 3584 2769 3650 σὺ
2792 3580 2911 3679 γὰρ
2934 3583 3120 3651 εἶπόν.
3148 3585 3207 3666 β.
3228 3570 3403 3665 ὤσπερ
3414 3562 3615 3663 χρυσίω,
3675 3640 3676 3643 ,

2240 3699 2431 3779 φωνῆς
2459 3689 2792 3771 ἀποτίσων,
2827 3689 3163 3783 Πυργόθεμι
3180 3736 3198 3772 ,
3226 3674 3574 3767 καταλλαγήν.

2141 3817 2525 3873 Probabiliter
2550 3818 2723 3873 Mein.
2768 3812 3001 3895 Εὔφρων
3044 3834 3153 3891 pro
3203 3804 3463 3888 Εὐφορίων,
3508 3790 3620 3870 quod

2139 3904 2353 3960 habent
2372 3904 2527 3960 libri.
2553 3907 2733 3961 Versu
2767 3922 2790 3958 1
2834 3901 2930 3960 τὸν
2954 3922 3066 3979 pro
3095 3897 3188 3971 τὴν
3216 3893 3450 3961 casaub„
3473 3904 3527 3943 Εἰ
3546 3884 3621 3982 ξἰῡζ
3674 3908 3676 3917 ³

2138 3992 2341 4048 stathio
2370 4010 2432 4066 p.
2473 3990 2648 4060 1632,
2704 3990 2795 4048 13.
2831 3994 2902 4049 V.
2939 4011 2974 4047 2
3006 3993 3087 4047 sic
3129 3974 3623 4073 Schweighslibrffw
3675 4014 3676 4039 ι

2140 4077 2375 4137 σευτλίον
2421 4076 2477 4137 δὲ
2527 4078 2745 4138 τεῦτλα.
2800 4080 3057 4138 Meinck.
3111 4072 3299 4157 φακέαν
3334 4086 3433 4147 pro
3454 4074 3619 4157 *qm-1⁸3
3675 4100 3676 4105 =

2140 4188 2319 4243 quum
2340 4169 2674 4225 inusitatum
2708 4170 2781 4223 sit
2808 4166 3027 4247 φακούς.
3073 4194 3097 4218 «ι
3126 4168 3255 4241 Ipso
3278 4156 3430 4241 φακέα
3454 4160 3621 4247 ςωῐῑξω
3675 4228 3676 4235 ¹

2144 4258 2315 4313 Attici
2336 4274 2455 4311 non
2492 4257 2671 4331 magis
2702 4257 2787 4311 usi
2816 4268 2951 4313 sunt
2977 4272 3151 4329 quam
3189 4252 3429 4307 dixerunt
3462 4248 3619 4316 tmfflv

495 4345 3620 4387 M

563 4418 837 4480 ‘dicebant
856 4432 1171 4495 praesenteS‚
1189 4432 1244 4480 et
1262 4424 1437 4497 capita
1455 4422 1813 4480 demittebant
1821 4424 2051 4496 jacturae

1825 4511 2005 4582 {causa
2033 4527 2045 4563 τ

585 4596 752 4652 alium
782 4596 1182 4663 sacrificatum
1215 4596 1312 4654 sed
1339 4597 1540 4655 iterum

587 4684 750 4757 hujus
776 4699 872 4741 cor
894 4700 996 4756 ego
1023 4692 1076 4740 te
1097 4684 1205 4741 vidi
1238 4700 1457 4758 prorsus
1482 4692 1832 4742 avertentem.

482 4781 550 4830 30
589 4776 822 4845 Magnus
843 4772 952 4843 jnm
983 4790 1074 4839 es;
1107 4790 1369 4845 cognosce
1415 4794 1427 4828 :
1476 4774 1676 4846 quippe
1713 4782 1910 4840 artem,
1941 4788 2049 4845 qua

1696 4864 1829 4929 [non
1849 4860 2050 4917 frustra

588 4948 762 5003 hini-et
787 4946 971 5020 Ιιιριιε,
991 4956 1050 5004 tu
1080 4946 1229 5003 solus
1254 4946 1586 5019 excogitasti.

585 5034 922 5090 Chai-darum
953 5051 1116 5092 verua
1139 5036 1250 5091 duo
1277 5033 1596 5103 crudarum,
1643 5042 1754 5091 toto
1781 5034 1870 5091 die
1899 5050 2047 5107 quae·

587 5119 705 5178 heri
731 5123 862 5177 tuin
889 5122 1068 5191 ignem
1093 5120 1404 5194 abripuisti,
1901 5120 2017 5191 lsita
2034 5160 2047 5185 ‚

2246 4420 2393 4479 etad
2408 4420 2730 4478 dichordum
2752 4421 3078 4478 cantitabas.
3112 4418 3263 4476 Sensi
3294 4436 3305 4471 :

2142 4517 2211 4569 85
2246 4509 2381 4567 illud
2401 4510 2591 4567 drama
2611 4508 2744 4575 fuit,
2774 4509 2863 4565 hic
2891 4509 3053 4567 lusus
3078 4518 3180 4565 est.

2762 4600 3097 4655 AESCHRA.

2142 4684 2319 4742 Midas
2336 4692 2519 4741 autem
2541 4692 2623 4740 cst
2646 4684 2850 4756 mugil:
2866 4682 3093 4756 jejunus
3121 4676 3378 4738 circumit.

2745 4773 2889 4827 VEN
2898 4773 3111 4827 DENS.

2140 4876 2188 4915 a.
2218 4858 2273 4916 Si
2296 4874 2423 4915 vero
2448 4858 2605 4931 ψυχέα
2632 4868 2787 4916 vocat
2810 4859 3107 4929 ψυκτηρίαν,

2140 4955 2195 5003 et
2221 4946 2442 5000 τευτλίον
2466 4947 2667 5013 σεῦτλα,
2692 4950 2849 5017 φακῆν
2875 4947 3089 5016 φακέαν,
3192 4980 3197 4985 ·

2140 5032 2275 5105 quid
2300 5031 2479 5091 facere
2503 5031 2702 5090 debet?
2726 5033 2817 5090 dic
2840 5033 2991 5088 enim
3022 5040 3103 5089 tu.
3132 5030 3187 5089 b.
3208 5031 3283 5087 Ut
3312 5038 3399 5099 pro
3416 5014 3554 5076 aurei.
3675 5090 3676 5093 Ἴ

2142 5134 2242 5193 pro
2262 5118 2381 5177 soni
2412 5120 2837 5192 permutatione,
2868 5116 3227 5191 Pyrgouuemi
3246 5158 3260 5184 ,
3281 5102 3559 5170 numerabit·
3674 5124 3676 5201 ἶ
