3809 5850
1587 419 1993 480 CRATthJS.
3328 433 3401 482 27

167 555 452 610 Strabone
483 554 540 616 8,
569 573 632 628 p.
670 553 802 622 237.
831 551 915 610 cf.
943 551 1110 608 Ovid.
1141 553 1272 607 Met.
1309 568 1399 620 ιο,
1422 553 1558 620 728,
1585 563 1697 608 etc.
1723 549 1742 626 )

167 640 436 718 μέμνηται
477 642 572 711 τῆς
607 637 790 716 μίνθης
845 637 1036 718 (male
1075 640 1218 695 libri
1269 636 1484 714 μίνθου)
1537 640 1640 716 Κρ.
1692 638 1745 694 ἐν

164 738 274 796 τοῖς
303 733 400 802 Ν.,

269 853 444 939 Τυρῷ
467 842 574 910 καὶ
603 842 780 936 μίνθῃ
810 823 1302 934 παραλεζάμενος
1335 841 1444 906 καὶ
1473 841 1673 928 ἐλαίᾳ,

167 977 321 1030 Bene
353 969 710 1050 Memnonia}
739 989 852 1046 pro
881 967 1062 1049 ἐλαίῳ.
1090 995 1118 1020 ιι
1143 965 1582 1046 Παραλεξάμενος
1608 967 1748 1046 τυρῷ

168 1074 312 1132 etc„
341 1073 410 1117 ut
431 1059 670 1134 Eupolis
695 1059 982 1134 Hephaest.
1009 1078 1072 1132 p.
1105 1075 1212 1113 ιο.-

249 1171 366 1232 Ka}
397 1169 768 1248 ξυνεγιγνόμην
791 1171 874 1227 ἀεὶ
899 1169 1006 1235 τοῖς
1033 1169 1248 1245 ἀγαθοῖς
1274 1167 1544 1247 φάγροισιν
1565 1185 1582 1204 ·

164 1295 224 1343 et
251 1285 466 1344 Athen.
499 1284 560 1354 3,
588 1303 654 1359 p.
688 1283 822 1355 123,
846 1287 894 1340 A
926 1301 941 1342 ε

327 1395 419 1456 ἵνα
442 1395 794 1475 σπλάγχνοισι
823 1393 1240 1474 συγγιγνώμεθα.
1267 1423 1292 1447 ι»

165 1515 218 1568 Ε
261 1515 454 1571 Mein.
491 1513 606 1584 Qui
641 1523 831 1567 tamen
856 1529 1043 1585 nuper
1069 1507 1494 1588 παραδεξάμενος
1525 1529 1744 1587 propo·

165 1603 302 1661 suit.
333 1601 584 1658 Petitum
607 1617 680 1656 ex
705 1601 968 1656 oratione
993 1600 1294 1656 illitterati.

934 1703 989 1765 5.

243 1815 508 1870 Gratum.
553 1813 796 1868 Bekker.
831 1811 1049 1869 Anecd.
1077 1831 1136 1886 p.
1182 1807 1319 1882 371,
1360 1829 1413 1880 1,
1457 1803 1749 1868 Ἄκασκαζ

163 1897 592 1978 ἥσυχα,φραὸέα
613 1899 950 1976 (perperam
970 1899 1100 1954 libri
1122 1894 1342 1978 φαρδέα,
1367 1917 1422 1953 ν.
1451 1899 1615 1954 Iliad.
1646 1904 1746 1966 24,

169 1989 312 2054 354:
341 1988 594 2046 Meinek.
627 1984 826 2066 βραδέα
860 1982 900 2064 ).
938 1987 1038 2064 Κρ.
1081 1986 1150 2045 N.

267 2101 354 2172 izv
389 2098 760 2196 πρεσὸύταις
795 2102 954 2169 πάνυ
999 2103 1314 2196 γηραλέοις
1357 2106 1750 2194 σνιῆπτροισιν

1117 2205 1358 2274 ἅκασκα
1383 2205 1747 2302 προὸῶντες.

163 2337 398 2395 Codicis
428 2325 510 2396 ’Ἦ
549 2339 610 2392 in
641 2333 736 2395 Ἐν
781 2333 1120 2394 mutandum
1163 2347 1322 2407 erat3
1365 2337 1571 2394 frustra
1598 2338 1750 2396 Bek-

163 2425 290 2482 ker.
315 2437 374 2482 et
401 2426 583 2483 Mein.
605 2413 686 2482 Ἦ
713 2422 775 2500 (Ρ)
795 2421 1090 2502 πρεσὸῧται
1115 2443 1173 2480 π.
1199 2421 1472 2502 γηραλέοι.
1501 2425 1746 2499 Hesych.

165 2511 408 2570 Ἀκάσκα
462 2529 479 2572 z
533 2508 779 2589 ἡσύχως,
830 2512 1114 2586 μαλακῶς,
1183 2509 1441 2589 βραδέως·
1497 2513 1748 2587 itemque

165 2601 430 2658 Eustaun.
481 2598 556 2656 ad
585 2600 655 2653 ll.
689 2617 750 2673 p.
795 2599 936 2668 668,
979 2617 1088 2674 29,
1120 2609 1180 2654 et
1215 2599 1381 2673 praef.
1425 2600 1746 2656 Comment.

165 2689 398 2745 Pindar.
439 2707 504 2762 p.
549 2687 623 2758 57
666 2688 757 2743 ed.
797 2687 921 2745 Tar.
954 2689 1188 2742 ἀκασκὸΐ.
1217 2689 1313 2742 Est
1339 2687 1478 2758 liaec,
1519 2689 1747 2762 opinor,

165 2777 488 2851 descriptio
508 2775 786 2846 juvenum
817 2775 1039 2847 antiqui
1076 2775 1275 2845 moris,
1305 2791 1464 2830 senes
1495 2774 1754 2831 modeste

167 2865 606 2937 comitantium3
638 2881 785 2936 quos
807 2862 898 2916 vel
927 2858 1328 2937 praedicaverit
1368 2862 1444 2916 ob
1483 2863 1752 2918 virtutem

165 2954 511 3029 coryphaeus
535 2952 598 3005 in
621 2953 884 3025 parabasi
901 2996 919 3029 ,
947 2952 1038 3007 vel
1068 2950 1268 3027 (quod
1299 2970 1418 3008 non
1443 2954 1630 3009 minus
1651 2972 1754 3011 ve-

163 3041 442 3117 risimile)
468 3038 697 3095 adunco
724 3058 864 3097 naso
891 3039 1262 3114 suspenderit.

936 3144 998 3203 6.

251 3242 418 3299 Idem
437 3243 520 3301 ib.
547 3262 606 3317 p.
639 3249 778 3311 422,
805 3258 870 3317 9,
890 3236 1224 3320 Ἀπερρήσεις
1257 3260 1270 3295 :
1306 3238 1590 3319 ἀπελεῦσῃ,
1620 3240 1756 3298 ἀπο-

167 3328 440 3409 φθαρήσῃ·
467 3328 608 3388 οὕτω
633 3332 736 3406 Κρ.
765 3330 834 3389 Ν.

267 3452 408 3514 Οὐκ
445 3446 804 3539 ἀπερρήσεις
838 3447 910 3511 σὺ
935 3446 1195 3529 θᾶττον,
1227 3445 1506 3511 άποτιλῶ
1543 3470 1610 3511 σε
1637 3448 1752 3519 τή-

1552 3577 1751 3643 μερον.

165 3682 306 3747 ὅλως
331 3678 390 3739 δὲ
417 3678 582 3739 πλέον
602 3704 654 3739 τι
681 3684 772 3739 τοῦ
799 3681 1170 3760 ἀποφθαρῆναι
1199 3679 1351 3750 δηλοῖ
1377 3678 1438 3737 τὸ
1463 3681 1628 3757 ῥῆμα.
1659 3684 1751 3737 In-

167 3774 321 3829 sulsa
349 3772 674 3828 admonitio
701 3789 716 3829 t
745 3770 888 3844 quid
922 3772 1078 3825 enim
1103 3780 1376 3844 praeterea
1397 3768 1677 3843 significet
1696 3767 1756 3826 τὸ

167 3858 532 3938 impp-ficem?
557 3858 752 3915 Codex
772 3856 1123 3927 ἀποτιλῶσαι,
1147 3856 1308 3931 quod
1334 3859 1582 3914 correxit
1611 3858 1751 3913 l‘or-

169 3968 298 4007 son.
329 3948 490 4005 Adv.
517 3966 578 4022 p.
607 3946 705 4021 39.
740 3972 762 3997 ι
803 3947 1054 4020 liesycli.
1083 3942 1395 4022 Ἀπερρήσει
1428 3965 1441 3999 :
1473 3942 1753 4017 ἀπολέσει,

171 4036 481 4114 ἀποφθερεῖ.
525 4036 614 4091 Ita
657 4034 940 4103 Musurus,
989 4032 1172 4089 codex
1214 4029 1510 4089 ἀπελεύσει.
1543 4033 1673 4105 Itaq
1685 4051 1758 4087 ue

171 4124 484 4199 legendum
507 4118 841 4200 Ἄπερρήσεις
861 4140 874 4177 :
897 4118 1193 4195 ἄπελεῦσει,
1217 4120 1528 4198 ἀποφθαρεῖ.
1549 4146 1574 4170 ι»
1599 4123 1648 4177 Ε
1667 4122 1752 4179 M.

175 4206 438 4269 Ἀποτιλῶ
471 4210 694 4267 dictum
731 4211 976 4286 tropice,
999 4220 1068 4265 ut
1087 4210 1322 4283 Lysistr.
1360 4208 1500 4281 578.

945 4342 976 4361 ρ-

950 4358 1002 4395 Ι.

253 4436 467 4581 Atlieg.
505 4454 672 4510 11,p.
699 4434 836 4505 502,
875 4436 918 4490 B
961 4454 974 4489 :
1009 4432 1250 4513 χρυσίδος
1273 4430 1328 4491 δὲ
1363 4428 1755 4511 (μνημονεύει)

177 4524 278 4601 xp.
305 4524 362 4605 ἐξ
445 4567 462 4582 .

949 4767 1004 4817 4.

175 4850 344 4905 Cnseo
365 4862 432 4904 ac
463 4845 706 4905 menthae
725 4855 978 4905 assuetus
997 4889 1012 4915 ‚
1036 4856 1092 4905 et
1119 4848 1296 4906 olivae.

946 4940 1002 4993 ⁵.

1940 545 2195 644 Χρυσίδι
2235 545 2503 618 σπένδων
2536 577 2604 645 γε
2628 564 2826 647 γραφῇ
2859 561 2981 631 τοῖς
3008 555 3215 646 ὅφεσσι
3246 567 3403 626 πιεῖν

3204 656 3403 732 δίδου.

1844 794 2025 850 Verba
2043 793 2267 866 juvenis
2288 794 2478 870 legum
2502 796 2695 868 periti,
2732 807 2798 853 ut
2838 797 3122 871 conjicias.
3156 801 3409 859 Finxerit

1839 900 1900 938 se
1928 899 2152 938 causam
2172 901 2339 958 agere
2366 883 2679 939 draconum
2702 903 3018 966 sacrorum,
3044 887 3145 962 qui
3168 890 3405 946 aleban-

1843 981 1936 1026 tur
1953 971 2187 1027 Athenis
2210 973 2271 1026 in
2288 971 2585 1046 Acropoli,
2608 991 2867 1046 quosque
2882 993 3063 1048 quum
3076 977 3411 1051 neglexisset

1841 1068 2029 1113 custos
2052 1058 2335 1133 publicus,
2358 1057 2579 1131 judicio
2610 1059 2906 1116 damnatus
2938 1060 3175 1134 jubetur
3198 1076 3406 1139 potum

1841 1147 2094 1219 praebere
2116 1145 2473 1216 animalibus,
2500 1146 2677 1220 idque
2697 1149 2756 1202 in
2782 1160 2981 1223 patera
3005 1169 3199 1209 aurea.
3245 1154 3409 1210 Libri

1841 1232 2111 1289 mendose
2136 1253 2228 1312 χρ.
2262 1230 2494 1290 σπένδων
2529 1230 2760 1313 γέγραφε
2799 1235 2906 1300 τοῖς
2932 1233 3081 1315 ὄφεσι
3124 1237 3227 1313 (Β.
3270 1240 3405 1299 cod.

1841 1318 2054 1400 ὄφεσσι,
2099 1320 2261 1395 quod
2288 1333 2485 1395 aptum
2512 1332 2695 1378 metro
2724 1324 2742 1399 )
2778 1343 2841 1382 π.
2874 1321 3059 1390 διδούς.
3104 1327 3276 1385 Mein.
3318 1325 3413 1384 κε’-

1843 1431 2007 1488 κραγε
2046 1427 2157 1484 pro
2196 1407 2456 1488 γέγραφε,
2504 1423 2564 1466 et
2600 1409 2777 1486 δίδου,
2828 1425 3082 1470 ceterum
3135 1416 3409 1487 incertus,

1843 1501 2075 1573 quinam
2122 1497 2385 1554 dieantur
2430 1517 2659 1574 angues.
2697 1503 2773 1556 At
2804 1499 3133 1559 Herodotus
3178 1504 3236 1570 8,
3283 1511 3353 1572 [μ
3395 1527 3408 1560 :

1843 1583 2060 1662 λέγουσι
2088 1585 2137 1642 οἱ
2160 1582 2454 1658 Ἀθηναῖοι,
2480 1583 2596 1663 ὅφιν
2628 1583 2793 1662 μέγαν
2826 1587 3036 1665 φύλακα
3066 1591 3159 1659 τῆς
3182 1589 3411 1668 ’ἀκροπό-

1843 1673 1950 1739 λιος
1973 1670 2345 1731 ἐνδιαιτέεσθαι
2372 1674 2426 1730 ἓν
2454 1675 2529 1752 τῷ
2568 1673 2697 1753 ἱρῷ·
2726 1686 2784 1731 et
2805 1674 3044 1733 Photius
3068 1698 3131 1753 p.
3167 1678 3281 1753 319
3314 1680 3411 1737 ed.

1841 1763 2051 1834 Dobr.‚
2088 1782 2150 1839 p.
2189 1771 2301 1833 274
2332 1766 2509 1838 Lips.,
2550 1763 2863 1820 secundum
2892 1766 3053 1822 Gaiei
3102 1767 3363 1823 codicem
3394 1788 3406 1822 z

1843 1848 2098 1930 Οἰκουρὸν
2128 1849 2241 1930 ὅφιν
2276 1871 2288 1906 :
2330 1849 2416 1908 τὸν
2440 1853 2539 1922 τῆς·
2557 1850 2816 1917 Πολιάδος
2854 1849 3111 1912 Φύλακα.
3142 1853 3233 1911 καὶ
3257 1852 3417 1932 Ἡρό-

1844 1937 1987 2004 δοτος
2020 1937 2115 2015 μὲν
2146 1936 2235 1996 ἕνα
2276 1937 2433 2018 φησὶν
2468 1941 2519 1996 ἐν
2557 1940 2634 2020 τῷ
2672 1941 2815 2020 ἱερῷ,
2844 1939 3131 2020 Φύλαρχος
3168 1939 3223 2001 δὲ
3258 1942 3417 2002 αὗτοῦ

1844 2024 1955 2085 δύο.
1982 2031 2051 2086 V.
2079 2026 2345 2084 cremer.
2370 2027 2445 2084 ad
2468 2028 2691 2087 Herod.
2716 2030 2759 2084 1.
2785 2029 2826 2083 l.
2852 2028 3079 2086 Partem
3100 2031 3213 2087 loci
3232 2033 3423 2090 attulit

1844 2114 2051 2171 Athen.
2081 2133 2142 2189 p.
2180 2113 2295 2188 496
2318 2155 2335 2184 ,
2367 2116 2447 2183 E,
2478 2132 2609 2170 cum
2634 2116 2909 2173 varietate
2941 2137 2955 2172 :
2988 2113 3170 2183 Ῥυσίς
3208 2140 3221 2174 :
3254 2117 3418 2199 φιάλη

1842 2201 2359 2282 χρυσῆ,Θιόδωρος.
2390 2203 2646 2280 Κρατῖνος
2686 2205 2739 2262 ἓν
2785 2205 2857 2263 N.
2885 2230 2910 2257 α
2950 2207 3171 2282 ῥυσίδι
3212 2209 3420 2268 σπέν-

1845 2292 1995 2350 δων.
2024 2319 2049 2344 ι

2603 2413 2663 2473 8.

1926 2537 2135 2595 Athen.
2190 2543 2284 2606 14,
2320 2555 2384 2610 p.
2414 2535 2552 2608 646,
2590 2537 2669 2607 E,
2710 2531 3016 2612 Ταγηνίτης
3044 2556 3057 2592 :
3089 2537 3324 2604 πλακοῦς
3364 2540 3421 2596 ἐν

1845 2621 2009 2703 ἐλαίῳ
2054 2622 2518 2701 τετηγανισμένος,
2551 2626 2580 2682 δ
2610 2621 2699 2681 καὶ
2728 2622 3073 2702 ταγηνίας.
3106 2623 3421 2703 μνημονεύει

1848 2709 2071 2789 Μάγνης
2098 2708 2190 2768 καὶ
2219 2710 2323 2787 Κρ.
2347 2711 2403 2768 ἓν
2426 2711 2501 2772 Ν.

1947 2835 2069 2902 Καὶ
2088 2828 2300 2929 δρόσον
2324 2835 2573 2922 βάλλων
2590 2837 2769 2904 ἔωθεν
2791 2843 3065 2931 χλιαροῖς
3080 2839 3415 2931 ταγηνίαις.

1847 2976 2010 3033 Libri
2037 2972 2255 3053 χλιαρὸς
2280 2972 2559 3050 ταγηνίας,
2602 2976 2703 3032 sed
2732 2994 2877 3050 opus
2916 2988 3000 3033 est
3042 2978 3275 3047 dativis,
3321 2979 3421 3051 qui

1849 3065 2003 3121 idem
2048 3075 2249 3121 sonent
2289 3075 2464 3138 atque
2490 3062 2564 3128 εἰς
2592 3060 2840 3142 χλιαροὺς
2875 3062 3141 3143 ταγηνίας.
3172 3066 3421 3140 Hesyeh.

1849 3148 2119 3228 Ταγηνίας
2143 3172 2157 3207 :
2188 3148 2470 3227 πεμμάτια
2498 3149 2761 3228 τηγάνων.
2784 3152 2831 3207 οἱ
2856 3148 2910 3209 δὲ
2940 3149 3101 3230 στέαρ
3124 3150 3277 3230 ὑγρὸν
3301 3152 3423 3209 ἐπι-

1851 3238 2104 3316 χεόμενον
2148 3236 2393 3317 τηγάνῳ,
2448 3226 2493 3315 ᾧ
2542 3236 2935 3316 προσὸάλλεται
2982 3238 3121 3314 μέλι,
3167 3238 3418 3314 σησάμη,

1851 3323 2044 3385 ἔλαιον.
2082 3326 2212 3383 Haec
2242 3336 2414 3401 poeta
2439 3325 2579 3381 dicit
2605 3323 2787 3403 δρόσον
2806 3368 2825 3400 ,
2860 3346 3062 3395 rorem,
3102 3345 3425 3401 quaemus

1851 3416 2073 3489 tropice
2102 3412 2347 3487 quodvis
2371 3409 2615 3467 fluidum
2639 3410 2983 3487 significant.

2610 3560 2667 3616 9.

1932 3666 2165 3721 Photius
2192 3665 2327 3720 Lex.
2364 3682 2425 3738 p.
2462 3660 2601 3733 371,
2650 3668 2762 3738 24,
2799 3660 3062 3733 Παλαστή
3099 3684 3112 3719 :
3158 3662 3414 3735 θηλυκῶς.

1853 3754 1957 3833 Κρ.
1994 3754 2063 3813 Ν.

1952 3870 2175 3956 Μεῖζον
2208 3877 2281 3942 τὸ
2316 3878 2458 3953 πέος
2495 3882 2835 3951 παλαστῆς.

1851 4018 2007 4075 Libri
2052 4012 2161 4080 δέος
2181 4058 2199 4089 ,
2244 4015 2402 4089 quod
2437 4014 2761 4071 emendavit
2786 4014 3091 4073 Ruhnken.
3141 4014 3295 4089 apud
3321 4016 3425 4071 At-

1851 4107 2078 4161 bertum
2114 4103 2189 4159 ad
2228 4104 2473 4177 Hesych.
2504 4120 2560 4173 a,
2590 4122 2649 4177 p.
2684 4101 2827 4173 841,
2860 4114 2918 4159 et
2948 4098 3287 4172 παλαιστὴ...
3318 4123 3424 4159 πα-

1851 4193 2099 4263 λαιστῆς,
2132 4202 2389 4247 correcta
2417 4208 2451 4247 a
2476 4190 2788 4250 Meinekio.

2594 4328 2684 4369 10.

1933 4436 2133 4491 Pollux
2166 4452 2224 4505 7,
2268 4433 2345 4489 86
2382 4454 2395 4489 z
2436 4430 2497 4489 τὸ
2526 4428 2582 4489 δὲ
2624 4429 2990 4490 σανδάλιον
3018 4430 3079 4489 οὗ
3122 4428 3273 4507 μόνον
3309 4428 3423 4491 Μέ·

1853 4522 2067 4599 νανδρος
2094 4518 2383 4601 εἴρηκεν..
2416 4518 2557 4577 ἀλλὰ
2581 4518 2672 4577 καὶ
2704 4521 2805 4599 Κρ.
2834 4520 2905 4579 Ν.

2612 4764 2647 4813 7

1857 4851 2037 4904 Aurea
2056 4854 2241 4919 patera
2269 4798 2669 4903 condemnatus
2685 4844 2755 4902 da
2776 4843 2965 4903 bibere
2984 4843 3337 4903 draconibus.

2610 4938 2665 4988 8.

187 5026 330 5079 inter
343 5040 504 5082 senen
517 5032 762 5082 vetustos
775 5024 960 5097 quiete
969 5040 1098 5081 eum
1115 5024 1328 5084 baculis
1337 5028 1760 5101 progredientes.
1857 5026 1927 5079 Et
1948 5037 2129 5079 rorem
2148 5022 2403 5095 injiciens
2417 5036 2449 5079 a
2478 5035 2639 5077 mane
2666 5020 2863 5094 tepidis
2886 5020 3159 5095 ingenitis.

185 5196 304 5251 Non
325 5196 498 5255 abibis
515 5199 666 5255 cito?
690 5118 1020 5272 depiiabotie
1049 5197 1230 5255 hodie.
1261 5278 1282 5301 ⁰

1855 5200 2044 5256 Latior
2072 5197 2226 5271 penis
2260 5197 2459 5271 palmo.
2611 5114 2647 5166 9
