3809 5850
1290 309 1711 368 MENANDRI
1756 308 1851 366 ET
1898 307 2428 373 PfflLEMOle..

334 491 437 502 --
466 429 637 542 ἤρων
659 499 677 532 ,
711 453 1009 538 ὁμολογῶ·
1044 443 1147 508 καὶ
1177 453 1273 508 νῦν
1306 435 1363 506 δ’
1403 446 1535 532 ἐρῶ.

216 581 297 638 ln
328 579 543 653 quibus
570 575 715 632 illud
738 593 857 628 non
880 573 1163 628 immerito
1195 569 1437 625 offendit
1466 569 1694 624 doctum
1724 569 1813 620 vi—

218 687 367 724 mm
418 666 688 732 Piccolo‚
730 662 892 738 quod
934 660 1164 735 syllabae
1210 680 1275 736 αρ
1329 660 1480 714 ratio
1538 657 1818 711 habeatur

218 757 412 813 nulla.
442 755 631 826 Quare
659 752 825 807 talem
868 751 1008 804 olim
1032 749 1205 802 fuisse
1235 749 1385 803 hunc
1414 764 1637 802 versum
1672 762 1815 800 con-

220 848 371 918 jecit
402 866 414 898 :

338 933 539 1036 ἤρων,
590 933 872 1036 [μέμην’]
931 936 1041 1030 ἄρ’·
1084 943 1387 1028 ὁμολογῶ·
1441 934 1549 1000 καὶ
1593 944 1689 998 νῦν
1762 923 1817 996 δ’

1686 1033 1814 1122 ἐρῶ.

964 1156 1102 1226 5¹7·

324 1269 575 1326 Galenus
614 1268 698 1320 De
720 1275 904 1321 natur.
935 1262 1049 1318 sac.
1068 1260 1122 1335 Ι,
1152 1279 1244 1331 17,
1275 1260 1346 1314 de
1366 1259 1600 1315 medicis
1628 1259 1821 1316 Erasi-

240 1357 470 1411 strateis
508 1365 564 1409 et
588 1351 969 1427 Asclepiadeis
993 1350 1188 1406 dicens
1222 1369 1232 1401 :
1264 1344 1453 1420 ὁμοίως
1472 1351 1577 1410 τοῖς
1608 1345 1707 1401 ὑπὸ
1728 1347 1819 1400 τοῦ

244 1441 525 1522 βελτίστου
560 1439 863 1518 Μενάνδρου
886 1436 1025 1496 κατὰ
1047 1436 1139 1502 τὰς
1163 1434 1443 1515 κωμῳδίας
1466 1431 1820 1511 εἰσαγομένοις

240 1534 509 1603 οἰκέταις,
552 1531 709 1594 Δάοις
756 1527 865 1586 τισὶ
919 1525 1009 1584 καὶ
1071 1523 1287 1596 Γέταις,
1330 1525 1476 1582 οὐδὲν
1523 1522 1825 1600 ἡγουμένοις

244 1619 397 1698 σφίσι
432 1622 737 1698 πεπρᾶχθαι
772 1623 1029 1692 γενναῖον,
1086 1616 1132 1672 εἰ
1168 1613 1243 1690 μὴ
1292 1613 1400 1692 τρὶς
1432 1610 1821 1679 ἐξαπατήσειαν

247 1708 341 1764 τὸν
376 1704 651 1775 δεσπότην.

973 1799 1104 1854 5ι8.

337 1900 717 1972 Hermogenes
777 1899 860 1951 De
896 1896 1037 1950 ideis
1070 1913 1130 1968 p.
1182 1911 1201 1947 ι
1227 1912 1245 1948 ι
1265 1913 1291 1962 7
1325 1893 1455 1950 Md.
1479 1915 1559 1939 =
1584 1893 1697 1946 vol.
1723 1889 1824 1962 ΙΙΙ,

256 2007 321 2060 p.
362 1983 472 2040 306
506 1985 826 2040 Rhetorum
872 1984 1076 2057 Walz.,
1120 1982 1192 2036 de
1236 1976 1451 2059 ἀφελείᾳ
1504 1979 1820 2033 disserens:

254 2071 350 2128 καὶ
379 2067 445 2127 τὰ
477 2068 647 2128 πολλὰ
666 2071 768 2128 τῶν
803 2069 1120 2146 βουκολικῶν
1146 2065 1366 2123 τοιαῦτα
1400 2067 1529 2124 ἐστι.
1568 2064 1654 2122 καὶ
1682 2063 1827 2141 παρὰ

252 2161 331 2236 τῷ
357 2156 681 2236 Ἀνακρέοντι
702 2157 755 2214 δὲ
774 2155 1050 2226 ὡσαύτως,
1083 2157 1232 2238 παρά
1258 2177 1315 2212 τε
1342 2144 1409 2211 αὖ
1429 2157 1505 2231 τῷ
1540 2152 1828 2231 Μενάνδρῳ

258 2244 427 2322 μυρία
466 2243 529 2302 ἂν
576 2243 741 2322 εὕροις
784 2247 1003 2302 τοιαῦτα
1032 2243 1123 2302 καὶ
1168 2243 1419 2320 γυναῖκας
1465 2240 1719 2318 λεγούσας
1739 2240 1827 2298 καὶ

254 2333 556 2400 νεανίσκους
602 2335 864 2411 ἐρῶντας,
924 2331 1013 2389 καὶ
1062 2330 1339 2410 μαγείρους
1406 2331 1494 2388 καὶ
1548 2329 1829 2408 παρθένους

256 2420 622 2500 θρυπτομένας
646 2421 737 2479 καί
762 2443 909 2486 τινας
939 2419 1143 2486 ἄλλους.

976 2529 1043 2582 51
1101 2572 1110 2582 .

344 2637 551 2692 Athen.
584 2631 755 2702 Xlll,
786 2654 845 2708 p.
882 2633 991 2708 594
1012 2675 1027 2702 ‚
1054 2549 1120 2689 91)
1147 2649 1161 2690 ε
1194 2631 1273 2688 ὅτι
1304 2631 1357 2689 δὲ
1405 2637 1492 2689 καὶ
1526 2629 1830 2708 Μένανδρος

258 2727 285 2778 δ
318 2719 535 2792 ποιητὴς
570 2721 675 2799 ἤρα
708 2721 973 2798 Γλυκέρας
1002 2719 1191 2778 κοινόν.
1230 2721 1518 2798 ἐνεμεσήθη
1549 2719 1619 2778 δέ·
1646 2719 1826 2797 Φιλή-

992 2898 1114 2948 516.

264 2979 568 3047 Amabam3
600 2978 801 3046 fate0r;
831 2987 995 3051 atque
1017 2980 1184 3035 etiam
1206 2994 1351 3035 nuuc
1378 2994 1503 3034 amo

3355 318 3460 366 771

1913 462 2062 513 μονος
2081 439 2182 517 γὰρ
2208 438 2420 516 ἑταίρας
2451 435 2754 517 ἐρασθέντος
2777 437 2866 494 καὶ
2897 433 3132 514 χρηστὴν
3160 437 3178 510 (
3203 463 3226 488 «
3250 438 3478 494 fortasse

1911 540 2132 603 praestat
2154 529 2326 585 scribi
2347 525 2616 606 Χρήστην.
2651 551 2673 574 υ
2711 529 2888 583 Mein.
2916 528 2932 600 )
2969 525 3164 594 ταύτην
3187 525 3478 600 ὁνομάσαν·

1909 631 1994 672 τος
2021 605 2106 662 διὰ
2135 609 2224 663 τοῦ
2247 605 2536 684 δράματος,
2563 605 2862 683 ἀντέγραψε
2897 602 3201 682 Μένανδρος
3230 605 3297 670 ὥς
3327 606 3478 661 οὔδε-

1911 702 2032 770 μιᾶς
2057 693 2212 764 οὔσης
2239 699 2495 772 χρηστῆς.

2639 799 2772 858 520.

1991 912 2241 970 Joannes
2271 915 2462 989 Lydus
2512 918 2598 973 De
2617 913 2856 974 mensib.
2879 934 2937 990 p.
2967 931 3076 986 ²77
3104 914 3196 973 ed.
3225 916 3358 974 Has.
3393 935 3404 970 :
3431 915 3481 970 ἐν

1912 999 1986 1075 τῷ
2015 1003 2130 1054 κατ’
2161 1003 2314 1060 αὐτὸν
2343 1003 2608 1080 (Κρόνον)
2639 1002 2798 1081 ἱερῷ,
2831 1002 2902 1068 ὥς
2926 1023 3053 1080 φησι
3088 1001 3376 1081 Φύλαρχος
3395 1001 3485 1061 καὶ

1919 1083 2218 1167 Μένανδρος
2239 1134 2255 1159 ,
2294 1089 2412 1148 οὔτε
2455 1091 2584 1166 γυνὴ
2611 1089 2726 1146 οὔτε
2762 1090 2927 1166 [κύων
2959 1086 3113 1168 οὔτε]
3137 1098 3264 1164 μυῖα
3295 1090 3478 1169 εἰσῄει.

1926 1199 1948 1224 «
1983 1179 2112 1234 Vid.
2155 1182 2405 1238 Lobeck.
2455 1181 2732 1256 Aglaoph.
2765 1199 2818 1254 p.
2875 1179 3049 1252 1095.
3105 1181 3320 1235 Dubito
3351 1201 3486 1236 num

1917 1265 2229 1322 Menander
2261 1269 2500 1343 intelligi
2527 1269 2733 1324 debeat
2759 1269 3034 1324 comicum
3071 1295 3120 1323 υ.
3153 1270 3332 1324 Mee'n.

2628 1372 2763 1427 521.

2001 1480 2194 1537 Schol'.
2245 1488 2370 1542 Vat.
2417 1485 2490 1540 ad
2523 1487 2696 1544 Hom.
2743 1487 2806 1540 ll.
2839 1487 2916 1554 B,
2945 1484 3056 1538 80:
3107 1525 3170 1544 ...
3207 1481 3488 1562 φιλοσόφου

1921 1570 2248 1646 ἐνθυμήματι
2296 1575 2526 1650 χρῆται,
2563 1571 2846 1636 πιστεύσας
2875 1573 2950 1648 τῷ
2989 1569 3173 1650 ὀνείρῳ
3197 1615 3212 1642 ,
3237 1573 3416 1628 ὁποῖόν
3441 1593 3490 1627 τι

1923 1657 2224 1737 Μένανδρος
2247 1659 2500 1738 ἐπεφώνει
2539 1657 2720 1717 εἰπών·
2759 1689 2780 1710 α
2818 1659 2874 1716 ‘A
2904 1659 3004 1736 γὰρ
3033 1662 3146 1733 μεθ’
3179 1658 3383 1738 ἡμέραν
3411 1683 3490 1724 τις

1922 1747 2250 1820 ἐσπούδασε,
2287 1748 2434 1806 ταῦτ’
2481 1736 2616 1806 εἶδεν
2643 1747 2871 1824 νύκτωρ.
2911 1773 2935 1797 n
2972 1750 3107 1820 Qnae
3153 1749 3232 1802 sic
3265 1749 3493 1824 digessit

1921 1838 2640 1915 Piccolos(Supple'mentiz
2667 1837 2886 1894 l‘Amk.
2911 1855 3166 1911 grecque,
3207 1855 3268 1910 p.
3313 1836 3490 1912 3210:

2021 1951 2070 2026 λ
2104 1961 2216 2053 γὰρ
2251 1963 2378 2052 μεθ’
2412 1965 2634 2053 ἡμέραν
2663 1989 2756 2040 τις
2789 1953 3114 2040 eom-5302&
3148 1955 3393 2054 [ἔχων],

1935 2057 1948 2066 ’
2023 2065 2194 2134 ταῦτ’
2231 2061 2354 2134 εἶδε
2389 2073 2642 2156 νύκτωρ.

2001 2197 2133 2270 Pag.
2175 2203 2303 2260 ¹04-
2338 2198 2489 2252 Alias
2533 2199 2832 2252 sententias
2869 2195 3260 2249 monostichos
3297 2197 3495 2270 viginti

1920 2302 2154 2352 novem,
2201 2303 2268 2338 ex
2325 2285 2742 2341 vindobonensi
2801 2284 3002 2340 codice
3049 2283 3268 2352 ductas,
3315 2285 3500 2340 edidit

1926 2373 2240 2427 Meinekius
2263 2392 2321 2446 p.
2359 2373 2471 2430 356
2503 2375 2808 2429 voluminis
2837 2375 2930 2442 lv,
2955 2373 3070 2426 sive
3099 2391 3154 2445 p.
3186 2372 3332 2428 1060
3357 2370 3497 2432 edit.

1921 2463 2175 2516 minoris.
2205 2463 2393 2516 Novas
2431 2461 2606 2517 ferme
2631 2463 3007 2536 quadraginta
3039 2477 3223 2533 nuper
3274 2462 3502 2519 addidit

1923 2549 2125 2604 doctus
2169 2549 2400 2604 Graecus
2439 2553 2672 2606 Piccolo
2695 2592 2712 2618 ,
2745 2569 2814 2606 ex
2843 2549 3240 2605 Laurentianis
3281 2552 3501 2607 codici-

1923 2636 2028 2690 bus
2060 2636 2330 2706 delectas‚
2363 2641 2419 2690 in
2453 2639 2818 2711 Supple'ment
2843 2638 2880 2690 ὰ
2915 2636 3070 2689 [Ant
3083 2633 3308 2710 leologie
3341 2657 3502 2712 grec-

1922 2743 2026 2795 (μισ
2058 2725 2256 2796 (Paris.
2299 2723 2501 2797 1853),
2535 2743 2668 2800 pag.
2694 2744 2802 2797 227
2838 2740 2894 2781 et
2923 2728 3059 2783 230.

2657 2901 2786 2950 521.

1931 2983 2072 3035 Nam
2101 2996 2222 3053 quae
2257 2983 2378 3053 quis
2403 2982 2640 3037 interdiu
2665 2984 2901 3055 agitabat
2931 2985 3153 3053 sedulo,

1935 3066 2053 3123 haec
2075 3078 2242 3125 noctu
2277 3069 2496 3125 videtin
2521 3072 2746 3125 somnis

1576 3246 2208 3336 PHlLEMO.

834 3440 1280 3500 ΣΙΚΕΛΙΚΟΣ.

356 3559 489 3631 Pag.
522 3575 543 3610 1
563 3554 629 3611 16
658 3554 805 3611 adde
837 3575 847 3609 :
874 3555 1062 3611 Schol.
1092 3555 1469 3629 Eutip.Rhes.
1490 3556 1713 3631 248(p.
1734 3558 1845 3632 296

274 3644 461 3721 Cob.)
498 3664 510 3698 ε
544 3644 638 3711 τῆς
670 3668 693 3692 «
740 3641 959 3720 ἔσχατος
978 3642 1179 3700 Μυσῶν
1214 3668 1237 3691 »
1273 3640 1559 3719 παροιμίας
1582 3643 1846 3719 μέμνηται

278 3730 545 3805 Φιλήμων
574 3730 627 3787 ἐν
660 3732 887 3810 σκελετῷ
911 3732 1007 3803 (L.
1044 3731 1309 3788 Dindorf.
1360 3730 1623 3809 Σικελικῷ
1648 3733 1685 3808 )·

278 3840 387 3940 [lg]
419 3846 507 3913 Τὸ
530 3838 606 3917 δὴ
627 3845 954 3937 λεγόμενον
973 3854 1181 3929 τοῦτο,
1220 3845 1451 3911 Μυσῶν
1484 3836 1741 3936 ἔσχατον

378 3945 601 4041 ἐνόμιζ’
634 3952 774 4039 ὁρᾶν
804 3950 903 4014 τὸν
924 3946 1052 4013 υἱὸν
1071 3940 1384 4014 ἐκπλέονθ’
1413 3956 1584 4041 ὁρῶν.

280 4075 771 4136 INCERTARUM
837 4080 879 4135 F
888 4078 1299 4135 ABULARUM
1362 4079 1847 4138 FRAGMENTA.

1020 4174 1051 4229 3
1105 4216 1119 4231 .

363 4274 455 4329 Sic
465 4271 869 4347 amplificatum
893 4193 1161 4327 exlnibint
1178 4270 1407 4328 codices
1428 4274 1666 4330 parisini
1692 4275 1809 4331 duo
1836 4298 1846 4330 :

383 4382 521 4452 Κᾶν
550 4380 762 4462 δοῦλος
794 4384 830 4475 ἦ
861 4410 993 4468 τις,
1026 4384 1219 4475 σάρκα
1250 4390 1358 4459 τήν
1392 4391 1577 4460 αὐτὴν
1599 4390 1747 4479 ἔχει·

386 4495 553 4583 φύσει
582 4490 693 4584 γὰρ
728 4482 923 4565 οὐδεὶς
958 4482 1170 4564 δοῦλος
1202 4492 1449 4583 ἐγενήθη
1483 4496 1631 4559 ποτὲ

386 4592 551 4690 [ἀπὸ
576 4606 685 4663 τοῦ
716 4594 917 4664 πάλαι
938 4594 1291 4673 πλάσαντος
1313 4596 1639 4689 ἀνθρώπων
1664 4603 1849 4691 γένος·

384 4704 519 4777 ἴσην
548 4694 616 4771 δὲ
644 4704 887 4769 πάντων
914 4696 1188 4769 διάθεσιν
1216 4714 1319 4771 τοῦ
1350 4710 1633 4796 σώματος

915 4882 1239 4938 SICULUS.

1046 4978 1100 5024 4.

302 5057 437 5115 lllud
464 5056 611 5129 quod
640 5056 925 5130 proverbio
962 5055 1153 5125 fertur,
1182 5058 1467 5128 Mysorum
1496 5058 1755 5118 ultimum

298 5146 477 5203 videre
496 5161 553 5203 se
576 5146 816 5220 putabat,
838 5146 1041 5202 solvere
1064 5145 1254 5202 videns
1278 5146 1471 5203 filium.

1948 3442 1986 3511 5
2049 3448 2313 3519 ἐποίησεν
2351 3442 2520 3525 οὗτος
2553 3456 2631 3525 ὡς
2661 3450 2952 3541 ἐλευθέρου
2983 3454 3218 3542 γένους,

2047 3550 2392 3643 Ἑλευθέρους
2428 3554 2664 3626 ἐποίησε
2694 3557 2928 3633 πάντας
2957 3567 3033 3648 τῇ
3059 3560 3264 3647 φύσει,

2041 3656 2252 3726 δοῦλον
2284 3656 2348 3727 δὲ
2384 3660 2771 3751 μετεποίησεν
2799 3669 2834 3734 ἠ
2873 3657 3254 3755 πλεονεξία]

2039 3773 2073 3838 ἡ
2118 3758 2177 3831 δ’
2215 3764 2288 3831 αὖ
2315 3771 2470 3861 τύχη
2494 3770 2562 3834 τὸ
2597 3777 2773 3861 σῶμα
2802 3764 3330 3835 κατεδουλώσατο.

1944 3887 2228 3947 Codicum
2284 3893 2420 3947 vitia
2469 3912 2525 3948 v.
2577 3893 2610 3949 3
2661 3890 2721 3949 τὸ
2775 3891 3092 3969 ἀνθρώπινον
3143 3890 3283 3969 γένος
3303 3935 3318 3962 ,
3375 3912 3430 3950 v.
3483 3894 3514 3949 5

1945 3974 2188 4047 ἐποίησεν
2209 3978 2366 4045 ὄντως
2393 3982 2462 4045 ὡς
2485 3980 2749 4058 ἐλεύθερον
2769 3980 2935 4057 γένος,
2960 4003 3012 4038 v.
3047 3980 3080 4035 6
3109 3978 3406 4057 ἐλευθέρους
3428 3972 3517 4040 οὖν

1945 4061 2180 4129 ἅπαντας
2208 4066 2418 4137 ἐποίησε
2440 4110 2456 4138 ,
2481 4087 2538 4127 v.
2572 4089 2601 4139 7
2627 4068 2810 4127 δοῦλον
2840 4066 2896 4125 τὲ
2931 4068 3258 4126 emendavit
3276 4068 3516 4125 Diibne-

1946 4169 2060 4210 rus.
2094 4152 2360 4224 Ejusdem
2387 4155 2576 4211 farina·
2612 4174 2682 4212 ex
2721 4157 2808 4212 his
2847 4156 3006 4212 libris
3047 4157 3152 4213 alia
3180 4157 3345 4231 plura
3373 4176 3517 4232 pro-

1947 4239 2090 4297 ferre
2114 4254 2472 4317 poteramus,
2503 4262 2626 4319 quae
2651 4246 2791 4299 nihil
2824 4242 2898 4300 ad
2927 4244 3336 4301 Philemonem.

2734 4360 2786 4399 1.

2034 4435 2322 4505 Quattuor
2371 4437 2626 4493 versibus
2677 4348 2910 4493 jactum
2978 4437 3192 4511 praebet
3245 4437 3516 4510 Florileg.

1957 4526 2080 4579 Vat.
2111 4526 2560 4599 manuscriptum
2603 4544 2696 4600 ap.
2750 4526 2960 4581 Maium
3011 4524 3244 4581 Collect.
3283 4525 3519 4598 Scriptt.

1947 4623 2084 4671 vett.
2111 4614 2224 4670 vol.
2259 4612 2347 4686 ΙΙ,
2379 4632 2437 4688 p.
2475 4633 2664 4671 xxvn.

2047 4700 2132 4778 Kv
2163 4706 2309 4778 οἷσιν
2339 4714 2563 4804 ἔχομεν
2583 4764 2599 4795 ,
2646 4718 2882 4790 τούτοις
2915 4708 3068 4803 μηδὲ
3105 4714 3383 4805 χρώμεθα
3407 4762 3424 4797 ,

1985 4894 2472 4952 lNCERTARUM
2513 4894 2980 4951 FABULARUM
3017 4891 3272 4947 FRAGM
3291 4894 3382 4947 EN
3403 4896 3518 4948 ΤΑ.

2707 5032 2796 5082 41.

1909 5070 1920 5196 Ι
2031 5146 2086 5203 si
2111 5187 2124 5213 ‚
2152 5162 2276 5218 qum
2303 5145 2592 5213 habemus,
2625 5148 2687 5201 iis
2711 5162 2822 5203 non
2843 5148 3072 5213 utimur,
