3809 5850
456 399 531 449 80
1452 389 1856 451 COMOEDIAE
1902 390 2230 452 VETERIS
2271 391 2688 466 RELIQUIAE.

970 520 1135 583 Vln.
1178 520 1499 581 ΤΟΔΜΑΙ.

1213 686 1259 720 1.

532 796 735 853 Athen.
772 794 833 863 6,
863 814 923 870 p.
956 800 1095 864 247,
1116 794 1161 851 C
1188 813 1201 849 ε
1235 792 1547 868 μνημονεύει
1580 794 1634 852 δὲ
1662 797 1753 853 τοῦ
1782 794 1879 873 μὲν
1909 798 2022 855 ἐπι-

453 879 602 940 σίτου
628 882 732 960 Κρ.
762 881 1023 956 Τόλμαις·

546 997 869 1089 Ποιμαίνει
889 990 948 1063 δ’
996 995 1271 1064 ἐπίσιτον

547 1108 725 1195 ῥιγῶν
762 1094 823 1168 δ’
856 1106 917 1169 ἐν
964 1098 1330 1196 Μεγαςύζου

546 1200 786 1291 δέξεταί
815 1210 875 1303 ’Υ
912 1210 1014 1277 ἐπὶ
1045 1211 1239 1302 μισθῷ

548 1340 740 1384 σιτον.

446 1445 609 1501 Libri
649 1440 900 1502 ἐπισίτιον
951 1444 969 1523 (
994 1446 1153 1520 quod
1196 1446 1472 1502 abhorret
1508 1446 1581 1501 ab
1625 1448 1751 1522 ipso
1794 1447 2016 1526 metro)

448 1534 499 1611 ῤ.
528 1532 575 1589 δ’
604 1533 659 1590 ἰν
684 1529 819 1608 μετὰ
843 1530 997 1610 βύξου
1014 1576 1029 1603 ,
1056 1530 1216 1599 δέξετ’
1236 1530 1323 1590 ἐπὶ
1349 1555 1409 1607 μ.
1440 1555 1489 1592 σ.
1514 1535 1755 1593 Casaub.
1788 1533 2019 1593 ἐπίσιτον

444 1632 505 1681 et
532 1619 873 1701 Μεγαὸύζου.
898 1624 1189 1679 Porsonus
1213 1619 1418 1702 ριγῶντ’
1440 1624 1492 1680 ἐν
1518 1624 1618 1692 Μ.,
1641 1620 1839 1691 δέξεταί
1866 1624 1914 1681 τ’
1933 1622 2021 1682 ἐπὶ

444 1734 537 1787 μ.,
564 1714 665 1769 sed
680 1732 800 1769 non
820 1714 1199 1768 necessarium
1230 1712 1478 1789 ῥιγῶντα.
1510 1710 1793 1787 Ποιμαίνει
1812 1754 1835 1783 ,
1856 1714 2020 1770 intel·

444 1802 706 1876 ligendus
728 1802 1069 1877 Megabyzus
1090 1841 1109 1869 ‚
1132 1802 1233 1874 qui
1258 1818 1494 1875 pascere
1511 1842 1528 1875 ‚
1560 1803 1602 1859 i.
1636 1820 1689 1859 e.
1721 1802 1898 1871 alere,
1923 1802 2019 1858 di-

446 1892 595 1945 citur
621 1892 869 1964 aliquem
886 1892 1157 1945 miserum
1176 1891 1378 1946 misere
1398 1930 1417 1960 ‚
1442 1892 1699 1964 quamvis
1717 1893 2021 1965 opulentus

445 1992 505 2037 et
539 1980 865 2037 divitiarum
894 1989 1231 2053 ostentator,
1274 1979 1348 2035 de
1393 1998 1510 2054 quo
1540 1980 1783 2040 Casaub.
1813 1981 1926 2038 hoc
1954 1984 2019 2053 1.‚

446 2069 765 2128 Hemsterh.
808 2068 881 2125 ad
907 2069 1147 2127 Lucian.
1200 2085 1253 2143 1,
1298 2086 1360 2142 p.
1396 2066 1533 2138 385,
1580 2068 1756 2123 Mein.
1790 2069 1864 2125 ad
1891 2072 2018 2127 Me-

444 2158 647 2214 nandri
672 2158 742 2215 fr.
769 2178 829 2234 p.
858 2157 956 2227 48.
983 2156 1321 2232 Cogitabam
1350 2156 1422 2214 de
1449 2154 1717 2233 ποιμαίνει
1746 2155 1793 2215 δ’
1819 2155 2016 2217 ἀπόσι-

444 2266 561 2319 τον,
580 2265 652 2305 ne
677 2250 749 2304 sit
774 2244 1087 2321 ταυτόλογον
1108 2246 1300 2302 verbis
1328 2247 1714 2321 sequentibus.

1204 2376 1257 2413 a.

524 2472 731 2528 Pollux
756 2491 819 2549 9,
848 2470 921 2529 53
958 2492 971 2527 z
1000 2470 1059 2530 τὸ
1087 2470 1141 2529 δὲ
1172 2472 1226 2529 ἐν
1246 2472 1359 2537 ταῖς
1385 2470 1659 2551 Κράτητος
1686 2469 1926 2547 Τόλμαις

541 2594 761 2679 Πρῶτα
818 2589 950 2680 μὲν,
981 2594 1373 2667 ταλαντιαῖος
1426 2591 1596 2665 ὅστις
1632 2590 1757 2655 ἔστ’
1790 2593 2014 2673 αὐτῶν,

1847 2700 2014 2791 λέγε·

441 2821 673 2970 ξδηλον,
700 2819 803 2881 εἴτε
856 2819 1017 2899 τιμὴν
1066 2820 1215 2903 (hoc
1251 2823 1641 2901 verisimilius)
1660 2865 1676 2893 ,
1712 2820 1816 2881 εἴτε
1846 2824 2013 2905 ῥοπὴν

474 2910 597 2990 ἑγεμ

1196 3017 1251 3075 3.

522 3131 685 3188 Idem
721 3151 813 3208 10,
840 3131 914 3198 54
962 3150 976 3191 :
1007 3128 1155 3205 παρὰ
1184 3128 1240 3188 δὲ
1269 3129 1515 3208 Κράτητι
1548 3133 1601 3190 ἐν
1638 3137 1753 3197 ταῖς
1778 3129 2014 3206 Τόλμαις

443 3219 565 3300 (sic
594 3221 777 3278 codex
804 3241 914 3298 pro
940 3224 1100 3298 vulg.
1132 3219 1415 3299 Ἑορταῖς)
1446 3218 1539 3278 καὶ
1568 3220 2012 3300 ἀστραγαλω-

438 3305 515 3387 τή
543 3330 619 3375 τις
640 3306 892 3384 μάστιξ
932 3307 1255 3385 ὠνόμασται.

1195 3431 1248 3491 4.

516 3536 680 3592 Idem
708 3557 768 3607 7,
799 3556 875 3612 9²
902 3555 918 3595 ε
945 3534 1012 3595 τὰ
1041 3533 1097 3594 δὲ
1126 3534 1389 3616 πίλυντρα
1406 3580 1425 3609 ,
1468 3523 1603 3604 εἶδος
1640 3535 2010 3613 ὑποδήματος,

436 3622 614 3702 ὥσπερ
640 3623 731 3682 καὶ
763 3623 831 3681 τὰ
862 3625 1046 3683 ποδεῖα
1066 3668 1082 3696 ,
1114 3625 1305 3683 ταύτὸν
1336 3617 1399 3697 ἦν
1437 3634 1550 3691 ταῖς
1586 3623 1919 3703 ἀναξυρίσιν,
1951 3623 2012 3692 ἃς

437 3710 652 3778 σκελέας
691 3707 823 3778 τινὲς
860 3712 1195 3788 ὀνομάζουσι.
1246 3715 1344 3792 Κρ.
1377 3713 1423 3770 δ’
1452 3715 1506 3786 ἐν
1554 3711 1867 3791 Ἑορταῖς
1912 3711 2008 3792 ἔφη

437 3825 462 3851 ι
491 3800 608 3857 καὶ
636 3797 708 3869 δὴ
739 3801 972 3857 ποδεῖα
1001 3803 1372 3879 τριμίτινα.
1405 3826 1429 3852 υ
1461 3827 1486 3852 α
1522 3803 1901 3859 Scribendum
1928 3805 2010 3858 vi·

437 3889 560 3946 deri
584 3887 838 3965 Τόλμαις,
856 3891 1105 3948 indicavi
1123 3893 1268 3947 Hist.
1296 3893 1425 3950 crit.
1452 3892 1614 3950 Com.
1636 3910 1699 3965 p.
1728 3890 1827 3947 62.
1848 3891 2011 3947 Libri

436 3973 641 4048 πόδεια,
670 3977 833 4049 cujus
852 3990 1151 4036 accentum
1174 3980 1403 4034 correxi
1425 3997 1495 4034 ex
1516 3989 1806 4052 praecepto
1825 3978 2007 4034 Theo·

436 4073 620 4142 gnosti
654 4067 809 4141 apud
833 4067 1165 4126 Cramerum
1199 4067 1421 4126 Anecd.
1455 4084 1512 4135 α,
1542 4086 1605 4140 p.
1636 4067 1768 4124 128.
1796 4070 1883 4123 De
1903 4086 2008 4123 ve-

433 4157 707 4212 stimentis
726 4157 1004 4213 trilicibus
1016 4156 1346 4215 Schneider.
1368 4155 1561 4212 indice
1585 4156 1815 4230 Scriptt.
1834 4157 1909 4214 R.
1928 4158 2002 4212 R.

432 4263 497 4319 p.
533 4243 666 4315 372.
693 4245 773 4299 »E
798 4246 886 4303 M.

1194 4349 1251 4409 5.

514 4465 720 4523 Athen.
758 4471 852 4537 14,
888 4485 950 4540 p.
988 4464 1128 4538 619,
1157 4467 1206 4522 A
1235 4481 1251 4523 ε
1280 4461 1373 4522 καὶ
1412 4465 1515 4520 τῶν
1544 4465 1817 4536 μισθωτῶν
1850 4461 1904 4521 δέ
1929 4486 2006 4529 τις

1036 4718 1399 4773 AUDACIAE.

1192 4809 1240 4858 1.

431 4887 719 4961 pascitque
743 4893 1039 4962 parasitum
1058 4931 1074 4958 ‚

432 4977 613 5048 rigens
630 4983 813 5034 autem
838 4979 928 5034 ille
959 4977 1104 5050 apud
1130 4977 1487 5049 Megabyzum

433 5079 531 5135 pro
552 5062 799 5120 mercede
823 5063 1005 5121 cibum
1028 5064 1277 5135 accipiet.

1188 5156 1240 5206 2.

434 5237 679 5294 Primum
696 5237 915 5310 quidem
932 5237 1040 5304 dic,
1062 5239 1186 5310 quis
1204 5253 1393 5295 eorum
1414 5236 1681 5294 talentum
1701 5235 1996 5310 possideat.

2113 512 2177 594 ἦν
2214 522 2362 604 ᾠδὴ,
2394 523 2484 583 καὶ
2505 523 2860 603 βαλανέων
2893 525 3080 600 ἄλλαι,
3107 530 3176 594 ὡς
3211 530 3315 607 Κρ.
3353 530 3406 609 §v
3433 531 3505 589 T.
3533 532 3694 589 Libri

2118 612 2410 689 βαλανείων
2430 657 2448 691 ,
2480 615 2641 689 quod
2669 616 2992 673 emendavit
3017 618 3331 693 Schweigh.

2864 745 2920 800 6.

2195 872 2427 929 Photius
2461 892 2522 948 p.
2585 872 2719 943 337,
2771 894 2884 947 ιο,
2935 868 3126 939 Ὀνος
3160 875 3226 931 ἐν
3269 874 3638 949 μελίτταις
3677 902 3688 932 ;

2115 958 2218 1036 Κρ.
2250 960 2348 1030 T..
2389 958 2479 1016 καὶ
2513 959 2734 1035 (malim
2761 962 2862 1030 ὥς)
2888 958 3049 1027 Ὀνος
3076 961 3130 1019 ἐν
3179 960 3352 1041 μόρῳ.
3395 966 3688 1041 παροιμία.

2111 1048 2381 1105 Similiter
2403 1048 2624 1107 Suidas.

2868 1190 2922 1240 7.

2193 1290 2569 1347 Antiatticista
2586 1309 2649 1366 p.
2681 1290 2784 1365 93,
2823 1290 2892 1347 16
2923 1310 2937 1347 :
2965 1288 3025 1358 ἐξ
3049 1286 3198 1349 ὅτου
3215 1334 3232 1362 ,
3253 1290 3371 1349 ἀντὶ
3393 1296 3488 1351 τοῦ
3513 1292 3568 1360 ἐξ
3591 1284 3655 1352 οἶ
3675 1340 3692 1370 ,

2113 1366 2331 1448 ἦλθον.
2361 1379 2462 1456 Κρ.
2493 1378 2562 1438 Τ.

2463 1534 2562 1591 Ex
2603 1532 2945 1595 INCERTIS
2983 1534 3320 1594 FABULIS.

2189 1805 2444 1860 Stobaeus
2481 1806 2678 1863 Floril.
2707 1827 2730 1863 1
2745 1804 2840 1876 15,
2863 1825 2925 1881 9,
2949 1806 3238 1883 adscripto
3259 1809 3523 1867 lemmate
3544 1810 3698 1891 Κρά·

2110 1912 2263 1961 τητος
2291 1888 2342 1955 ἐξ
2374 1889 2580 1970 (immo
2607 1888 2642 1959 ἢ
2659 1934 2677 1969 ,
2702 1905 2769 1949 ut
2789 1905 2946 1950 recte
2971 1895 3184 1972 Mein.)
3212 1892 3562 1977 Ἀντιφάνους.

2207 2010 2530 2096 ὠνείδισάς
2569 2045 2672 2111 μοι
2699 2030 2879 2113 γῆρας
2899 2026 2977 2098 ὡς
3019 2024 3206 2107 κακὸν
3245 2026 3438 2117 μέγα,

2207 2122 2273 2190 οὗ
2312 2129 2393 2215 μὴ
2428 2125 2675 2219 τυχόντι
2709 2126 2960 2203 θάνατός
3011 2130 3136 2195 ἐσθ’
3165 2134 3204 2203 ἡ
3249 2125 3465 2222 ζημία·

2207 2230 2273 2297 οὗ
2307 2232 2526 2309 πάντες
2577 2232 3013 2325 ἐπιθυμοῦμεν,
3055 2230 3128 2301 ἂν
3155 2226 3218 2302 δ’
3264 2236 3410 2331 ἔλθῃ
3442 2242 3643 2325 ποτὲ,

2208 2337 2486 2430 ἀνιώμεθ’
2509 2360 2523 2375 ·
2556 2342 2742 2417 οὕτως
2777 2340 2958 2433 ἐσμὲν
2988 2340 3307 2435 ἀχάριστοι
3357 2345 3554 2435 φύσει.

2109 2488 2284 2541 Versu
2329 2506 2355 2541 1
2396 2505 2508 2562 pro
2537 2506 2628 2563 μοι
2671 2487 2802 2543 cod.
2848 2491 3008 2545 Voss.
3047 2486 3126 2547 τό.
3158 2491 3226 2548 V.
3263 2508 3296 2544 α
3333 2490 3628 2547 librorum
3651 2482 3698 2573 ᾧ

2107 2570 2182 2648 μὴ
2223 2595 2274 2631 τ.
2325 2576 2578 2631 correxit
2599 2575 2830 2635 Gesner.
2867 2575 2922 2634 3.
2959 2600 2984 2627 α
3017 2578 3076 2633 Si
3119 2576 3390 2653 Cratetis,
3412 2598 3540 2635 non
3565 2585 3697 2637 An-

2107 2663 2382 2736 tiphanis,
2433 2664 2816 2739 fragmentum
2869 2676 2984 2737 est,
3041 2666 3410 2722 scribendum
3455 2664 3526 2736 ἢν
3581 2688 3695 2744 pro

2105 2748 2188 2809 ἄν.
2220 2776 2246 2803 n
2293 2755 2470 2813 Mein.
2517 2755 2631 2826 Qui
2675 2766 2832 2810 recte
2887 2753 3288 2811 animadvertit
3338 2758 3690 2831 Antiphanis

2105 2843 2296 2916 potius
2333 2860 2450 2899 esse
2485 2860 2658 2916 quam
2699 2844 2953 2914 Cratetis,
3011 2844 3073 2899 in
3113 2844 3404 2919 alteraque
3429 2846 3696 2904 editione

2101 2933 2235 2990 hinc
2258 2951 2491 3009 prorsus
2517 2933 2814 3009 ablegavit.

2858 3076 2915 3110 2.

2186 3176 2348 3231 Idem
2385 3195 2406 3230 1
2425 3175 2517 3244 16,
2553 3175 2647 3232 31.

2203 3299 2256 3372 ὸ
2289 3304 2404 3399 γὰρ
2433 3305 2639 3398 χρόνος
2685 3312 2749 3396 μ’
2799 3303 3071 3396 ἔκαμψε,
3104 3307 3340 3371 τέκτων
3374 3311 3447 3372 οὐ
3477 3311 3691 3400 σοφὸς,
3777 3335 3779 3362 ³

2203 3411 2446 3478 ἅπαντα
2477 3403 2544 3476 δ’·
2561 3405 2952 3503 ἐργαζόμενος
2981 3409 3391 3503 ἀσθενέστερα.

2105 3561 2170 3618 V.
2209 3557 2235 3614 i
2266 3557 2398 3614 cod.
2443 3561 2604 3617 Voss.
2635 3569 2688 3614 et
2711 3575 2911 3633 margo
2955 3557 3192 3614 Gesneri
3217 3553 3418 3614 τέκτων
3459 3555 3564 3634 μὲν
3607 3581 3694 3618 σο-

2104 3644 2226 3725 φὸς,
2261 3645 2420 3720 quod
2447 3646 2676 3703 Grotius
2693 3655 2953 3704 secutus:

2183 3774 2275 3832 Me
2305 3787 2525 3851 tempus
2547 3777 2870 3832 incurvavit
2890 3817 2905 3846 ,
2937 3777 3193 3851 egregius
3213 3775 3394 3848 faber,

2181 3865 2292 3921 Sed
2315 3863 2694 3920 imbecilliora
2715 3863 2911 3920 reddit
2935 3865 3148 3922 omnia.

2101 3993 2384 4049 Nimirum
2418 3991 2538 4046 haec
2582 4003 2666 4047 est
2695 3991 3022 4047 emendatio
3051 3991 3322 4064 alicujus,
3353 3995 3464 4065 qui
3507 3996 3696 4050 nollet

2101 4089 2320 4154 tempus
2339 4081 2619 4154 appellari
2649 4079 2878 4136 fabrum
2905 4082 3281 4155 insipientem.
3319 4081 3446 4136 Nec
3497 4093 3696 4138 tamen
3765 4123 3767 4132 .

2099 4169 2298 4242 inepta
2319 4177 2404 4222 est
2425 4169 2808 4242 plurimorum
2843 4167 3110 4224 codicum
3137 4169 3424 4242 scriptura
3445 4209 3462 4236 ,
3513 4188 3694 4242 qnam
3763 4247 3765 4250 Α

2097 4257 2178 4311 sic
2201 4267 2388 4311 vertas
2415 4275 2428 4309 :

2177 4377 2320 4432 Nam
2343 4388 2563 4451 tempus
2581 4395 2671 4432 me
2701 4377 2974 4442 curvavit,
3009 4375 3164 4432 haud
3191 4376 3423 4450 sapiens
3451 4379 3694 4452 quidem

2178 4463 2380 4532 Faber,
2409 4463 2510 4519 sed
2539 4465 2826 4520 imbecilla
2855 4463 3063 4520 faciens
3087 4464 3300 4518 omnia.

2453 4715 2554 4769 EX
2599 4715 2942 4770 1NCER’rls
2979 4713 3309 4771 FABULlS.

2097 4885 2480 4956 vituperavisti
2504 4885 2635 4940 mihi
2655 4807 2988 4942 senecttitem
3007 4927 3022 4952 ,
3045 4884 3190 4940 velut
3206 4881 3424 4955 grande
3445 4887 3688 4952 malum,

2095 4988 2259 5046 quam
2288 4981 2471 5029 tamen
2503 4987 2615 5028 non
2635 4981 2990 5030 consecutum
3017 4987 3164 5028 mors
3187 4972 3384 5044 punit3

2094 5074 2260 5133 quam
2287 5075 2476 5117 omnes
2496 5062 2777 5133 cupimus„
2801 5077 2930 5118 cum
2957 5068 3141 5116 autem
3161 5059 3419 5128 advenit,

2095 5147 2407 5205 fastidimus
2436 5168 2448 5203 :
2479 5137 2592 5206 t'am
2623 5149 2822 5222 ingrati
2847 5165 3040 5207 sumus
3067 5155 3280 5206 natura.
