3809 5850
439 434 548 483 221

437 552 592 629 μένον
618 552 787 623 ἐστὶν,
821 555 890 617 ὡς
919 552 1080 609 συκέα
1129 554 1294 623 συκῆ,
1337 552 1544 613 λεοντέα
1579 556 1790 629 λεοντῆ,
1821 553 1991 613 κωλέα

434 642 710 711 κωλῆ...
742 642 846 701 m.
885 640 1083 720 Γρυψὶν

533 752 740 845 ἰχθῦς,
775 760 978 833 κωλᾶς
1001 805 1020 841 ,
1063 757 1310 847 φύσκας.

1191 892 1245 951 ι..

1426 422 1836 485 COMOEDlAE
1879 423 2217 485 VETEMS
2262 424 2671 499 RELlQmAE.

2460 577 2565 637 Vl.
2612 576 2887 648 ΕΑΛΑΣ,
2936 578 2981 636 ll
3028 575 3283 636 ΝΗΣΟΙ.

2172 724 2252 778 Ea
2277 721 2464 777 fabula
2494 722 2829 797 simpliciter
2857 717 3051 785 Ἑλλὰς
3078 724 3269 777 vocari
3296 723 3463 791 solet,
3491 724 3649 796 pleno
3738 778 3740 789 2

2092 822 2273 867 autem
2302 811 2469 866 titulo
2498 809 2657 884 apud
2682 809 2919 883 Suidam
2957 821 3014 865 et
3052 809 3369 865 Eudociam
3400 805 3597 872 Ἑλλὰς
3620 808 3651 877 ἢ

2095 897 2399 967 Νῆσοι,ιιΙιί
2418 896 2651 953 fortasse
2668 896 3002 970 ponendum
3022 907 3107 953 est
3124 893 3215 955 Ἓ.
3238 918 3271 952 κ
3286 892 3357 951 αὶ
3378 898 3473 965 N„
3486 916 3653 971 quum

515 990 798 1061 llarpocr.
827 1006 890 1061 p.
940 984 1074 1057 154,
1115 1006 1138 1041 1
1161 1029 1177 1055 ,
1227 999 1285 1043 et
1321 986 1516 1060 Phot.,
1545 986 2002 1063 Πλειστηριά·
2094 986 2279 1040 minus
2315 996 2470 1040 recte
2522 994 2963 1059 componantur,
3014 995 3284 1058 tanquam
3322 1001 3653 1058 synonyma,

436 1095 664 1138 σαντες
697 1092 712 1131 :
741 1071 856 1130 ἀντὶ
879 1078 970 1131 τοῦ
1007 1070 1383 1151 ὖπερὸαλόντες
1412 1074 1466 1131 ἐν
1503 1077 1568 1153 τῇ
1605 1078 1734 1153 τιμῇ
1771 1077 1876 1132 τῶν
1914 1098 2004 1132 πι-

2096 1068 2294 1137 Ἓλλὰς
2320 1082 2376 1128 et
2408 1072 2583 1141 Νῆσοι
2614 1072 2840 1144 (Insulae
2866 1071 3071 1128 Graecae
3090 1070 3131 1146 ),
3154 1080 3285 1145 apte
3312 1082 3505 1128 autem
3524 1090 3655 1127 con-

436 1158 912 1239 πρασκομένων....
929 1158 1184 1241 κέχρηται
1210 1162 1288 1241 τῷ
1317 1158 1535 1237 ὀνόματι
1553 1163 1642 1219 καὶ
1663 1164 1772 1221 Πλ.
1790 1165 1820 1221 ὁ
1843 1184 2009 1237 κωμι·
2090 1157 2302 1233 junctae
2328 1168 2695 1235 opponantur
2718 1159 2939 1233 Atticae,
2967 1176 3092 1233 quae
3126 1158 3415 1217 dominari
3434 1160 3655 1215 utrobi-

410 1248 524 1327 ab<
549 1251 601 1308 ἐν
632 1248 850 1328 Γρυψίν.
879 1252 966 1311 Cf.
990 1251 1198 1310 Blomf.
1229 1251 1305 1307 ad
1325 1250 1569 1327 AEschyli
1581 1252 1838 1327 Choepb.
1862 1252 2007 1327 961.

953 1423 1027 1484 V.
1072 1423 1469 1483 ΔΑῙΔΑΛΟΣ.

516 1591 541 1618 ι
573 1570 658 1624 De
705 1568 970 1638 Daedalo,
1021 1588 1139 1643 quo
1186 1570 1354 1625 titulo
1405 1570 1579 1627 etiam
1611 1571 2012 1645 Aristophanes

437 1654 684 1711 fabulam
713 1655 942 1727 docuit,
988 1658 1219 1733 insignis
1247 1668 1329 1713 est
1369 1656 1669 1714 Clementis
1700 1658 1794 1717 Al.
1847 1660 2010 1715 locus

435 1744 643 1800 Strom.
670 1743 730 1813 6,
759 1764 821 1819 p.
860 1744 971 1815 752
1007 1764 1022 1799 t
1059 1742 1288 1803 Πλάτων
1319 1738 1378 1801 τὲ
1418 1745 1448 1801 ὁ
1487 1741 1719 1819 κωμικὸς
1745 1744 1835 1802 καὶ
1867 1746 2008 1823 Ἀρι-

439 1826 697 1905 στοφάνης
721 1830 775 1886 ἐν
801 1828 1051 1909 Δαιδάλῳ
1077 1828 1146 1887 τὰ
1178 1830 1422 1901 ἀλλήλων
1463 1833 1822 1911 ὑφαιροῦνται.
1867 1834 2007 1907 Quae

438 1918 612 1991 paulo
635 1917 1009 1993 negligentius
1031 1920 1319 1975 enuntiata
1347 1922 1424 1976 sie
1448 1920 1604 1976 haud
1629 1920 1801 1978 dubie
1839 1923 2006 1977 intel-

437 2004 668 2077 ligenda
691 2016 854 2077 sunt,
900 2004 1200 2063 Platonem
1233 2026 1302 2083 ex
1346 2010 1735 2084 Aristophanis
1771 2010 2005 2067 Daedalo

437 2094 708 2151 nonnulla
744 2096 806 2149 in
825 2114 984 2153 suam
1012 2095 1260 2170 ejusdem
1290 2099 1442 2153 tituli
1472 2098 1723 2155 fabulam
1760 2109 2007 2155 transtu-

437 2180 559 2236 lisse
577 2224 594 2251 ‚
653 2183 1194 2261 Aristophanemque
1245 2206 1441 2242 rursus
1486 2205 1556 2243 ex
1596 2186 1716 2243 aliis
1757 2188 2005 2243 Platonis

435 2268 640 2325 fabulis
667 2290 824 2327 suam
845 2273 1139 2329 Daedalum
1167 2274 1386 2331 ditasse.
1411 2276 1746 2351 Exemplum
1775 2278 1858 2332 rei
1878 2280 2005 2333 uni-

437 2374 594 2424 cum,
633 2358 792 2431 quod
845 2374 1126 2435 superest,
1177 2362 1378 2419 fabulae
1418 2363 1794 2439 fragmentum
1851 2366 2005 2439 apud

436 2442 615 2503 schol.
648 2446 898 2501 Nubium
927 2448 1076 2517 663,
1107 2450 1226 2518 ubi,
1257 2452 1359 2525 qui
1399 2469 1433 2507 e
1469 2449 1724 2507 Platonis
1769 2452 2001 2509 Daedalo

438 2528 755 2587 afferuntur
780 2552 1003 2606 νει-ωε,
1032 2536 1106 2593 ab
1149 2538 1272 2593 aliis
1319 2555 1390 2594 ex
1425 2538 1821 2613 Aristophanis
1862 2540 2002 2597 dra-

435 2629 587 2674 mate
628 2618 966 2698 deprompta
995 2625 1284 2683 dicuntur.
1314 2650 1340 2677 »a
1374 2628 1425 2681 E
1444 2629 1534 2686 M.

515 2707 710 2767 Schol.
741 2712 1032 2786 Aristoph.
1066 2714 1317 2771 Nubium
1346 2713 1460 2770 663
1497 2732 1510 2767 ε
1545 2712 1706 2792 σαφὲς
1727 2711 1782 2771 δὲ
1806 2712 2003 2791 γίνεται

437 2792 789 2871 (ἀλεκτρυόνα
841 2799 1106 2873 gallinam
1141 2800 1286 2872 dici)
1326 2800 1381 2857 ἕν
1425 2798 1768 2883 Ἀμφιαράῳ,
1807 2800 1899 2859 καὶ
1948 2804 2001 2860 ἐν

436 2880 512 2961 τῷ
543 2880 824 2952 Πλάτωνος
862 2883 1142 2968 Δαιδάλῳ,
1196 2912 1221 2940 ιι
1253 2884 1458 2948 Ἐνίοτε
1489 2886 1683 2947 πολλαὶ
1720 2890 1824 2947 τῶν
1871 2890 2003 2948 ἀλε-

435 2968 697 3048 κτρυόνων
732 2971 824 3031 καὶ
852 2973 1117 3052 ὓπηνέμια
1163 2973 1423 3033 τίκτουσιν
1459 2973 1542 3056 ᾠὰ
1581 2974 1852 3043 πολλάκις.
1889 2981 1919 3036 ὁ
1948 2975 2001 3036 δὲ

436 3063 562 3124 παῖς
587 3057 730 3117 ἔνδον
772 3059 864 3128 τὰς
911 3062 1257 3142 ἀλεκτρυόνας
1283 3063 1450 3125 σοὸεῗ.
1483 3090 1509 3115 ¹·
1555 3067 1641 3122 Ita
1665 3066 1784 3122 haec
1822 3067 2005 3123 edidit

417 3147 700 3228 ‘Musurus
728 3151 788 3205 in
813 3151 1044 3208 scholiis
1073 3153 1326 3223 Aldinis3
1352 3153 1486 3209 libri
1519 3155 1762 3209 Venetus
1789 3164 1847 3210 et
1873 3156 2002 3210 Ra-

433 3253 644 3293 vennas
683 3258 802 3294 non
845 3253 1182 3316 agnoscunt.
1220 3243 1521 3299 Athenaeus
1550 3261 1608 3317 9,
1641 3262 1700 3317 p.
1747 3241 1884 3314 374,
1932 3241 1999 3314 C,

435 3322 580 3379 duos
601 3328 823 3400 priores
841 3347 1032 3386 versus
1058 3349 1130 3386 ex
1151 3331 1542 3407 Aristophanis
1557 3331 1791 3389 Daedalo
1810 3331 1999 3404 affert,

435 3413 639 3470 omisso
667 3413 827 3473 ἐνίοτε
859 3437 872 3472 ;

529 3519 779 3597 4Ιἐνίοτε
815 3532 1046 3598 πολλαὶ
1086 3541 1211 3600 τῶν
1233 3533 1643 3628 ἀλεκτρυόνων
1677 3537 1784 3625 βίᾳ

541 3637 844 3727 ὑπηνέμια
874 3637 1177 3704 τίκτουσιν
1220 3637 1310 3723 ᾠὰ
1341 3640 1656 3719 πολλάκις.

433 3761 592 3816 Libri
639 3759 905 3835 ὑπηνέμια
938 3761 1058 3841 βία,
1091 3763 1190 3820 sed
1225 3776 1384 3821 recto
1429 3765 1634 3823 ordine
1667 3763 1908 3824 Photius
1946 3779 2001 3823 et

432 3847 634 3904 Suidas
659 3867 716 3908 v.
748 3845 1078 3926 Ὗπηνέμια,
1097 3851 1198 3924 qui
1224 3852 1434 3908 habent
1460 3851 1618 3909 ἐνιότε
1648 3853 1819 3931 (sic).
1850 3852 1995 3910 Por·

432 3953 604 3990 sonus
629 3932 732 3994 ‘Ev
758 3934 903 4005 ἴστε,
947 3939 1262 3994 Meinekius
1301 3927 1382 3997 Εὖ
1417 3938 1565 4011 ἴστε,
1607 3959 1718 4015 pro
1747 3942 1845 3996 illo
1890 3962 1999 3998 vo-

433 4023 671 4092 cabulo,
700 4024 860 4096 quod
888 4025 949 4079 in
975 4026 1061 4082 his
1087 4025 1223 4082 ferri
1263 4046 1378 4083 non
1411 4039 1619 4102 potest.
1651 4031 1896 4104 Reliqua
1918 4033 1998 4088 sic

430 4111 650 4184 scripsit
681 4113 941 4168 Heinsius
967 4130 983 4170 ε

529 4217 583 4290 ὁ
617 4214 689 4289 δὲ
721 4231 860 4302 παῖς
887 4221 978 4291 ὅδ’
1009 4219 1182 4293 ἔνδον
1215 4227 1326 4305 τὰς
1363 4229 1756 4324 ἀλεκτρυόνας
1809 4228 1991 4300 coget.

431 4339 767 4406 Frit'zschius
796 4348 865 4409 ‘0
899 4357 1023 4418 παῖς
1053 4350 1110 4410 δέ
1141 4353 1192 4430 γ’
1221 4351 1324 4413 ἔνδ.
1354 4357 1498 4413 Uter
1527 4371 1716 4414 autem
1743 4362 1995 4417 comicus

432 4448 628 4492 utrum
695 4439 1030 4514 expilaverit
1048 4482 1066 4512 ,
1125 4445 1252 4516 quis
1296 4443 1470 4501 hodie
1533 4445 1772 4503 definire
1819 4450 1997 4504 ausit?

431 4525 704 4600 Bergkius
745 4527 1086 4586 Commentt.
1117 4549 1178 4605 p.
1218 4537 1324 4596 421
1375 4535 1588 4588 crimen
1615 4535 1747 4591 sacti
1774 4537 1834 4590 in
1861 4538 1995 4592 Pla-

433 4624 626 4668 tonem
653 4612 922 4690 conjicit,
947 4616 1020 4672 de
1037 4616 1200 4689 cujus
1229 4621 1454 4694 ingenio
1473 4622 1657 4678 minus
1677 4623 1996 4680 honorifice

428 4701 595 4756 sentit
622 4719 688 4757 ac
717 4701 981 4760 debebat.

1191 4893 1244 4944 3.

431 4971 612 5027 Piscoe
629 5011 644 5037 ‚
671 4984 896 5042 pernas,
922 4969 1225 5030 sai-cimina.

1015 5063 1394 5119 DAEDALUS.

431 5143 624 5200 Multae
655 5144 974 5215 gallinarum
997 5153 1188 5204 contra
1207 5157 1460 5205 naturam

429 5231 610 5288 inania
631 5233 851 5303 pariunt
875 5245 974 5288 ova
993 5231 1212 5304 saepius.

2098 1268 2211 1323 que
2258 1248 2546 1306 studebat.
2578 1272 2603 1299 ι
2636 1252 2841 1305 Actum
2870 1248 2965 1304 hic
3004 1247 3230 1305 videtur
3264 1248 3338 1305 de
3381 1249 3655 1303 maritimo

2098 1336 2521 1393 Atheniensium
2545 1338 2787 1412 imperio
2804 1379 2821 1411 ,
2846 1334 3010 1409 quod
3030 1336 3137 1391 sibi
3157 1346 3415 1410 ereptum
3438 1347 3658 1409 questus

2098 1429 2270 1486 fuerit
2315 1431 2612 1503 Neptunus
2665 1428 2738 1483 fr.
2788 1446 2823 1483 a
2875 1447 2887 1481 :
2940 1428 3095 1485 unde
3129 1429 3241 1484 hoc
3282 1427 3484 1483 drmna
3536 1440 3661 1503 post

2099 1520 2315 1592 olymp.
2347 1517 2421 1591 93
2452 1521 2611 1592 (ante
2632 1517 2768 1573 Chr.
2786 1527 2906 1575 nat.
2930 1512 3287 1591 407—404.)
3306 1534 3485 1573 scenae
3512 1534 3661 1573 com·

2098 1606 2328 1659 missum
2353 1614 2537 1677 putes.
2568 1627 2591 1653 υ
2627 1604 2677 1659 E
2699 1604 2785 1661 M.

2852 1718 2901 1757 ι.

2178 1810 2413 1867 Photius
2461 1822 2519 1866 et
2560 1810 2761 1867 suidas
2779 1853 2796 1881 ,
2856 1806 3084 1884 Φάλαγξ
3134 1827 3150 1867 :
3189 1810 3427 1878 θηλυκῶς
3466 1811 3495 1865 δ
3532 1806 3659 1885 ἆρά-

2096 1920 2245 1977 χνης.
2296 1898 2407 1958 Πλ.
2440 1895 2661 1957 Ἑλλάδι
2700 1918 2726 1953 α
2754 1894 3022 1956 Ἔοίκασιν
3058 1899 3187 1971 ἡμῖν
3216 1898 3263 1954 οἱ
3290 1896 3440 1972 νόμοι
3466 1895 3659 1959 τούτοις

2096 1986 2202 2053 τοῖς
2238 1985 2437 2065 (Phot.
2466 1984 2695 2043 τούτοισι
2742 1987 2906 2059 τοῖσι,
2950 1986 3203 2042 Eustath.
3242 1985 3319 2041 ad
3343 1987 3489 2060 11.p.
3528 1992 3659 2060 924,

2097 2076 2151 2145 8,
2174 2076 2485 2132 secundum
2507 2074 2717 2130 AElium
2737 2075 3095 2150 Dionysium,
3116 2072 3281 2147 τοῖσι)
3310 2072 3521 2138 λεπτοῖς
3546 2076 3663 2149 ἀρα-

2096 2160 2257 2239 χνίοις
2270 2204 2287 2234 ,
2332 2160 2367 2219 ἃ
2416 2163 2551 2217 τοῖσι
2594 2158 2843 2237 τοίχοισιν
2888 2158 3117 2238 (τοίχοις
3156 2161 3347 2235 Eust.)
3382 2162 3419 2229 ἡ
3456 2158 3661 2238 φάλαγξ

2095 2250 2317 2329 ξηραίνει.
2344 2276 2367 2301 ι
2394 2250 2575 2309 Mein.
2600 2246 2789 2315 Εἷξασι
2820 2260 2879 2305 et
2897 2267 3059 2305 versu
3087 2268 3121 2305 α
3138 2290 3155 2319 ,
3184 2248 3497 2305 secundum
3520 2250 3661 2305 Gro-

2095 2341 2239 2395 tium
2260 2351 2319 2397 et
2343 2341 2663 2395 Porsonum
2690 2337 2849 2413 apud
2886 2338 3079 2408 Phot.,
3106 2334 3169 2393 ἂν
3198 2336 3353 2393 τοῖσι.
3390 2356 3423 2393 ιι
3448 2339 3656 2393 Forma

2094 2425 2260 2494 εἴξασι
2284 2426 2374 2501 (id
2398 2425 2581 2483 edidit
2606 2426 2783 2484 Mein.
2808 2426 2957 2502 )pr0
2980 2424 3208 2482 ἐοίκασιν
3234 2443 3367 2480 usus
3388 2436 3471 2481 est
3496 2428 3657 2481 Plato

2094 2535 2247 2575 com.
2280 2513 2601 2590 symmach.
2628 2531 2690 2585 a,
2730 2531 2783 2583 1,
2826 2524 2884 2569 et
2913 2512 3164 2569 Eubulus
3194 2513 3463 2588 Stephan.
3508 2532 3568 2583 1,
3600 2512 3657 2581 83

2096 2605 2171 2661 cf.
2201 2603 2507 2661 Ruhnken.
2536 2601 2611 2658 ad
2632 2601 2779 2657 Tim.
2806 2621 2866 2675 p.
2895 2602 3064 2677 89‚'et
3093 2600 3347 2662 Pierson.
3382 2601 3458 2657 ad
3488 2600 3657 2659 Μαι.

2092 2713 2157 2769 p.
2194 2700 2326 2764 147.
2358 2692 2548 2765 Etym.
2580 2690 2658 2747 Μ.
2686 2710 2749 2765 p.
2780 2690 2925 2760 786,
2956 2690 3029 2747 50
3064 2708 3081 2745 z
3123 2688 3333 2764 λέγεται
3360 2687 3541 2746 δὲκαὶ
3574 2692 3659 2757 θη-

2091 2778 2262 2849 λυκῶς
2286 2781 2321 2849 ἡ
2358 2774 2584 2857 φάλαγξ.
2624 2774 2853 2835 Πλάτων
2880 2776 3123 2837 Ἑλλάδι.
3156 2778 3337 2851 Hujus
3374 2780 3663 2835 sententiae

2094 2870 2234 2925 alius
2265 2868 2337 2924 ab
2367 2869 2489 2924 aliis
2508 2878 2708 2925 auctor
2732 2867 3086 2942 perhibetur,
3112 2866 3441 2925 Anacharsis
3468 2882 3509 2921 a
3540 2868 3660 2921 Plu·

2096 2959 2293 3015 tarcho
2321 2958 2443 3014 Sol.
2471 2955 2539 3032 5,
2568 2967 2625 3011 et
2641 2957 3067 3030 Theophylacto
3102 2955 3280 3029 Epist.
3312 2974 3375 3029 p.
3412 2953 3513 3026 37,
3554 2957 3659 3012 Za-

2094 3048 2286 3104 leucus
2310 3065 2339 3101 a
2356 3046 2580 3101 Stobaeo
2600 3045 2779 3102 Serm.
2813 3045 2913 3118 45,
2940 3044 3035 3116 25,
3059 3057 3116 3100 et
3138 3045 3387 3100 Maximo
3408 3045 3663 3100 Sentent.

2102 3151 2243 3205 102,
2278 3151 2337 3206 p.
2384 3131 2513 3202 166,
2544 3133 2721 3188 Solon
2758 3149 2793 3186 a
2828 3133 3085 3208 Diogene
3123 3133 3310 3189 Laert.
3346 3149 3395 3198 1,
3445 3129 3545 3185 58.
3588 3131 3661 3188 cf.

2096 3221 2327 3280 Fabric.
2356 3219 2429 3275 ad
2458 3221 2605 3278 Sext.
2637 3219 2858 3293 Empir.
2887 3239 2953 3294 p.
2987 3219 3120 3294 296.
3152 3239 3185 3275 a
3218 3221 3399 3298 Mein-3
3432 3220 3665 3274 Sollici-

2095 3321 2215 3378 tus,
2246 3326 2434 3380 neque
2464 3307 2709 3380 injuria,
2742 3306 2815 3362 de
2844 3305 3220 3380 producenda
3264 3317 3469 3362 contra
3498 3325 3664 3380 regu-

2094 3399 2206 3454 lam
2226 3396 2475 3454 secunda
2501 3397 2658 3453 vocis
2686 3393 2957 3474 ἀραχνίοις
2972 3437 2989 3466 ,
3010 3407 3220 3452 temere
3240 3405 3426 3450 tamen
3440 3439 3459 3472 ,
3493 3398 3663 3451 etiam

2090 3496 2271 3542 metro
2310 3496 2564 3555 mutato,
2601 3485 2888 3539 Porsonus
2930 3483 3087 3557 apud
3116 3483 3383 3538 Photium
3421 3484 3461 3540 l.
3498 3485 3534 3540 l.
3565 3483 3661 3558 [si-

2091 3575 2412 3646 militerque
2436 3573 2575 3628 olim
2600 3573 2833 3629 Grotius
2856 3572 2917 3626 in
2944 3571 3265 3645 Excerptis)
3294 3589 3310 3630 τ

2249 3716 2329 3728 -
2350 3680 2517 3756 ἹΙμῖν
2540 3682 2589 3740 οἱ
2608 3680 2759 3758 νόμοι

2171 3769 2346 3828 εἶκασι
2368 3769 2565 3835 τούτοις
2590 3776 2725 3827 τοῖσι
2748 3768 2956 3834 λεπτοῖς
2982 3767 3249 3845 ἀραχνίοις
3268 3809 3287 3838 ,

2170 3857 2235 3917 ἃν
2257 3858 2391 3918 τοῖσι
2416 3855 2608 3936 τοίχοις
2634 3860 2669 3928 ἠ
2698 3855 2904 3936 φάλαγξ
2932 3853 3221 3934 ὑφαίνεται.

2088 3977 2287 4048 Neque
2316 3995 2461 4051 opus
2480 3993 2601 4031 esse
2629 3987 2769 4049 puto
2800 3974 3201 4050 negligentiam
3228 3983 3417 4047 poeta
3440 3974 3531 4030 vel
3554 3991 3665 4047 pe-

2090 4064 2361 4119 culiarem
2402 4063 2683 4118 rationem
2730 4064 3021 4118 metricam
3057 4061 3337 4131 excusari,
3369 4061 3473 4117 sed
3516 4063 3671 4116 scri-

2090 4149 2343 4207 bendum
2370 4152 2488 4207 siue
2512 4151 2826 4207 offensione

2186 4267 2435 4334 Εἴκασιν
2488 4269 2643 4358 ἡμῖν’
2671 4267 2731 4333 οἱ
2780 4268 2952 4358 νόμοι
3007 4269 3278 4334 τούτοισι
3332 4272 3501 4331 τοῖσι
3560 4271 3667 4331 λε·

3488 4397 3669 4446 πτοις

2186 4469 2551 4571 ἁραχνιδίοις
2568 4529 2589 4560 ‚
2620 4475 2691 4544 ἂν
2722 4485 2882 4544 τοῖσι
2916 4479 3153 4570 τοίχοις
3172 4483 3209 4550 τ’.
3232 4471 3481 4570 φάλαγξ
3494 4477 3669 4566 ὑφαί·

3548 4607 3663 4648 νει.

2089 4713 2157 4768 V.
2192 4729 2320 4766 ann.
2345 4710 2421 4766 ad
2457 4708 2810 4767 Pherecratis
2838 4713 3083 4784 Tyn-ann.
3114 4709 3168 4766 3.
3196 4705 3362 4784 Ἡμῖν
3388 4706 3655 4776 τούτοισις

3555 4825 3645 4834 ———

2088 4877 2232 4932 Puer
2256 4883 2437 4933 autem
2464 4875 2554 4932 hie
2576 4876 2723 4931 intus
2746 4876 2978 4947 gallinas
3005 4875 3191 4944 abigit.

2390 4963 2400 4974 '
2476 4977 2759 5034 HELLAS
2792 4976 2904 5034 sive
2932 4977 3228 5034 msunffi.

2088 5149 2307 5205 Talibus
2334 5148 2491 5205 nobis
2508 5150 2713 5206 similes
2742 5071 3043 5220 sunl-leges
3066 5149 3271 5204 levibus

2042 5295 2049 5302 ,
2087 5236 2327 5302 araneis,
2358 5251 2482 5308 quae
2510 5235 2859 5308 phalangium
2884 5235 3015 5292 texit
3038 5236 3093 5291 in
3122 5234 3313 5292 muris.
