3809 5850
58 4553 71 4584 i·

68 4995 81 5036 ί

71 5080 94 5134 p

1583 566 1925 627 EUPOLlS.

3265 589 3371 639 165

223 696 354 767 Κᾶν
381 722 481 775 τις
509 698 678 789 τύχῃ
720 690 752 725 ⁴³
779 704 1012 788 πρῶτος
1040 688 1311 787 δραμὼν,
1345 696 1550 788 εἴληφε
1581 723 1710 788 χει-
1809 660 1995 754 oratio
2014 698 2343 772 popularis,
2371 699 2427 756 h.
2459 717 2512 758 e.
2546 700 2621 756 ad
2646 702 2953 775 populares
2972 703 3268 777 habenda,
3300 708 3371 762 de

1380 801 1705 896 ρόνιπτρον·

229 906 368 999 ἀνὴρ
401 898 462 971 δ’
505 909 658 971 ὅταν
687 931 782 983 τις
815 906 1036 998 ἀγαθὸς
1074 904 1111 997 ᾖ
1145 906 1248 971 καὶ
1285 911 1581 1001 χρήσιμος
1602 935 1716 975 πο-

1507 1014 1710 1101 λίτης,

223 1121 365 1203 νικᾷ
381 1141 559 1187 τε....
581 1116 850 1209 χρηστὸς
875 1114 980 1201 ὧν,
999 1120 1108 1183 οὐκ
1130 1117 1262 1182 ἔστι
1286 1118 1712 1212 χειρόνιπτρον.

137 1268 160 1292 e
199 1247 416 1300 Versus
442 1260 470 1300 1
503 1244 800 1301 memoria
844 1260 1065 1317 errore,
1093 1253 1160 1299 ut
1189 1243 1442 1329 videtur,
1484 1247 1713 1302 Aristo-

124 1330 308 1403 phani
349 1332 634 1387 tribuitur
687 1350 722 1388 a
763 1333 1137 1407 grammatico
1181 1332 1286 1391 Ms.
1330 1334 1508 1391 Paris.
1557 1334 1715 1409 apud

119 1420 341 1479 Osann.
377 1418 456 1475 ad
483 1419 724 1479 Philem.
769 1439 835 1494 Ρ.
863 1408 1001 1489 noo,
1047 1419 1148 1494 qni
1178 1415 1355 1496 βαλὼν
1397 1430 1457 1475 et
1489 1416 1715 1496 χειρόνι-

118 1528 292 1585 upa.
319 1530 348 1558 ι
370 1508 466 1562 Μ.
495 1506 765 1583 Ineptum
787 1517 871 1563 est
891 1507 1096 1583 πρῶτος
1124 1525 1139 1563 z
1164 1524 1298 1563 nam
1318 1508 1366 1562 si
1384 1524 1580 1563 revera
1597 1508 1716 1582 pri·

113 1614 252 1651 mus
298 1595 518 1669 aliquis
545 1595 799 1651 cucurrit
815 1636 834 1665 ,
882 1612 1108 1668 aequum
1146 1604 1232 1651 est
1265 1612 1398 1651 eum
1435 1593 1716 1651 honorari

109 1679 496 1759 χειρονὶπτρῳ
511 1722 534 1751 ,
577 1699 770 1756 neque
815 1684 1036 1758 opponi
1073 1691 1264 1758 potest
1315 1678 1466 1760 ἀνδρὶ
1507 1681 1711 1763 ἀγαθῷ.

109 1770 464 1826 Audemus
505 1768 760 1843 aliquid,
802 1770 1114 1827 scribentes
1157 1767 1480 1848 πρωκτὸς,
1524 1789 1706 1845 quum

105 1868 332 1913 notum
355 1858 436 1913 sit
453 1897 472 1927 ,
493 1855 664 1913 foedis
683 1876 804 1914 non
828 1858 1158 1915 abstinuisse
1175 1858 1429 1934 Eupolin
1451 1877 1466 1913 :
1489 1877 1550 1913 v.
1575 1876 1714 1933 pro-

105 1944 456 2020 legomena.
506 1943 776 2001 Ridicule
819 1938 1120 2019 κινούμενος
1161 1943 1184 2022 (
1197 1944 1270 2001 fr.
1322 1944 1432 2021 13)
1475 1957 1717 2002 vocatur

105 2029 400 2111 πρωκτὸς,
421 2031 586 2105 quod
603 2049 680 2089 ne
703 2031 1002 2089 ferendum
1019 2050 1192 2108 neges
1207 2072 1226 2102 ,
1251 2032 1554 2090 audiamus
1574 2034 1712 2091 Sue·

103 2122 356 2177 tonimn
405 2121 468 2174 in
509 2119 632 2174 vita
673 2120 928 2191 Horatii,
976 2138 1039 2195 p.
1077 2136 1245 2175 xxxn
1296 2130 1504 2175 nostae
1554 2119 1654 2179 ed.
1695 2140 1710 2175 :

113 2232 142 2255 ε
173 2208 480 2263 Prata-ea
499 2202 520 2284 (
537 2204 854 2283 Augustus)
877 2223 1023 2281 saepe
1042 2224 1175 2262 eum
1199 2202 1542 2283 (Horatium)
1567 2207 1717 2263 inter

109 2296 270 2351 alios
313 2292 488 2367 jocos
533 2294 894 2371 putissimum
920 2312 1134 2368 penem
1180 2304 1239 2349 et
1272 2294 1716 2363 homuncionem

109 2380 546 2457 lepidisimum
589 2381 839 2455 appellat
855 2422 872 2452 ,
923 2405 950 2432 a
993 2391 1112 2439 etc.
1159 2380 1356 2437 Simile
1393 2382 1598 2459 πρῶτος
1624 2382 1716 2437 vel

113 2472 278 2527 forte
305 2471 592 2546 scriptum
614 2468 816 2543 fuerit,
841 2469 934 2525 vel
961 2487 1032 2525 ex
1056 2468 1336 2525 industria
1357 2470 1608 2544 positum
1637 2469 1710 2525 ab

116 2560 326 2633 aliquo
343 2598 364 2627 ‚
395 2561 504 2633 qui
532 2575 678 2615 voce
704 2558 973 2615 obscoena
1010 2556 1414 2614 offenderetur.
1443 2556 1520 2615 V.
1564 2556 1597 2613 3
1625 2558 1712 2613 la-

117 2664 341 2701 cunam
371 2646 672 2721 explentes
696 2646 1018 2722 Schweigh.
1050 2656 1109 2701 et
1149 2646 1442 2701 Porsonus
1471 2643 1708 2703 Advers.

119 2754 182 2808 p.
227 2741 378 2802 114,
407 2740 531 2814 νικᾷ
558 2754 616 2791 τι
649 2730 923 2798 πάντας
964 2752 1057 2812 χρ.
1089 2728 1187 2808 ὧν,
1224 2731 1323 2789 sed
1360 2732 1715 2789 verisimilius

123 2832 208 2876 est
223 2863 244 2891 ,
271 2832 512 2895 poetam
537 2820 748 2877 dixisse
763 2819 921 2876 b'aud
937 2820 1286 2896 ineleganter
1302 2824 1424 2897 νικᾷ
1444 2838 1503 2876 τε
1529 2815 1672 2890 νίκη
1685 2841 1712 2875 ν

125 2929 214 2986 χρ.
243 2906 346 2968 ὤν.
373 2910 448 2966 V.
477 2908 678 2966 Mattb.
703 2908 803 2968 Gr.
845 2907 916 2984 §S
945 2906 1084 2980 413,
1122 2904 1260 2976 415.
1301 2906 1557 2983 Respicit
1600 2906 1712 2964 fra·

124 3010 428 3074 gmentmn
449 3000 609 3059 Eust.
633 2997 744 3057 od.
767 3016 834 3072 Ρ.
875 3002 1046 3067 14⁰1,
1085 3014 1176 3052 ιι.

878 3111 974 3165 17.

201 3207 456 3262 Photius
473 3225 540 3282 Ρ.
573 3204 710 3277 267,
743 3203 842 3276 ns,
871 3214 930 3262 et
955 3202 1158 3261 Suidas
1177 3221 1234 3262 v.
1260 3197 1356 3272 Μὴ
1377 3197 1530 3258 παιδί
1554 3219 1568 3256 =
1601 3198 1709 3271 Μὴ

125 3314 216 3349 πα
233 3295 308 3350 ιδ
319 3292 340 3350 i
373 3289 564 3371 μάχα
581 3312 724 3370 ιραν
757 3310 773 3348 =
803 3287 890 3348 ἐπὶ
916 3291 1020 3348 τῶν
1044 3289 1160 3360 εἰκῆ
1187 3288 1278 3367 (τι)
1305 3284 1712 3368 ἕγχειριζόντων.

125 3379 220 3438 καὶ
245 3381 326 3442 Ε.
361 3384 434 3439 Δ.

221 3499 338 3570 Μὴ
367 3484 553 3560 παιδὶ
583 3491 664 3558 τὰ
695 3490 894 3558 κοινοί.

125 3623 324 3680 Etiam
345 3621 468 3679 boe
507 3621 692 3678 verbo
729 3619 1145 3677 adolescentuli
1183 3619 1276 3675 isti
1313 3617 1708 3674 verberantur.

123 3717 236 3787 Ap.
265 3727 518 3787 gramm.
541 3708 744 3766 addidi
771 3728 844 3764 τι.
918 3785 955 3842 8

883 3806 909 3843 1
960 3827 976 3846 .

199 3898 476 3960 Stobaeus
489 3899 691 3956 norit.
720 3893 820 3968 35,
842 3915 902 3967 α,
920 3897 982 3952 in
1009 3897 1175 3952 titulo
1212 3897 1298 3952 De
1331 3897 1712 3972 breviloquen-

123 3993 204 4043 tia
221 4029 240 4060 ,
271 4007 412 4044 enm
429 3987 700 4043 lemmate
719 3981 955 4048 Εὔπολις
978 3981 1195 4060 Δήμοις.

219 4105 366 4172 Καὶ
403 4113 520 4170 τοῦ
557 4103 670 4196 μὲν
713 4106 773 4168 ἐν
807 4103 1012 4189 κύκλῳ
1047 4127 1118 4196 γε
1160 4105 1471 4195 παύσομαι
1507 4103 1714 4196 λόγου,

215 4212 443 4304 φράσω
473 4203 548 4278 δέ
572 4234 670 4277 σοι
695 4211 770 4276 τὸ
803 4214 1062 4302 πρᾶγμα
1094 4201 1203 4276 διὰ
1231 4203 1264 4240 ⁴¹
1295 4220 1420 4276 τῶν
1457 4210 1716 4304 χωρίων.

117 4339 306 4394 Versu
324 4358 350 4396 1
375 4338 436 4396 lv
456 4337 686 4397 addidit
699 4339 953 4397 Grotius.
980 4342 1050 4397 V.
1075 4357 1112 4395 α
1131 4358 1277 4396 nnus
1295 4340 1509 4396 alterve
1532 4341 1716 4399 codex

135 4431 323 4500 προῖκα
343 4445 464 4504 pro
488 4433 736 4506 πρᾶγμα.
756 4427 958 4484 Scribo
987 4423 1076 4482 διὰ
1097 4429 1191 4484 τοῦ
1219 4424 1468 4506 ’γχωρίοο
1488 4469 1506 4498 ,
1525 4429 1708 4488 intell.

137 4511 306 4588 λόγου.
325 4517 664 4575 Generatim
683 4515 852 4572 dietis
869 4515 946 4572 ad
969 4533 1166 4572 omnes
1183 4511 1378 4592 δήμους
1401 4517 1715 4592 opponitur

885 4685 972 4736 16.

64 4819 96 4857 ι.
153 4763 216 4819 2¹
237 4765 280 4822 5
297 4768 428 4840 ⁴1¹¹is
447 4763 595 4823 ἷῡῐῑθ
619 4763 796 4838 podex
819 4765 1080 4835 fflwrrit,
1108 4779 1310 4838 aquam
1339 4765 1584 4823 lavandis
1602 4781 1714 4823 ma-

1277 4853 1468 4922 [nibus
1486 4853 1712 4927 accipin

163 4935 236 4990 ἕω
257 4948 438 4998 antem
459 4938 548 4996 vir
567 4936 754 4994 bonus
772 4945 858 4995 est
883 4945 943 4995 et
967 4939 1120 4996 utilis
1147 4939 1352 4996 civitati
1369 4979 1390 5006 ‚

169 5021 412 5101 vineitqne
433 5023 722 5084 victoriam
737 5065 753 5093 ‚
778 5025 1030 5098 quamvis
1049 5025 1256 5098 probus
1273 5039 1388 5081 non
1416 5025 1633 5097 accipit.

891 5117 978 5167 ¹⁷.

71 5159 96 5239 ’ἐ
153 5183 226 5240 tce
245 5199 408 5254 pum
439 5180 866 5256 mmmmm.

885 5275 969 5324 is.

157 5361 220 5414 Et
243 5359 532 5430 generatim
563 5355 792 5431 quidem
817 5355 982 5414 dietis
1007 5357 1174 5414 finem
1198 5359 1498 5430 imponam,

1807 803 1870 842 re
1896 786 2217 860 proposita.

2554 884 2643 941 19.

1808 1062 1855 1120 E
1885 974 2085 1120 Sgidas
2102 1015 2121 1045 ‚
2156 970 2456 1050 Ἆγῆλαιτ
2488 978 2711 1050 τιμῆσαι
2740 974 2885 1055 θεὸν,
2911 974 3179 1054 ἀγλαΐσαι.
3204 980 3368 1049 οὕτως

1908 1201 1973 1245 α.
2021 1170 2343 1267 Αναθῶμεν
2370 1184 2467 1242 νῦν
2507 1180 2587 1268 χὴ
2600 1184 2729 1267 μεῖς
2770 1180 3005 1257 τούτοις
3047 1176 3230 1249 τασδὶ
3266 1182 3376 1261 τὰς

3026 1285 3376 1379 εἰρεσιώνας,

1907 1382 2011 1449 καὶ
2053 1384 2537 1477 προσαγ-ήλωμεν
2586 1385 2955 1465 ἐπελθόντες.
3012 1393 3077 1474 β.
3120 1394 3379 1484 Χαίρετε

2584 1490 2838 1570 πάντεςέ
2888 1519 2952 1563 α.
2998 1497 3370 1589 Δεχόμεσθα.

1807 1616 2081 1673 Similiter
2094 1633 2334 1693 granum
2352 1617 2596 1674 Bekkeri
2613 1618 2831 1679 Anecd.
2854 1640 2918 1696 Ρ.
2942 1620 3077 1694 328,
3104 1644 3174 1698 19
3197 1636 3254 1682 et
3276 1625 3375 1699 31,

1809 1704 2027 1760 omissis
2048 1714 2235 1760 tamen
2252 1704 2445 1761 verbis
2469 1703 2619 1783 χαίρ.
2639 1726 2702 1765 π.
2727 1705 2867 1786 δεχ.,
2892 1711 3027 1765 item
3056 1713 3244 1786 Etym.
3274 1714 3375 1783 M„

1806 1794 1915 1849 nisi
1943 1792 2105 1867 quod
2128 1792 2304 1849 habet
2333 1790 2651 1860 ἅπελθόντας
2670 1836 2689 1865 ,
2708 1793 2990 1871 profectos
3004 1837 3023 1866 ,
3052 1799 3214 1873 quod
3236 1800 3379 1857 alie-

1804 1898 1965 1937 num.
1999 1884 2068 1941 V.
2108 1900 2133 1937 1
2179 1882 2313 1938 libri
2338 1878 2431 1947 τὰς
2458 1878 2634 1948 διττὰς
2660 1882 2779 1962 sip„
2810 1898 3127 1943 correctum
3173 1906 3208 1945 a
3234 1887 3379 1945 Por·

1803 1986 1949 2025 sono
1960 1985 2056 2043 ap.
2072 1969 2245 2030 Gaisf.
2261 1969 2339 2025 ad
2352 1970 2634 2044 Hephaest.
2650 1988 2711 2046 Ρ.
2727 1972 2863 2043 278.
2879 1974 3225 2049 Coryphaeus
3235 1977 3381 2033 Cho-

1803 2075 1937 2113 rum
1956 2075 2147 2115 ramos
2173 2058 2313 2113 oleae
2332 2058 2679 2131 suspendere
2692 2057 2859 2130 jubet
2876 2061 2937 2115 in
2961 2061 3242 2117 honorem
3272 2057 3377 2118 de-

1802 2162 2179 2221 magogorum
2206 2162 2277 2201 ex
2299 2143 2454 2201 Orco
2488 2156 2897 2219 evocatorum,
2922 2158 2981 2204 et
3008 2148 3377 2205 accedentem

1805 2234 2065 2289 venerari
2105 2232 2319 2289 animas
2360 2232 2729 2302 clarissimas;
2770 2234 2931 2308 quod
2970 2235 3185 2292 faciunt
3210 2254 3369 2293 senes

1806 2319 2053 2395 chorici3
2084 2318 2316 2393 jamque
2354 2318 2439 2373 illi
2478 2319 2748 2377 abeuntes
2786 2321 3113 2379 valedicunt
3151 2323 3376 2394 Choro,

1806 2407 1909 2479 qui
1932 2407 2146 2481 accipit
2176 2406 2433 2465 salutem.
2468 2444 2475 2453 ·

2544 2504 2641 2543 ao.

1886 2598 2175 2673 Harpocr.
2206 2616 2271 2672 p.
2309 2596 2417 2654 138
2440 2642 2457 2673 ,
2502 2605 2570 2665 14
2602 2618 2615 2653 ε
2649 2597 2703 2654 ἂν
2730 2596 2785 2655 δὲ
2810 2600 2889 2677 τῷ
2932 2598 3271 2674 ὑπομνήματι
3302 2602 3374 2667 εἷς

1805 2681 1893 2741 τὸν
1930 2682 2071 2742 κατὰ
2114 2681 2368 2758 Δημάδου
2396 2682 2465 2742 τὰ
2511 2686 2565 2741 ἐν
2607 2692 2724 2751 ταῖς
2767 2684 2985 2765 τριόδοις
3034 2687 3375 2763 (Didymus)

1805 2768 1962 2850 φησὶν
1982 2768 2247 2830 Ἑκαταῖα
2260 2814 2279 2846 ,
2304 2768 2433 2829 ὅπου
2458 2769 2623 2847 (ὅποι)
2645 2769 2714 2829 τὰ
2734 2771 2994 2852 καθάρσια
3015 2771 3193 2853 ἔφερόν
3214 2797 3373 2846 τινες,

1806 2854 1841 2914 ἃ
1867 2854 2117 2933 ὀξυθύμια
2146 2857 2409 2916 καλεῖται.
2440 2858 2508 2917 Ε.
2532 2858 2599 2918 Δ.

1905 2980 1993 3062 ὸν
2028 3000 2177 3084 χρῆν
2223 2994 2284 3057 ἐν
2320 2998 2521 3062 ταῖσιν
2562 2985 2880 3083 τριόδοισι,
2925 2991 3035 3056 κάν
3074 2998 3197 3069 τοῖς
3234 2991 3371 3074 ὀξυ-

3114 3096 3339 3188 θυμίοις
3356 3149 3376 3179 ,

1900 3203 2341 3295 προστρόπαιον
2363 3210 2473 3278 τῆς
2487 3200 2744 3280 πόλεως,
2762 3199 3013 3266 κάεσθαι
3030 3203 3379 3294 τετριγότα.

1806 3331 2041 3386 Photius
2060 3349 2118 3404 p.
2149 3329 2283 3401 340,
2324 3325 2835 3404 16,’οξυθύμιατ
2859 3323 2929 3383 τὰ
2957 3325 3377 3405 ἀποκαθάρματα

1805 3417 1909 3473 τῶν
1943 3419 2192 3494 μυσαρῶν
2211 3439 2224 3453 ·
2254 3411 2390 3473 οἶδὲ
2432 3412 2501 3472 τὰ
2546 3412 2867 3492 ἀγχονιμαῖα
2906 3411 3053 3480 ξύλα.
3094 3413 3142 3471 οἱ
3172 3411 3227 3472 δὲ
3260 3413 3379 3482 τοὺς

1805 3499 1995 3568 τόπους
2012 3545 2030 3578 ,
2060 3503 2114 3559 ἐν
2142 3491 2216 3568 οἷς
2240 3499 2307 3560 τὰ
2335 3505 2550 3560 τοιαῦτα
2578 3499 2905 3558 κατεκαίετο.
2940 3501 3014 3560 Ε.
3041 3503 3104 3570 A.
3132 3501 3316 3560 Versu
3345 3522 3371 3559 1

1803 3609 1918 3666 pro
1942 3591 2055 3656 ταῖς
2082 3590 2317 3665 quidam
2341 3590 2476 3646 libri
2496 3587 2659 3646 τοῖσιν
2678 3631 2696 3664 ,
2713 3589 2895 3647 Mein.
2924 3590 3118 3646 ταῖσιν.
3140 3591 3373 3646 Frustra

1807 3681 1967 3738 Pors.
1998 3675 2053 3736 ἔν
2081 3699 2137 3736 τε
2168 3685 2303 3744 ταῖς.
2347 3679 2629 3735 Praeterea
2669 3677 3032 3734 scribendum
3067 3675 3173 3732 suit
3209 3681 3379 3734 metri

1805 3769 1989 3844 gratia
2012 3763 2261 3845 τριόδοισι
2284 3785 2396 3841 pro
2416 3767 2653 3841 vulgato
2680 3761 2917 3840 τριόδοις.
2942 3767 3012 3823 V.
3043 3781 3076 3820 α
3099 3766 3233 3820 libri
3250 3762 3379 3843 πρὸς

1805 3853 1867 3912 τὸ
1893 3853 2165 3932 τρόπαιον.
2194 3852 2462 3910 Correxit
2484 3854 2757 3911 Valesius.
2790 3852 3013 3910 Ibidem
3050 3863 3161 3908 tres
3202 3851 3376 3912 codd.

1805 3939 2073 4019 καίεσθαι,
2102 3954 2161 4000 et
2183 3960 2379 4000 omnes
2403 3937 2795 4019 περιτετριγότα
2814 3983 2833 4014 ,
2862 3938 3197 3997 emendante
3224 3941 3377 3994 Por-

1807 4047 1975 4088 sono.
2015 4054 2041 4081 α
2073 4029 2246 4103 Quod
2276 4032 2341 4088 E.
2386 4028 2669 4086 nefarium
2696 4029 2877 4083 civem
2909 4028 3075 4082 istum
3109 4028 3171 4081 in
3198 4023 3378 4092 ὀξυθυ-

1807 4115 1947 4190 μίοις
1972 4117 2238 4174 comburi
2258 4116 2451 4190 jubet,
2480 4117 2828 4171 simillimum
2856 4125 2940 4170 est
2978 4115 3089 4170 illis
3128 4115 3370 4171 Theocr.

1809 4213 1882 4274 ²4
1980 4223 2016 4261 ο
2048 4223 2064 4261 t

1886 4221 2027 4376 ’Ritu
2054 4312 2110 4374 δὲ
2137 4314 2261 4373 τώδ’
2289 4313 2530 4394 ἄγρίῃσιν
2559 4313 2648 4371 ἐπὶ
2672 4311 2883 4392 σχίζῃσι
2910 4311 3153 4392 δράκοντε
3171 4361 3186 4390 ‚

1809 4439 1867 4485 et
1887 4429 2129 4486 Luciani
2156 4429 2321 4486 Alex.
2358 4433 2428 4496 47
2467 4447 2481 4480 ι
2510 4421 2731 4500 κομίσας
2757 4425 3027 4500 (Epicuri
3063 4425 3277 4496 libros),
3303 4426 3373 4488 εἰς

1808 4513 1902 4586 τὴν
1932 4513 2128 4593 ἀγορὰν
2156 4512 2323 4589 μέσην
2351 4511 2569 4571 ἔκαυσεν
2599 4511 2689 4570 ἐπὶ
2717 4510 2883 4578 ξύλων
2912 4509 3155 4571 συκίνων.
3182 4537 3207 4564 ι»
3240 4515 3330 4570 M.

1807 4689 2101 4752 tecumque
2120 4679 2367 4752 populari
2395 4692 2644 4734 sermone
2667 4691 2823 4748 agam
2845 4675 2915 4732 de
2934 4691 2991 4732 re
3011 4677 3301 4748 proposita.

2552 4768 2635 4818 19.

1803 4871 1851 4912 a.
1883 4852 2292 4927 suspendamus
2303 4853 2419 4924 jam
2436 4867 2535 4908 nos
2550 4865 2771 4923 quoque
2786 4849 2889 4906 illis
2906 4849 3007 4906 hos
3022 4863 3200 4906 ramos
3213 4847 3370 4916 oleae,

1806 4951 1861 4999 et
1899 4941 2221 4998 accedentes
2257 4955 2579 4996 veneremur
2620 4939 2780 4996 viroS.
2828 4937 2885 4994 b.
2923 4937 3111 4994 valete
3147 4941 3369 4998 omnes!

2694 5025 2773 5095 fla.
2795 5022 3034 5080 Salutem
3060 5021 3371 5093 accipimus.

2550 5119 2639 5166 20.

1805 5207 1985 5276 Quem
2014 5202 2197 5260 definit
2218 5202 2277 5257 in
2300 5201 2469 5258 triviis
2488 5208 2545 5256 et
2565 5199 2837 5268 ὄξυθυμίοις
2851 5240 2863 5262 ,

1808 5289 2138 5362 piacularem
2164 5287 2401 5356 civibus,
2434 5286 2678 5368 comburi
2706 5287 3043 5341 stridentem.
