3809 5850
469 419 588 470 500

569 549 766 609 Δειν-ὒν
804 547 909 632 μὲν
951 547 1062 634 γὰρ
1114 540 1304 630 ἔχονθ’
1345 541 1440 613 bbg
1492 523 1826 629 536†102‚,‹i›·
1850 528 2027 622 φίλε,

1761 663 2031 710 κνησιαν.

471 779 555 832 lta
583 773 944 830 scribendum
969 789 1084 828 esse
1125 772 1298 828 Mein.
1329 772 1500 826 sensit
1530 769 1677 825 nist.
1705 769 1833 825 crit.
1869 767 2032 822 Com.

469 883 532 938 p.
568 861 700 918 228.
743 863 1044 935 Perperam
1089 859 1222 914 libri
1257 845 1302 914 ὦ
1339 855 1456 935 φίλε
1504 851 1750 925 Κινησία.
1794 857 2041 910 Notatur

471 953 557 1006 luis
582 951 772 1004 nescio
794 950 918 1021 quis
946 965 1127 1022 porco
1149 946 1344 1001 similis
1364 943 1508 1000 facie
1527 954 1586 1000 et
1609 943 1754 998 male
1776 943 2041 1017 pruriens

474 1039 804 1094 admodum
844 1054 1180 1112 porcorum.
1215 1033 1302 1090 Cf.
1340 1033 1633 1106 Aristopb.
1675 1029 1886 1086 Eccles.
1922 1035 2037 1103 914

471 1146 556 1202 sq.
592 1137 646 1181 ct
673 1127 899 1199 Calyp&
929 1143 982 1182 1.

964 1249 1034 1308 X.
1085 1239 1547 1306 ΔΥΡΟΠΟΙΟΣ.

553 1476 759 1532 Athen.
803 1493 896 1542 12,
927 1495 988 1549 p.
1017 1472 1156 1544 548,
1189 1475 1232 1530 C
1265 1493 1278 1526 ε
1307 1470 1386 1528 διὸ
1421 1469 1722 1548 πρεπόντως
1759 1465 1824 1523 ἄν
1861 1491 1939 1532 τις
1968 1465 2043 1525 εἴ·

477 1585 566 1620 ποι
593 1563 670 1640 τῷ
701 1563 844 1640 σοφῷ
867 1559 1037 1638 τούτῳ
1059 1558 1398 1641 [φιλοσόφῳ]
1425 1559 1850 1636 (Anaxarchum
1881 1557 2046 1630 dicit)

479 1650 546 1709 τὰ
575 1650 634 1707 ἐκ
657 1653 746 1707 τοῦ
777 1647 1019 1715 Ἀναξίλα
1051 1651 1362 1728 Λυροποιοῦ,

573 1765 819 1841 Ξανθοῖς
847 1789 915 1830 τε
937 1765 1134 1854 μύροις
1157 1770 1368 1856 χρῶτα
1390 1759 1704 1842 λιπαίνων,

575 1860 867 1960 χλανίδας
898 1869 948 1934 θ’
986 1871 1202 1954 ἕλκων,
1241 1866 1498 1952 βλαύτας
1528 1867 1710 1958 σύρων
1730 1909 1748 1940 ,

581 1971 831 2060 βολὲοὺς
874 1975 1148 2066 τρώγων,
1174 1973 1378 2066 τυροὺς
1415 1971 1698 2055 κάπτων,

579 2079 672 2166 ᾠὰ
705 2081 1050 2160 κολάπτων,
1079 2081 1328 2171 κήρυκος
1356 2073 1534 2159 ἔδων,

487 2181 524 2253 5
581 2195 730 2254 Χῖον
764 2185 969 2271 πίνων,
1002 2185 1104 2250 καὶ
1131 2185 1272 2276 πρὸς
1302 2184 1540 2258 τούτοις

581 2297 638 2358 ἐν
670 2290 997 2385 σκυταρίοις
1019 2296 1299 2381 ῥαπτοῖσι
1329 2297 1517 2380 φορῶν
2092 2261 2101 2422 ἱ

582 2393 850 2488 Epeo-dioc
878 2396 1212 2489 γράμματα
1241 2395 1421 2461 καλοί.
2094 2441 2101 2462 .

486 2529 663 2582 Versu
687 2531 717 2591 4
747 2526 1008 2600 plerique
1049 2525 1182 2580 libri
1227 2520 1458 2602 κήρυκας
1477 2563 1494 2592 ,
1526 2523 1574 2582 Ρ
1604 2517 1872 2598 μήρυκας,
1901 2519 2057 2592 pisce
2093 2505 2101 2566 Ϊ

489 2612 722 2686 quidem
767 2631 872 2686 per
916 2631 974 2668 se
1017 2630 1138 2666 non
1189 2612 1374 2666 minus
1414 2620 1583 2684 apto;
1637 2607 1736 2664 sed
1775 2608 2056 2680 ineptum,
2094 2597 2102 2640 ἶ

488 2700 650 2772 quod
703 2701 840 2755 item
881 2699 1098 2756 habent
1146 2699 1317 2757 codd.
1368 2695 1537 2775 ἔχων,
1587 2695 1872 2770 quidquid
1919 2694 2061 2750 dicit

489 2787 809 2862 Schweigli.
841 2787 914 2844 ad
937 2787 1144 2842 Athen.
1175 2805 1231 2858 7,
1254 2804 1313 2860 p.
1337 2785 1472 2856 287,
1491 2786 1568 2854 F;
1589 2802 1775 2857 neque
1797 2785 1878 2838 ita
1910 2783 2059 2838 male

491 2875 675 2949 Toup.
713 2875 884 2931 suasit
937 2871 1084 2945 ἔδων,
1130 2894 1306 2951 quum
1355 2872 1457 2933 ἔδω
1501 2884 1836 2949 usurpatum
1873 2874 1950 2929 sit
1986 2871 2059 2929 ab

491 2964 680 3019 Alcaeo
705 2963 927 3020 comico
941 2956 1142 3021 Athen.
1162 2984 1213 3036 7,
1241 2984 1302 3040 p.
1325 2963 1463 3037 316,
1479 2964 1542 3033 C;
1561 2964 1800 3018 nimium
1814 2980 1953 3018 vero
1978 2970 2060 3017 est

491 3052 790 3127 vulgatum
825 3048 1092 3131 κήρυκας,
1141 3046 1354 3127 vixque
1393 3054 1663 3121 dubium,
1710 3052 1850 3126 quin
1890 3056 2077 3125 poeta'

493 3138 698 3194 dixerit
721 3135 804 3208 κή
823 3162 853 3216 ρ
873 3160 1018 3204 υκος
1039 3142 1132 3197 vel
1157 3138 1420 3219 μήρυκος,
1460 3151 1684 3217 partem
1713 3142 1931 3197 scilicet
1964 3158 2063 3195 seu

494 3226 735 3282 frustum
763 3227 932 3301 piscis
964 3228 1214 3303 appositi
1253 3226 1599 3302 significans.
1644 3232 1714 3287 V.
1749 3248 1782 3298 ⁰7
1815 3226 2062 3283 scribam

493 3308 746 3390 Ἐφεσῗνα
767 3308 836 3369 τὰ
867 3334 950 3391 γρ.
981 3317 1112 3370 Nou
1139 3315 1330 3371 iuveni
1363 3316 1599 3389 quidem
1620 3314 1890 3397 Ἐφεσῖνος
1908 3316 2063 3392 apud

493 3403 636 3458 alios
661 3403 910 3475 Graecos3
937 3404 1036 3460 sed
1055 3404 1258 3464 Cicero
1282 3406 1529 3481 Philipp.
1554 3405 1616 3477 3,
1653 3406 1689 3461 6
1723 3424 1740 3464 .-
1771 3406 2063 3481 Ephesina

497 3492 711 3549 mulier.
741 3492 874 3548 Fuit
891 3493 1084 3567 igitur,
1117 3504 1182 3549 ut
1200 3512 1271 3551 ex
1293 3512 1364 3551 eo
1391 3496 1626 3569 colligas
1642 3538 1658 3566 ,
1695 3494 1880 3551 forma
1905 3490 2065 3571 Ἐφε-

497 3584 656 3653 σῖνος,
679 3590 1008 3655 potestque,
1051 3594 1116 3639 ut
1157 3584 1377 3640 rariora
1405 3584 1682 3642 Anaxilao
1715 3586 2063 3660 placuerint,

496 3668 980 3740 quemadmodum
1006 3682 1065 3727 et
1085 3671 1372 3747 producta
1409 3674 1573 3745 prior
1606 3672 1824 3747 syllaba
1849 3675 1940 3728 τοῦ
1968 3693 2066 3729 κα-

497 3752 610 3827 λὸς
635 3756 912 3814 abhorret
927 3758 1000 3814 ab
1029 3778 1138 3815 usu
1167 3761 1522 3829 Atticorum3
1557 3762 1630 3816 cf.
1671 3780 1801 3818 ann.
1830 3761 1904 3817 ad
1936 3762 2065 3817 Cir-

499 3862 590 3900 ces
617 3844 688 3903 fr.
735 3864 786 3903 1.
821 3870 845 3895 ιι
871 3849 959 3902 De
985 3846 1239 3920 Ephesiis
1274 3848 1472 3902 litteris
1501 3866 1557 3901 v.
1598 3850 1847 3922 interpp.
1887 3851 2065 3923 Hesy-

499 3933 610 4075 ssii
643 3950 696 4003 1,
725 3950 786 4006 p.
825 3932 999 4003 1544,
1037 3943 1093 3990 et
1114 3934 1389 3990 Lobeckii
1413 3935 1695 4010 Aglaoph.
1739 3955 1798 4009 p.
1836 3935 2006 3995 1330.
2034 3962 2059 3987 a

565 4038 678 4077 em.

1251 4122 1308 4159 2.

578 4194 737 4249 Idem
769 4202 826 4264 4,
857 4216 916 4270 p.
969 4198 1101 4270 183,
1146 4202 1190 4254 Β
1239 4196 1598 4272 εμνημονεύει
1645 4200 1690 4257 δ’
1734 4200 1891 4257 αὐτοῦ
1944 4204 2067 4277 (τοῦ

429 4364 437 4371 ο
501 4281 818 4361 σκινδαψοῢ)
960 4284 1052 4341 καὶ
1073 4284 1178 4343 Ἂν.
1226 4286 1279 4343 ἐν
1305 4287 1607 4363 Λυροποιῷ,

1463 401 1759 470 ‚MEmAE
1807 396 2215 458 COMOEmAE
2254 397 2667 470 RELIQmAE.

2228 527 2366 626 Ἐγὼ
2396 526 2463 598 δὲ
2506 527 2853 623 βαρὲίτους,
2877 521 3165 622 τρίχορδα
3191 579 3207 612 ,
3244 521 3529 604 πηκτίδας
3550 577 3567 606 ,

2225 639 2469 730 κιθάρας
2484 686 2504 724 ,
2529 639 2743 727 λύρας,
2768 626 3097 722 σκινδαψὸν
3116 627 3495 726 ἑξηρτυόμην.

2130 797 2307 851 Versu
2337 812 2360 849 1
2388 789 2523 850 libri
2556 789 2711 870 βαρὸ.
2736 785 3057 868 τριχόρδους.
3088 789 3269 844 Recte
3292 787 3486 846 Helm:
3518 809 3539 834 ι
3564 785 3647 838 Ρο-

2130 901 2258 937 rum
2287 891 2417 955 apte
2450 881 2687 936 barbitis
2732 879 3027 954 epitheton
3072 876 3405 948 adjunctum
3434 884 3533 941 est,
3558 890 3649 945 quo

2131 971 2355 1044 reliqua
2400 979 2616 1024 carent.
2676 990 2701 1016 υ
2754 966 2953 1022 Maluit
2990 965 3175 1040 igitur
3223 959 3489 1039 τρίχορδον
3530 981 3542 1014 :
3576 960 3652 1014 sed

2131 1057 2507 1114 verosimilius
2520 1064 2621 1125 est,
2642 1055 2791 1111 forte
2808 1074 2869 1110 ου
2890 1071 3001 1128 pro
3019 1074 3072 1122 α,
3094 1064 3151 1108 et
3168 1073 3244 1109 σπ
3262 1069 3375 1127 pro
3386 1071 3448 1122 π,
3466 1050 3655 1122 scripio.

2136 1157 2200 1202 ut
2228 1145 2382 1216 alias,
2412 1146 2682 1202 exstitisse
2702 1143 2971 1199 codicum
2995 1143 3363 1217 scripturam.
3396 1143 3461 1196 V.
3490 1157 3521 1193 a
3550 1139 3652 1192 libri

2136 1231 2448 1312 σκινδαψοὺς
2480 1229 2801 1308 ἐξηρτυόμαν
2818 1275 2833 1304 ,
2881 1230 3044 1304 quod
3084 1231 3339 1286 correxit
3374 1225 3657 1296 Bernhardy

2138 1323 2421 1379 Eratosth.
2472 1339 2532 1394 p.
2570 1320 2701 1393 139.

2897 1448 2951 1506 3.

2218 1591 2478 1648 Stobaeus
2502 1590 2651 1646 Flor.
2680 1585 2777 1658 57,
2814 1605 2871 1659 7,
2894 1605 3022 1642 cum
3044 1585 3311 1642 lemmate
3330 1581 3604 1650 Ἀναξιλάου
3620 1582 3665 1637 ἐκ

2141 1681 2444 1756 Μυροποιοῦ
2466 1679 2553 1735 vel
2586 1677 2887 1754 Μυρεποιοῧ
2916 1675 3030 1746 (sic
3050 1673 3095 1748 ).

2334 1863 2433 1873 —-
2460 1849 2523 1892 α.
2560 1831 2694 1900 Πῶς
2720 1823 2915 1912 {xer-53
2952 1825 3031 1896 ὡς
3064 1827 3301 1910 σχοῖνος
3328 1813 3404 1886 εἶ.

2246 1935 2305 2016 β.
2358 1925 2740 2020 Ᾱπόλλυμαι·
2769 1929 2965 2020 τρέφω
2983 1923 3097 2019 γὰρ
3131 1929 3190 1992 ἐν
3219 1923 3387 2018 ἀγρῷ
3412 1921 3623 2016 χοιρίον.

2148 2101 2331 2155 Versu
2360 2119 2381 2154 1
2420 2099 2550 2157 cod.
2592 2099 2637 2156 Α
2668 2095 2791 2162 παῖς
2816 2115 2926 2170 pro
2950 2095 3081 2166 πῶς,
3110 2113 3307 2150 omnes
3330 2106 3513 2150 autem
3542 2089 3669 2167 ἴσχα-

2092 2225 2098 2258 ;
2150 2208 2234 2252 νος
2270 2174 2339 2246 εἶ.
2382 2187 2573 2244 Valck.
2618 2186 2831 2260 aliique
2870 2179 3068 2261 ἰσχνός.
3103 2183 3217 2240 Sed
3259 2182 3496 2257 lepidius
3529 2191 3597 2234 oet
3618 2179 3669 2238 ὡς

2150 2282 2357 2354 σχοῖνος
2380 2261 2427 2332 εἷ
2446 2319 2463 2349 ,
2500 2280 2631 2350 quia
2649 2281 2851 2346 juncus
2898 2291 2979 2341 es,
3012 2273 3075 2330 h.
3104 2289 3155 2330 e.
3174 2278 3441 2342 junceus,
3468 2269 3669 2344 gracilis,

2146 2383 2357 2423 macer.
2383 2366 2453 2420 V.
2485 2361 2813 2419 Schneideri
2834 2363 2972 2417 Lex.
3012 2379 3067 2418 v.
3097 2359 3391 2437 Σχοίνινος,
3423 2368 3475 2415 et
3498 2357 3561 2412 de
3580 2377 3608 2409 α
3630 2364 3673 2408 et

2148 2473 2197 2509 οι
2220 2451 2467 2508 confusis
2491 2447 2723 2510 Cratini
2756 2451 2801 2505 Τ
2803 2449 3052 2523 ropbon.
3095 2447 3167 2516 3-‚
3210 2446 3533 2521 Antiphanis
3552 2439 3671 2516 Ἄγις,

2150 2539 2211 2612 6,
2248 2539 2537 2594 Pollucem
2567 2537 2625 2606 6,
2670 2535 2766 2596 55.
2802 2539 2867 2596 V.
2911 2554 2946 2591 a
2975 2535 3221 2592 absurde
3252 2537 3461 2611 legitur
3497 2529 3673 2610 χωρίον.

2150 2623 2391 2703 Χοιρίον,
2433 2644 2704 2692 cunnum,
2758 2627 2815 2680 h.
2875 2643 2927 2684 e.
2976 2637 3269 2694 scortum,
3324 2623 3483 2699 quod
3514 2621 3677 2695 sapius

2151 2713 2585 2789 comprimendo
2616 2717 2919 2770 emaciatus
2942 2715 3117 2769 bomo
3142 2725 3246 2770 est.

2908 2863 2964 2922 4.

2231 2999 2433 3055 Pollux
2460 3016 2516 3069 7,
2553 2996 2660 3069 167
2698 3018 2712 3053 =
2748 2995 2859 3057 Ἂν.
2891 2993 2946 3053 δὲ
2968 2994 3129 3061 οὕτως
3170 2992 3485 3075 (λουτήρια)
3514 2987 3677 3065 &20:⁴6-

2153 3087 2227 3152 ζει
2266 3082 2385 3149 τοὺς
2447 3088 2537 3142 νῦν
2583 3086 2867 3163 λουτῆρας,
2930 3084 2983 3140 ἐν
3040 3085 3382 3163 Λουτροποιιῖ)
3430 3082 3571 3160 (sic)
3612 3076 3681 3134 λέ·

2152 3194 2256 3248 γων

2252 3310 2335 3379 Ἑν
2369 3318 2491 3391 τοῖς
2524 3311 2855 3400 βαλανείοις
2884 3310 2980 3381 οὖν
3008 3311 3236 3379 τίθεται
3265 3314 3559 3402 leur-ripun.

2159 3467 2319 3522 Idem
2346 3484 2440 3540 10,
2470 3466 2545 3534 46
2572 3464 2695 3524 :inl
2724 3462 2779 3522 δὲ
2802 3466 2906 3521 τῶν
2937 3466 3027 3520 νῦν
3052 3461 3323 3541 λουτήρων
3342 3461 3446 3521 Ἂν.
3488 3461 3538 3517 ἐν
3566 3462 3681 3517 Δου-

2156 3556 2383 3632 τροποιῷ
2411 3554 2548 3633 (sic)
2601 3578 2625 3604 α
2653 3551 2747 3611 Ἐν
2796 3551 2901 3617 τοῖς
2930 3551 3056 3629 βαλ.
3100 3552 3159 3608 οὗ
3189 3572 3238 3610 τ.
3280 3552 3337 3610 λ.
3370 3576 3392 3601 1·
3426 3552 3681 3623 Pes-peram

2154 3652 2405 3716 utroque
2444 3642 2576 3697 loco
2617 3643 2677 3696 in
2732 3642 2895 3707 libris
2924 3641 3199 3714 scriptum
3240 3650 3325 3696 at
3362 3639 3416 3695 οὗ
3458 3656 3559 3712 pro
3592 3622 3683 3689 οἶν.

2154 3730 2327 3784 Τ111111
2350 3731 2551 3785 vitium
2600 3731 2835 3805 agnovit
2880 3728 3203 3801 Schweigh.
3246 3728 3323 3783 ad
3355 3728 3547 3783 Athen.
3589 3724 3681 3775 vol·

2158 3836 2191 3873 α
2218 3860 2233 3888 ,
2266 3838 2328 3892 p.
2351 3817 2491 3888 673.

2674 3974 2751 4034 xl
2766 4020 2780 4033 .
2814 3974 3185 4034 ΜΑΓΕῙΡΟῙ
3196 4018 3209 4031 .

2238 4110 2435 4167 Athen·
2466 4108 2524 4176 3,
2558 4128 2617 4183 P·
2650 4108 2725 4183 95
2747 4150 2762 4177 ,
2789 4111 2840 4164 Α
2872 4128 2885 4163 t
2922 4108 3095 4166 ποδῶν
3126 4108 3181 4167 δὲ
3208 4108 3299 4167 καὶ
3336 4106 3529 4175 ὠτίων,
3554 4106 3621 4161 ἔτι
3646 4100 3689 4157 δὲ

2160 4192 2379 4275 ῥύγχους
2422 4194 2619 4261 Ἄλεξις
2666 4196 2833 4275 (scil.
2880 4198 3260 4275 μνημονεύει).
3396 4194 3498 4255 'Am
3524 4188 3691 4266 Μαγεί-

2161 4306 2287 4364 pouit

1295 4492 1306 4504 .
2238 4453 2294 4509 111
2325 4451 2563 4526 pellibus
2592 4452 2834 4509 consutis
2858 4450 3040 4509 ferens

506 4532 736 4591 Foedum
760 4542 844 4591 est
866 4536 1010 4592 enim
1032 4578 1048 4603 ,
1073 4537 1264 4601 amice,

503 4619 728 4675 suillum
749 4636 808 4676 os
834 4618 1121 4685 habentem
1146 4624 1378 4695 prurire.
1397 4626 1430 4662 ν’

950 4710 1253 4829 LY·RARU
1265 4712 1320 4766 Μ
1358 4710 1615 4767 FABER.

1261 4804 1309 4851 1.

575 4879 862 4953 Flavisque
880 4885 1176 4955 unguentis
1205 4900 1401 4957 corpus
1419 4883 1634 4942 illinens
1649 4928 1663 4951 ,

577 4965 846 5040 palliaque
871 4968 1117 5039 sumans,
1147 4970 1324 5027 soleas
1347 4970 1586 5039 trahens,

579 5054 776 5111 bulbos
791 5056 1151 5125 mamaeam,
1175 5058 1347 5115 caseis
1365 5072 1607 5125 vescens»,

578 5154 680 5195 ova
707 5139 1000 5211 ligurriens
1014 5184 1030 5211 ‚
1055 5144 1263 5217 cerycis
1285 5143 1519 5201 frustum
1540 5144 1729 5212 «11111113,

513 5230 545 5278 5
583 5226 778 5282 Chium
805 5228 1022 5298 bibens
1038 5237 1091 5285 et
1111 5239 1366 5302 praeterea

2238 4537 2503 4611 Ephesius
2527 4536 2733 4595 litteras
2752 4547 3026 4596 venustas.

2164 4716 2278 4785 Ego
2300 4720 2481 4770 autem
2508 4712 2766 4781 barbitos,
2791 4632 3067 4770 trichirda
3085 4756 3101 4777 ‚
3128 4714 3329 4770 fistulas
3350 4708 3669 4785 pastoricias.

2164 4801 2417 4868 citharaS,
2441 4800 2611 4873 lyras,
2636 4800 2985 4893 scindapsugn
3008 4802 3273 4875 apparari.

2162 4988 2212 5029 a.
2246 4972 2544 5045 Quomodo
2569 4972 2773 5030 habes?
2791 4990 2919 5029 nam
2938 4894 3147 5046 ,iuncus
3168 4990 3240 5031 ω.

2163 5060 2217 5115 b.
2250 5064 2420 5117 Pereo
2444 5079 2456 5114 :
2488 5060 2762 5133 siquidem
2782 5061 2872 5117 alo
2900 5062 2959 5116 in
2980 5076 3111 5133 agro
3132 5060 3413 5134 porculam.

2164 5238 2226 5289 111
2250 5234 2458 5291 balneis
2488 5154 3029 5293 consentaneum⁴est
3052 5236 3177 5308 poni
3202 5234 3357 5291 labra.
