3809 5850
405 397 476 446 21
1384 386 1788 447 COMOEDIAE
1835 385 1882 446 V
1889 383 2166 472 fflERIS
2209 387 2629 462 RELlQUIAE.

403 514 516 584 νὸς,
545 513 920 592 Ἀκεσαμενὸς,
959 515 1365 590 Κλαυσαμενός·
1391 518 1628 575 καλεῖται
1665 516 1718 574 δὲ
1749 518 1802 574 ἐν
1837 518 1966 576 Μα-

404 604 582 669 λακοῖς
617 603 730 680 (sic
744 609 784 679 j·
815 601 1154 682 Ἀγχομενός,
1177 615 1288 661 etc.

1145 734 1230 772 10.

480 827 898 884 Choeroboscus
939 828 1189 885 Cramer.
1221 828 1440 886 Anecd.
1471 830 1585 886 vol.
1620 837 1679 898 4,
1723 847 1782 905 p.
1819 829 1966 897 416,

405 917 644 976 Bekker.
683 915 898 974 Anecd.
932 935 992 991 p.
1035 913 1184 989 1295
1211 935 1225 971 ι
1254 913 1468 992 εὕρηται
1496 911 1552 972 δὲ
1581 913 1674 972 καὶ
1709 912 1845 991 μετὰ
1875 918 1968 973 τοῦ

404 1023 435 1058 σ
476 991 726 1073 οἶσθας,
753 1003 822 1066 ὥς
850 998 997 1079 παρὰ
1032 999 1276 1080 Κρατίνῳ
1301 1003 1353 1059 ἐν
1384 1003 1564 1061 Μαλθ.

1142 1136 1234 1176 11·

487 1230 842 1304 Epimerismi
873 1232 1110 1286 Homer.
1147 1249 1207 1304 p.
1233 1227 1380 1299 363,
1427 1247 1496 1285 21
1531 1245 1548 1286 ε
1579 1224 1730 1305 παρὰ
1765 1225 1820 1284 δὲ
1849 1225 1969 1286 Ἀτ-

403 1321 562 1380 τικοῖς
581 1313 808 1390 μάλιστα
839 1315 927 1373 ἐπὶ
954 1314 1162 1394 πρώτου
1188 1313 1468 1392 προσώπου
1487 1317 1522 1384 ἡ
1547 1335 1588 1370 π
1603 1336 1634 1369 α
1655 1312 1729 1393 poi
1759 1315 1968 1390 (immo

401 1401 488 1458 πά
501 1405 604 1482 ρα)
627 1401 742 1460 ἀντὶ
761 1407 852 1460 τοῦ
871 1402 1112 1478 πάρειμι.
1130 1404 1176 1464 Κ
1190 1446 1204 1461 .
1221 1403 1402 1463 Μαλθ.
1417 1400 1965 1480 καὶἝρμιππος,οω.

897 1533 1058 1594 xlv.
1107 1535 1270 1594 NEM
1283 1535 1476 1595 ΕΣΙΣ.

1125 1675 1179 1714 1.
1229 1677 1284 1714 2.

483 1771 687 1826 Athem
717 1791 784 1845 9,
811 1791 870 1844 p.
906 1769 1016 1840 373
1041 1809 1056 1837 ,
1093 1771 1139 1826 C
1170 1787 1185 1829 ι
1216 1766 1454 1846 Ὀρνίθια
1483 1764 1528 1824 δ’
1559 1765 1734 1844 εἴρηκε
1771 1770 1876 1845 Κρ.
1918 1768 1971 1825 ἐν

404 1853 630 1931 Νεμέσει
664 1857 890 1932 (fragm.
937 1856 1007 1929 3,
1042 1854 1180 1934 4)...
1236 1853 1322 1912 ἐπὶ
1367 1852 1423 1911 δὲ
1463 1857 1556 1910 τοῦ
1603 1856 1873 1932 ἀρσενικοῦ
1914 1855 1973 1912 οὗ

405 1943 559 2016 μόνον
589 1941 748 2019 ὄρνιν,
778 1937 926 2000 ἄλλα
944 1942 1034 2000 καὶ
1063 1943 1240 2022 ὄρνιθα
1266 1944 1295 1998 ὁ
1323 1939 1476 2005 αὐτὸς
1511 1942 1608 2018 Κρ.
1640 1943 1693 1999 ἐν
1726 1943 1801 2020 τῷ
1831 1944 1974 2022 αὐτῷ

403 2028 634 2105 δράματί
663 2051 818 2108 φησιν

501 2136 724 2238 ὄρνιθα
760 2147 1225 2240 φοινικόπτερον.

403 2275 492 2334 καὶ
521 2275 704 2334 πάλιν·

507 2383 729 2484 ὄρνιθα
754 2395 949 2460 τοίνυν
973 2387 1076 2460 δεῖ
1111 2417 1179 2458 σε
1204 2392 1512 2486 γίγνεσθαι
1550 2393 1760 2486 μέγαν.

407 2520 808 2578 Eratosthenes
845 2523 1118 2581 Cataster.
1161 2520 1266 2592 25,
1304 2541 1367 2595 p.
1416 2539 1492 2578 ao
1541 2542 1554 2576 ι
1601 2519 1850 2596 Λέγεται,
1887 2518 1973 2578 τὸν

406 2603 508 2663 Δία
539 2605 858 2682 ὁμοιωθέντα
893 2609 968 2686 τῷ
1005 2605 1122 2687 ζῴῳ
1157 2606 1324 2686 τούτῳ
1365 2611 1638 2684 (cygnum
1667 2608 1834 2683 dicit)
1873 2607 1972 2666 Νε-

406 2691 606 2766 μέσεως
645 2695 959 2772 ἰρασθῆναι,
991 2693 1106 2752 ἐπεὶ
1133 2691 1265 2764 αὐτὴ
1297 2701 1476 2751 πᾶσαν
1517 2692 1709 2770 ἤμειὸε
1730 2691 1971 2772 μορφὴν,

402 2779 489 2838 ἵνα
528 2780 622 2853 τὴν
663 2780 944 2860 παρθενίαν
980 2779 1212 2860 φυλάξῃ,
1241 2779 1334 2838 καὶ
1365 2780 1482 2838 τότε
1518 2780 1702 2847 κύκνος
1736 2780 1973 2860 γέγονεν,

406 2867 540 2928 οὕτω
567 2868 657 2928 καὶ
685 2868 840 2929 αὐτὸν
866 2869 1185 2947 ὁμοιωθέντα
1209 2871 1285 2947 τῷ
1321 2867 1480 2950 ὀρνέῳ
1503 2869 1672 2949 τούτῳ
1698 2873 1972 2942 καταπτῆ·

404 2980 491 3015 ναι
523 2959 594 3025 εἷς
623 2956 956 3045 Ῥαμνοῦντρ
991 2961 1085 3030 τ’ῆς
1126 2957 1388 3028 Ἀττικῆς,
1425 2960 1577 3016 κάκεῖ
1610 2958 1706 3029 τὴν
1747 2957 1974 3033 Νέμεσιν

405 3049 642 3124 φθεῖραι·
667 3044 762 3116 τὴν
797 3044 850 3104 δὲ
891 3044 1058 3103 τεκεῖν
1099 3044 1201 3124 ᾠὸν
1237 3043 1288 3112 ἐξ
1322 3036 1381 3101 οὗ
1431 3046 1811 3125 ἐκκολαφθῆναι
1846 3044 1973 3121 [καὶ

404 3131 678 3209 γενέσθαι]
715 3131 812 3201 τὴν
853 3130 1105 3203 Ἑλένην,
1150 3130 1222 3196 ὥς
1273 3152 1403 3211 φησι
1449 3130 1662 3208 Κράτης
1692 3132 1974 3209 (Κρατῖνος

403 3232 560 3277 recte
593 3221 789 3280 Valck.
813 3222 888 3279 ad
919 3219 1200 3278 Phoeniss,
1237 3216 1378 3295 447)
1407 3222 1433 3277 ὁ
1459 3218 1698 3289 ποιητής.
1726 3223 1810 3275 Ex
1837 3223 1973 3277 Era·

406 3310 662 3365 tosthene
698 3308 872 3365 refert
899 3310 1214 3366 Scholiasta
1242 3308 1572 3366 Germanici
1603 3308 1792 3364 Phaen.
1826 3308 1968 3381 273,

403 3396 486 3451 ibi
514 3399 715 3454 Jovem
760 3400 1156 3473 compressisse
1199 3400 1515 3469 Nemesim,
1559 3414 1686 3470 quae
1720 3408 1778 3453 et
1816 3396 1973 3453 Leda

404 3486 628 3543 dicatur
653 3486 967 3543 seeundum
992 3487 1307 3546 Cratinum.
1336 3490 1424 3543 De
1446 3488 1558 3542 hoc
1587 3486 1718 3541 loco
1745 3484 1830 3541 sic
1857 3484 1975 3541 sere

403 3574 576 3632 Mein.
613 3600 636 3625 ει
669 3577 778 3632 Vix
802 3574 1081 3633 credibile
1120 3586 1235 3645 est,
1279 3600 1305 3626 υ
1355 3574 1576 3651 inquit,
1617 3598 1641 3623 n
1679 3574 1975 3631 Cratinum

403 3663 616 3719 Ledam
639 3675 696 3720 et
719 3664 980 3721 Nemesin
999 3664 1148 3719 inter
1174 3682 1234 3719 se
1259 3662 1584 3718 confudisse
1611 3681 1623 3715 ε
1655 3680 1788 3717 nam
1815 3661 1975 3734 quod

405 3750 720 3823 fragmento
744 3768 778 3806 a
813 3770 931 3805 non
972 3750 1248 3817 Nemesis,
1287 3750 1388 3805 sed
1415 3750 1608 3823 Leda,
1634 3748 1786 3805 illud'
1801 3766 1972 3803 ovum

403 3837 708 3893 excludere
740 3836 998 3911 jubetur,
1027 3839 1200 3894 etiam
1247 3837 1391 3893 alios
1437 3854 1560 3891 rem
1595 3838 1676 3891 ita
1723 3854 1977 3893 narrasse

405 3935 628 3979 constat
651 3943 666 3979 ι
693 3943 747 3980 v,
774 3924 1043 3999 Apollod.
1071 3924 1131 3993 3,
1169 3942 1238 3979 ιο
1259 3964 1276 3993 ,
1310 3944 1374 3995 73
1401 3926 1610 3999 Hygin.
1640 3923 1871 3981 Astron.
1921 3922 1977 3995 8,

402 4030 466 4087 p.
513 4012 648 4083 374.
689 4014 890 4085 Itaque
952 4011 1112 4087 apud
1165 4012 1492 4081 Cratinum,
1533 4021 1599 4068 ut
1669 4009 1974 4083 conjicias,

404 4100 689 4174 Juppiter,
717 4101 981 4156 Nemesin
1010 4098 1254 4175 (Oceani
1286 4110 1344 4155 et
1383 4098 1584 4156 Noctis
1637 4097 1840 4172 filiam,
1873 4116 1979 4153 au-

406 4198 568 4246 ctore
589 4189 828 4245 Pausan.
851 4189 992 4246 Ach.
1021 4187 1078 4256 5,
1107 4189 1248 4243 alios
1276 4199 1338 4243 ut
1362 4186 1611 4263 mittam)
1645 4186 1941 4261 deperiens
1958 4227 1975 4256 ,

404 4276 463 4327 in
499 4294 748 4349 cygnum
783 4286 1034 4332 mutatus
1059 4276 1483 4331 Rhamnuntem
1519 4276 1713 4330 avolat
1747 4286 1804 4329 et
1842 4292 1975 4328 cum

405 4380 470 4418 ea
499 4363 905 4439 congreditur,
927 4374 1036 4421 etc.
1061 4365 1326 4421 Ceterum
1356 4382 1475 4419 non
1501 4380 1732 4418 omnem
1756 4380 1977 4416 comoe-

1019 4566 1350 4623 NEMESIS.

409 4741 578 4794 Avem
599 4737 876 4809 purpureis
901 4738 1014 4793 aliS.
1165 4658 1212 4707 ¹·

1165 4828 1215 4877 2.

408 4918 580 4969 Avem
613 4909 783 4985 igitur
807 4924 942 4983 opus
963 4918 1044 4967 est
1069 4918 1120 4966 te
1143 4908 1262 4965 lieri
1291 4922 1574 4980 magnum.

409 5082 558 5140 Leda
578 5125 592 5151 ,
623 5090 780 5141 tuum
809 5096 947 5152 opus
985 5085 1138 5147 (est)
1167 5000 1426 5152 ῗοροτιει
1457 5086 1510 5135 te
1538 5076 1810 5145 decenter,

409 5185 588 5245 neque
611 5186 641 5227 a
665 5168 889 5244 gallina:
913 5182 1064 5225 more
1083 5166 1482 5241 discrepantem
1501 5204 1516 5234 ‚

2062 517 2217 575 diam
2240 523 2301 576 in
2316 522 2421 576 hac
2436 519 2691 576 Nemesis
2710 515 2901 574 sabula
2916 531 3313 594 consumptam
3330 539 3451 578 esse
3474 523 3573 576 inu
3594 523 3629 576 Ι-

2058 609 2253 682 ligitur
2273 625 2307 664 e
2334 604 2663 682 fragmentis
2695 605 2757 680 8,
2804 625 2898 676 ιο,
2938 624 2959 661 ι
2978 625 3026 675 ι,
3062 626 3157 665 ια.
3186 631 3210 656 ¹·
3240 610 3497 666 Nemesis
3526 631 3589 664 us
3608 641 3629 653 ·

2060 705 2237 752 tatum
2268 713 2481 750 nomen
2510 694 2764 750 mulieris
2802 695 3067 750 novimus
3098 713 3133 751 e
3160 695 3429 768 'rihu110;
3456 701 3621 754 etiam

2059 783 2328 838 Martialis
2351 780 2411 852 8,
2436 801 2509 853 7²
2533 801 2546 835 :

2138 870 2309 926 Fama
2337 881 2421 926 est
2445 868 2633 945 arguti
2666 869 2916 924 Nemesis
2936 867 3186 925 formosa
3206 869 3430 928 Catulli.

2819 987 2873 1045 3.

2138 1107 2346 1165 Athen.
2378 1124 2447 1180 9,
2474 1122 2533 1178 p.
2567 1102 2711 1173 373,
2736 1103 2781 1158 E
2810 1121 2823 1156 ε
2850 1098 2939 1158 τὸν
2968 1100 3013 1158 δ’
3040 1101 3422 1180 ἀλεκτρυόνα...
3458 1105 3506 1160 οἱ
3540 1107 3629 1180 ἀρ-

2059 1193 2203 1272 χαῖοι
2232 1190 2323 1249 καὶ
2350 1191 2586 1264 θηλυκῶς
2614 1186 2872 1266 εἰρήκασι.
2909 1189 3015 1266 Κρ.
3049 1189 3193 1264 Nep..

2156 1300 2367 1390 Λήδα,
2402 1306 2504 1372 σὸν
2538 1307 2702 1398 ἔργον
2721 1331 2735 1346 ·
2770 1297 2869 1370 δεῖ
2895 1302 2949 1371 σ’
2982 1307 3147 1382 ὅπως
3180 1308 3567 1398 εὐσχημόνως

2158 1411 2542 1504 ἀλεκτρυόνος
2577 1403 2769 1502 μηδὲν
2802 1401 3052 1486 διοίσεις
3083 1409 3219 1489 τοὺς
3248 1413 3535 1502 τρόπους,

2160 1517 2259 1584 ἐπὶ
2296 1509 2441 1600 τῷδ’
2472 1510 2789 1599 ἐπώζουσ’,
2821 1521 2900 1591 ὡς
2952 1510 3022 1580 ἂν
3053 1513 3308 1607 ἐκλέψῃς
3342 1519 3533 1584 καλὸν
3578 1553 3597 1569 ·

2156 1628 2307 1713 ἡμῖν
2355 1646 2417 1687 τι
2450 1619 2553 1686 καὶ
2596 1621 2946 1711 θαυμαστὸν
2980 1622 3047 1684 ἐκ
3078 1612 3246 1686 τοῦδ’
3276 1621 3498 1712 ὄρνεον.

2061 1753 2156 1810 Δεῖ
2182 1749 2229 1809 σ’
2250 1749 2463 1815 ὅπως...
2494 1747 2721 1820 διοίσεις,
2746 1761 2810 1804 ιιι
2824 1747 2899 1804 δεῖ
2924 1749 2973 1804 σ’
2992 1744 3131 1812 ὅπως
3150 1745 3345 1820 δείξεις,
3364 1749 3635 1830 ἐκκλέψεις

2061 1841 2215 1914 apud
2238 1837 2415 1912 Soph.
2441 1837 2532 1909 Aj.
2561 1836 2701 1911 557,
2722 1837 2869 1893 Phil.
2898 1835 2996 1908 54,
3024 1846 3087 1890 ut
3106 1839 3399 1892 annotavit
3432 1841 3629 1896 Valck.

2062 1927 2137 1983 ad
2165 1928 2430 1982 Phoeniss.
2476 1931 2615 1994 447,
2661 1925 2759 1996 qui
2790 1933 2848 1977 et
2883 1924 3137 1977 correxit
3162 1943 3217 1977 v.
3263 1925 3297 1980 3
3336 1926 3635 2000 vulgatum

2062 2014 2400 2082 ἕπωάζουσαν
2433 2013 2523 2069 vel
2550 2010 2881 2078 ἐπωάζουσα.
2924 2014 3101 2067 Versu
3138 2031 3160 2066 1
3202 2013 3276 2071 Η.
3310 2013 3635 2088 Stephanus

2063 2105 2273 2180 aliique
2299 2098 2619 2178 εὐσχήμονος
2634 2143 2651 2170 ,
2673 2117 2790 2173 quo
2817 2116 2934 2188 non
2955 2117 3119 2174 opus.

2820 2221 2873 2280 t..

2146 2330 2352 2387 Athen.
2390 2346 2449 2402 9,
2482 2347 2543 2402 p.
2586 2323 2720 2398 373,
2750 2327 2793 2382 C
2836 2345 2851 2382 :
2900 2323 3097 2404 ὀρνίθια
3140 2325 3183 2386 δ’
3212 2325 3389 2404 εἴρηκε
3431 2329 3539 2408 Κρ.
3584 2333 3637 2388 ἐν

2064 2419 2204 2492 Νεμ.
2227 2413 2394 2473 οὕτω·

2162 2529 2377 2600 Τοῗλλα
2405 2528 2583 2597 πάντ’
2621 2529 2865 2622 ὀρνίθια.

2810 2658 2866 2714 5.

2144 2775 2335 2833 Schol.
2378 2773 2671 2830 Theocriti
2706 2791 2801 2842 11,
2840 2790 2909 2827 ιο
2938 2787 2955 2829 2
2982 2767 3227 2828 Ῥόδων
3246 2771 3301 2829 δὲ
3326 2777 3423 2844 τῆς
3452 2798 3641 2852 γυναι-

2064 2864 2207 2931 κείας
2230 2860 2389 2933 ἥὸης,
2418 2859 2647 2941 παρόσον
2676 2857 2768 2917 καὶ
2798 2857 3047 2939 ῥοδωνιὰν
3090 2859 3254 2932 αὐτὴν
3284 2860 3393 2920 ἔσθ’
3420 2862 3509 2921 ὅτε
3544 2863 3641 2924 λε’..

2064 2974 2260 3031 γουσιν,
2289 2954 2359 3016 ὡς
2388 2952 2493 3029 Κρ.
2522 2952 2577 3007 ἐν
2606 2950 2745 3024 Nep..

2160 3062 2311 3135 ὥστ’
2352 3066 2558 3133 ἐσθίων
2590 3062 2688 3131 οὖν
2725 3072 2888 3131 τοῖσι
2912 3064 3101 3141 σίτοις
3136 3059 3370 3159 ἥδομαι
3394 3120 3413 3149 ,

2160 3176 2403 3241 ἅπαντα
2436 3163 2500 3238 δ’
2531 3166 2681 3237 εἶναί
2712 3195 2814 3262 μοι
2842 3164 3015 3235 δοκεῖ
3032 3166 3318 3259 ῥοδωνιὰ,

2162 3276 2263 3345 καὶ
2302 3284 2469 3370 μῆλα
2492 3326 2511 3360 ,
2542 3276 2647 3342 καὶ
2680 3277 2911 3358 σέλινα,
2944 3276 3048 3341 καὶ
3082 3274 3428 3373 σισόμὸρια.

2065 3410 2251 3471 Versu
2278 3428 2301 3464 1
2332 3404 2569 3485 ἀμέτρως
2596 3406 2731 3460 libri
2754 3400 2865 3468 ’Ὦς
2886 3404 2936 3461 τ’
2958 3392 3046 3461 οὖν
3064 3404 3172 3465 ἔσθ.
3199 3405 3305 3471 τοῖς
3334 3406 3519 3475 σιτίοις
3556 3410 3643 3479 ἥδ,

2062 3500 2233 3555 Mein.
2246 3490 2658 3571 proposuit-“sse
2672 3489 2933 3548 ποῦσθίων
2944 3498 3049 3556 τοῖς
3060 3490 3294 3549 σιτίοισιν
3308 3492 3399 3565 ἥδ.
3410 3540 3429 3571 ‚
3448 3517 3636 3572 quum

2063 3575 2150 3641 οὖν
2168 3581 2591 3659 transponendo
2608 3591 2665 3636 et
2676 3580 3001 3649 scribendo,
3020 3582 3179 3654 quod
3192 3584 3479 3656 proclive,
3498 3592 3641 3642 τοῖσι

2064 3670 2223 3736 σίτοις
2238 3690 2326 3728 res
2345 3668 2699 3727 conficiatur.
2720 3666 3061 3743 [Diibnerus
3080 3668 3154 3723 ad
3172 3670 3353 3725 schol.
3378 3672 3635 3732 Theocr.

2063 3779 2118 3836 p.
2146 3758 2393 3825 15411aec
2420 3756 2797 3831 ⁸lovis-Cygni
2820 3755 2996 3812 verba
3033 3774 3150 3812 esse
3182 3759 3409 3829 statuit,
3442 3763 3639 3817 corri-

2064 3851 2262 3924 gitque
2294 3865 2310 3905 ε

2162 3972 2241 4041 ὡς
2271 3962 2585 4057 στρουθίων
2627 3966 2754 4038 τοῖς
2798 3960 3083 4027 σιτίοισιν
3116 3953 3392 4053 ἥδομαι,

2066 4098 2251 4167 Quam
2312 4094 2404 4149 his
2452 4110 2747 4168 passerum
2815 4092 2831 4163 (
2860 4088 3301 4145 libidinosorum
3338 4088 3357 4163 )
3407 4094 3635 4148 cibariis

2064 4185 2340 4239 delector!
2366 4180 2389 4257 ]
2438 4183 2615 4237 Versu
2669 4196 2703 4234 a
2762 4197 2852 4253 μοι
2896 4178 3115 4252 primus
3158 4178 3392 4233 immisit
3438 4182 3645 4237 Meur—

2064 4273 2181 4327 sius
2215 4271 2383 4325 metri
2424 4269 2623 4343 gratia.
2660 4264 2829 4321 Haud
2876 4265 3053 4320 nolim
3098 4262 3370 4341 ῥοδωνιαὶ,
3420 4268 3526 4323 sed
3557 4268 3649 4323 se-

2066 4358 2241 4415 renda
2269 4368 2355 4413 est
2382 4356 2613 4430 vulgata
2646 4354 2949 4428 scriptura.
2994 4351 3165 4423 Quod
3196 4353 3399 4407 attinet
3430 4354 3509 4409 ad
3538 4351 3642 4429 ῥό-

2070 4558 2201 4615 huie
2216 4556 2476 4613 incubare
2494 4596 2510 4623 ‚
2538 4560 2605 4609 ut
2630 4570 2695 4611 ex
2718 4568 2783 4610 eo
2807 4558 3091 4608 venustam
3118 4550 3281 4607 nobis

2068 4654 2124 4702 et
2152 4641 2530 4701 admirabilem
2552 4640 2789 4713 aliquam
2814 4638 3069 4695 excludas
3088 4654 3263 4695 avem.

2824 4734 2877 4781 4.

2070 4818 2274 4874 ceterae
2301 4830 2493 4871 omnes
2512 4810 2755 4870 aviculae.

2746 4944 2757 4957 .
2822 4904 2873 4955 ὁ.

2070 4990 2146 5044 lta
2176 4994 2240 5043 ut
2262 4986 2492 5058 epulans
2514 4984 2649 5040 cibis
2670 4984 2972 5055 gaudeam,

2070 5074 2362 5143 omniaque
2391 5070 2521 5127 mihi
2549 5070 2831 5127 videantur
2850 5084 2971 5127 esse
2991 5078 3165 5127 roseta
3182 5110 3197 5138 ,

2071 5170 2125 5219 et
2154 5161 2315 5229 mala,
2344 5169 2396 5217 et
2424 5159 2615 5227 selina,
2640 5168 2692 5215 et
2719 5158 3022 5231 sisymbria.
