3809 5850
1563 383 1961 446 CRATINUS.

218 551 264 588 α.
300 531 416 600 Πῶς
445 527 542 588 οὐκ
581 519 655 587 ἂν
701 516 1044 612 ἰσχομοὶχου
1073 524 1330 614 γεγονὼς
1364 532 1472 588 τοῦ
1506 523 1646 590 Μυ-

1445 629 1646 696 κονίου

217 726 512 824 φιλόδωρος
546 729 616 799 ἂν
652 731 815 815 εἴης,
853 735 914 816 β.
951 720 1112 798 ἧκον
1142 736 1500 824 ἑστιώμενος

214 841 404 931 ἀγαθὸς
439 840 576 932 πρὸς
613 838 872 930 ἀγαθούς
888 861 902 874 ·
933 837 1103 904 κοινὰ
1133 837 1248 932 γὰρ
1282 839 1362 906 τὰ
1393 849 1514 904 τῶν
1550 839 1648 930 (ρί-

1469 953 1596 1012 λων
1615 997 1632 1014 .

133 1091 184 1142 1η
193 1089 432 1142 lihrorum
441 1089 588 1162 scrip
594 1099 722 1142 tura
729 1105 904 1162 supra
912 1089 1098 1162 posita
1107 1089 1354 1162 negandi
1367 1091 1650 1164 particula

133 1176 400 1246 obliterata,
425 1186 480 1232 et
497 1177 714 1231 intrusa
746 1176 1079 1251 glossemata
1105 1172 1178 1232 ὢν
1199 1217 1218 1250 ,
1253 1173 1476 1255 ἄνδρας,
1501 1177 1646 1235 ἑστι-

131 1285 224 1338 ασ.,
248 1283 360 1340 quae
407 1274 647 1319 metrum
687 1265 890 1338 arguit.
921 1260 1276 1338 Ἑστιώμενος
1310 1275 1647 1340 usurpatum

135 1369 266 1406 sensu
279 1351 457 1407 futuri.
483 1351 594 1410 Τοῦ
619 1353 766 1411 Μυκ.
788 1351 1123 1427 ponendum
1141 1350 1248 1408 fuit
1272 1371 1403 1407 cum
1425 1371 1496 1408 ex
1519 1353 1644 1428 lege

131 1441 323 1512 lingna,
376 1451 488 1494 tum
533 1440 708 1494 metri
753 1441 966 1514 gratia,
1011 1440 1146 1512 quia
1199 1440 1451 1495 nominis
1494 1442 1642 1498 Μυκ.

133 1528 284 1599 prima
305 1529 412 1583 sere
439 1523 780 1602 corripitur]
796 1557 875 1570 —
896 1529 1030 1582 Non
1049 1529 1318 1584 invitatus
1337 1529 1412 1584 ad
1441 1531 1645 1585 convi-

131 1617 254 1670 vium
271 1617 541 1690 quoddam
565 1627 806 1673 venerat
833 1618 934 1672 iste
953 1615 1104 1672 filius
1125 1617 1504 1687 Ischomachi,
1534 1639 1647 1674 una

131 1707 310 1777 epulari
347 1708 598 1782 cupiens,
642 1717 702 1763 et
731 1705 1040 1763 fastidienti
1075 1717 1334 1764 tenacem
1359 1707 1650 1766 hominem

127 1794 336 1850 conviva
366 1814 520 1850 more
561 1795 876 1870 parasitico
918 1794 1252 1869 respondet.
1293 1819 1316 1844 a
1356 1795 1647 1853 Ischoma-

132 1881 286 1950 chum,
299 1884 384 1954 qui
397 1883 490 1938 hlc
502 1893 1008 1952 commemoratur,
1019 1883 1188 1939 fuisse
1203 1883 1566 1960 ditissimum,
1578 1903 1649 1942 ex

131 1969 276 2040 Lysia
294 1973 546 2028 Oratione
569 1991 688 2047 pro
706 1973 874 2027 bonis
901 1975 969 2028 Αι
983 1974 1196 2048 istoph.
1217 1973 1252 2048 S
1274 1973 1372 2042 45,
1387 1985 1444 2030 et
1463 1977 1648 2031 Hera-

127 2057 245 2112 elide
271 2060 490 2115 Pontico
517 2059 683 2135 apud
707 2061 915 2116 Athen.
963 2079 1056 2130 12,
1087 2081 1149 2136 p.
1185 2060 1320 2132 537,
1349 2063 1416 2132 C,
1449 2060 1651 2118 docuit

131 2143 326 2205 Boeckh.
349 2149 562 2205 OEcon.
593 2153 714 2205 Att.
743 2168 810 2222 a,
829 2167 888 2223 p.
926 2168 1016 2208 ια.
1049 2150 1286 2206 Idemne
1315 2151 1362 2208 is
1383 2152 1476 2222 sit,
1496 2169 1648 2225 quo·

131 2253 232 2288 cum
272 2237 584 2312 Xenophon
619 2238 680 2291 in
720 2238 1114 2292 OEconomico
1134 2256 1260 2312 cap.
1291 2257 1324 2309 7
1357 2240 1650 2294 Socratem

133 2319 188 2374 tle
219 2323 400 2378 tuenda
439 2343 500 2381 re
532 2325 808 2381 familiari
839 2325 1262 2398 colloquentem
1302 2325 1548 2396 induxit,
1589 2337 1652 2382 ut

129 2411 486 2485 incompertum
509 2415 566 2470 in
595 2414 796 2470 medio
832 2414 1128 2487 relinque,
1161 2414 1284 2484 etsi,
1315 2415 1647 2490 opulentum

133 2515 240 2550 eum
257 2498 430 2569 fuisse,
447 2520 514 2558 ex
532 2505 766 2562 OEcon.
787 2503 976 2578 capite
1004 2521 1057 2572 7,
1089 2502 1142 2572 3,
1164 2503 1518 2578 intelligitur.
1546 2507 1652 2576 (At

133 2603 294 2658 neque
316 2588 594 2660 Myconius
635 2591 732 2647 hic
768 2591 929 2647 audit
969 2591 1124 2665 apud
1165 2592 1647 2666 Xenophontem,

129 2684 174 2725 et
196 2689 258 2726 eo
284 2687 490 2734 auctore
515 2682 754 2737 OEcon.
779 2697 914 2752 cap.
939 2677 999 2750 6,
1048 2698 1139 2749 17,
1169 2675 1296 2756 πρὸς
1323 2676 1533 2736 πάντων
1562 2678 1653 2736 καὶ

129 2759 292 2837 ἀνδρῶν
311 2763 711 2842 καὶγυναικῶν,
745 2767 836 2824 καὶ
867 2764 1020 2834 ξένων
1046 2766 1138 2824 καὶ
1173 2767 1347 2824 ἀστῶν
1365 2810 1382 2837 ,
1412 2766 1570 2834 καλός
1595 2789 1653 2824 τε

133 2847 314 2921 ῑῑῖγῦῑῦὖς
331 2857 646 2931 appellatus
672 2867 774 2923 ωε,
799 2855 960 2930 quod
980 2857 1279 2912 conciliari
1293 2859 1495 2930 nequit
1523 2876 1653 2912 cum

131 2937 246 2993 sama
269 2940 634 3021 γλισχρότητος
652 2987 670 3016 ,
693 2964 866 3020 quam
898 2946 1109 3001 famam
1132 2947 1242 3001 viri
1271 2947 1570 3003 Athenaeus
1599 2958 1656 3002 et

137 3028 406 3089 Eustathius
431 3034 788 3111 significant.
807 3034 972 3093 Both.
996 3034 1014 3109 )
1047 3037 1328 3109 Myconus
1357 3037 1542 3091 insula
1583 3037 1600 3109 (
1622 3056 1655 3094 e

134 3112 430 3191 Cycladibus,
453 3124 600 3179 Delo
623 3122 874 3197 vicium)
899 3122 1060 3178 exilis
1077 3122 1188 3178 fuit
1206 3132 1261 3179 et
1287 3122 1611 3179 infoecunda
1637 3141 1650 3176 ι

131 3214 180 3255 ιιι
201 3224 298 3260 non
331 3210 396 3264 sit
429 3212 588 3285 quod
635 3212 863 3267 mireris
891 3212 1108 3266 incolas
1148 3208 1266 3282 ejus
1299 3210 1495 3266 irrisos
1531 3220 1656 3265 tan-

133 3308 268 3361 quam
301 3294 574 3355 famelicos
609 3310 678 3356 et
712 3300 1027 3355 alienarum
1068 3318 1247 3374 opum
1296 3308 1652 3373 appetentes.

129 3379 194 3433 lta
211 3380 310 3451 jam
333 3388 715 3444 Archilochus
749 3388 1026 3443 Periclem
1053 3386 1339 3460 quendam
1365 3384 1654 3455 ἄκλητον

135 3464 432 3528 Μυκονίων
475 3473 670 3544 δίκην
717 3474 790 3539 εἰς
830 3472 897 3531 τὰ
935 3471 1208 3549 συμπόσια
1255 3472 1655 3531 itomanam

133 3554 312 3613 dixerat
333 3571 464 3619 teste
489 3565 776 3619 Athenaeo
802 3563 860 3631 6,
897 3582 956 3637 p.
992 3562 1126 3632 237.
1158 3560 1391 3618 Photius
1411 3581 1472 3636 p.
1509 3581 1654 3636 279,

137 3640 188 3693 ¹5
207 3684 222 3712 ‚
241 3644 476 3715 Μυκόνιος
497 3648 697 3727 γείτων
730 3671 745 3704 :
787 3646 922 3719 αὕτη
955 3648 1170 3728 (intell.
1200 3647 1460 3727 παροιμία
1487 3647 1504 3727 )
1534 3648 1658 3706 τάτ-

129 3748 243 3786 τεται
271 3730 396 3792 κατὰ
435 3739 542 3795 τῶν
571 3734 1018 3811 διαὸεὸλημένων
1063 3734 1149 3793 ἐπὶ
1188 3735 1528 3815 γλισχρότητι
1567 3736 1658 3795 καὶ

131 3823 492 3905 “amputem
510 3869 527 3898 ,
557 3823 715 3902 παρὰ
745 3824 838 3893 τὴν
865 3823 1198 3902 σμικρότητα
1239 3826 1331 3894 τῆς
1375 3822 1533 3895 νήσου
1567 3829 1658 3895 τῆς

134 3900 338 3975 mum<
357 3910 443 3968 καὶ
471 3912 767 3971 εὐτέλειαν.
797 3939 821 3962 ι
849 3914 1040 3971 Malim
1064 3915 1158 3980 τῆς
1183 3910 1422 3977 Μυκόνος
1443 3931 1477 3968 a
1499 3924 1656 3969 recto

135 3990 318 4067 Μυκῶν,
353 4010 416 4054 ut
436 3996 747 4070 Ἀνθηδόνος
771 4010 828 4057 et
862 4002 1066 4056 similia
1106 4020 1117 4052 ε
1151 4019 1339 4073 neque
1377 4002 1527 4055 enim
1557 4001 1652 4056 da-

135 4096 284 4141 mnare
303 4089 469 4145 emim
491 4090 788 4166 duplicem
809 4089 1073 4148 sormam.
1101 4090 1112 4100 '

847 4236 904 4288 7.

193 4340 324 4397 idem
349 4362 404 4412 α,
440 4366 506 4421 p.
547 4346 654 4418 52,
683 4346 730 4405 C
759 4366 774 4401 :
815 4344 1077 4424 ὀρχησταὶ
1115 4344 1168 4403 δὲ
1202 4342 1422 4415 ἔνδοξοι,
1463 4344 1660 4412 Βόλὸος

131 4424 265 4481 *libri
301 4430 476 4505 βολὸὸς
515 4446 723 4491 contra
761 4434 1052 4510 regulam)
1095 4432 1192 4509 μὲν
1229 4430 1376 4513 παρὰ
1414 4432 1662 4513 Κρατίνῳ

127 4510 196 4565 1²³²
231 4514 451 4599 Καλλία,
493 4518 691 4591 Ζήνων
731 4520 789 4579 δὲ
832 4524 862 4579 ὁ
905 4519 1080 4601 Κρὴς,
1114 4525 1143 4581 ὁ
1169 4520 1310 4580 πάνυ
1352 4518 1658 4600 Ἀρταξέρξῃ

129 4602 546 4681 Ἴξὺσφιλίστατος,
574 4608 726 4686 παρὰ
751 4608 982 4685 Κτησίᾳ.
1311 4604 1320 4611 “

621 4772 740 4779 ——
759 4774 783 4779 -
792 4771 980 4781 -ῌ-
989 4772 1354 4781 *-————--

137 4944 170 4979 ³-
191 4936 396 5004 Quidni,
431 4942 779 4998 loehomachi
801 4866 965 4999 ntitas
985 4942 1130 4999 (ilius
1153 4944 1388 5015 Myconii
1412 4986 1425 5009 ‚

141 5012 360 5081 donorum
384 5028 458 5085 sis
481 5031 760 5103 cupidus?
787 5032 842 5087 b.
869 5032 1007 5087 Veni
1037 5031 1318 5104 epulatum

141 5100 274 5164 lanus
295 5114 358 5169 ad
391 5115 566 5173 bonos
595 5135 611 5172 :
641 5118 956 5175 eommunia
985 5119 1130 5175 enim
1153 5128 1282 5175 sunt
1305 5133 1429 5190 qua!
1457 5117 1660 5215 habent

1473 5219 1652 5259 anm-1.

1691 1133 1714 4671 fflmm

3232 402 3305 456 5⁵

2494 527 2548 584 8.

1819 644 1981 700 Idem
2006 645 2057 716 1,
2082 663 2143 720 p.
2172 644 2269 716 23,
2304 647 2349 700 B
2378 666 2391 701 :
2418 642 2499 702 ὅτι
2525 644 2585 703 τὸ
2614 645 2925 706 ἀναπίπτειν
2962 649 3167 732 ἀκύρως
3194 653 3309 730 (sic

1737 733 1927 789 scribo
1950 750 2060 807 pro
2080 729 2299 810 κυρίως)
2328 729 2416 790 ἐπὶ
2436 733 2608 812 ψυχῆς
2630 735 2768 792 ἐστιν
2788 723 2897 793 οἷον
2925 737 3139 814 ἀθυμεῖν
3156 786 3173 814 ,
3199 741 3306 797 ὀλιο

1737 815 1948 898 γωρεῗν.
2000 818 2169 880 Θουκ.
2217 817 2399 898 πριζβτῃ
2454 819 2473 898 (
2498 839 2627 897 cap.
2679 843 2753 894 70
2776 819 2791 902 )
2840 849 2865 874 α
2901 825 3177 901 νικώμενοι
3228 827 3309 886 ἐπ’

1739 905 2019 983 ἐλάχιστον
2062 905 2436 967 ἀναπίπτουσι.
2487 933 2508 960 ¹·
2554 910 2653 986 Κρ.
2686 910 2735 967 δ’
2769 911 2857 968 ἐπὶ
2886 912 3074 989 ἐρετῶν
3112 923 3307 993 χρᾶται

1741 995 1807 1070 τῇ
1839 991 2007 1069 λέξει,

1841 1111 2116 1202 ῥοθίαζε,
2149 1117 2516 1189 κάνάπιπτε.

1738 1260 1913 1336 Apud
1935 1263 2268 1319 Athenaeum
2286 1281 2551 1339 perverse
2578 1264 2875 1340 legebatur
2892 1263 3101 1343 κυρίως.
3134 1271 3308 1325 Nimi-

1739 1368 1868 1404 rum
1903 1351 2143 1426 remiges
2173 1349 2366 1427 κυρίως
2392 1350 2409 1424 (
2416 1350 2685 1428 proprie)
2716 1353 2988 1410 dicuntur
3011 1361 3299 1432 remigum,

1740 1434 1972 1514 ἐρέσσειν
2000 1441 2118 1494 sive
2145 1440 2324 1495 verbo
2358 1441 2591 1514 poe‘tico
2628 1438 2903 1518 ῥοθιάζειν,
2936 1446 3029 1498 cui
3071 1449 3309 1522 opposi—

1741 1537 1862 1582 tum
1884 1535 1969 1582 est
1991 1521 2196 1603 ἂκύρως
2224 1526 2443 1582 dictum
2466 1525 2801 1597 ἀναπίπτειν,
2822 1532 3160 1590 recumbere.
3187 1535 3317 1590 Fa—'

1741 1624 1894 1669 ctum
1919 1614 2091 1670 fuerit
2113 1625 2177 1669 ut
2196 1615 2271 1691 τῷ
2299 1635 2332 1670 α
2354 1615 2501 1671 forte
2524 1615 2783 1692 neglecto
2811 1618 3095 1692 legeretur
3121 1619 3308 1700 κύρως,

1741 1703 1902 1777 quod
1932 1705 2046 1759 cito
2088 1714 2385 1759 corrector
2410 1706 2613 1778 aliquis
2640 1706 2977 1780 imprudens
3012 1712 3313 1765 mutaverit

1741 1781 1802 1846 iti
1829 1789 2039 1868 κυρίως.
2086 1792 2342 1848 Eustath.
2386 1793 2461 1848 ad
2497 1793 2610 1852 Od.
2642 1813 2706 1869 p.
2759 1795 2931 1866 1641,
2981 1796 3049 1867 8,
3090 1795 3311 1874 ῥοθιᾶζει

1742 1877 1832 1935 καὶ
1863 1877 2147 1936 ἀναπίπτει
2166 1921 2183 1953 ,
2212 1899 2457 1954 persona
2486 1884 2670 1940 tertia.
2701 1881 2903 1939 Suidas
2928 1903 2971 1942 ε.
3008 1905 3061 1939 ν.
3094 1881 3311 1943 Ἀναπί-

1741 1987 1887 2024 πτειν
1924 1987 1935 2022 :
1968 1967 2075 2045 Κρ.
2103 1965 2191 2024 ἐπὶ
2216 1969 2319 2024 τῶν
2348 1967 2539 2046 ἐρετῶν
2578 1965 2835 2047 κέχρηται
2866 1971 2931 2048 τῇ
2959 1967 3126 2041 λέξει,
3160 1967 3312 2050 ἐρεσ-

1742 2053 1977 2131 σομένων
1992 2053 2084 2112 καὶ
2106 2053 2899 2133 ἀνακλινομένων..ΧειιορΙιου
2919 2060 3141 2117 OEcon.
3164 2061 3224 2130 8,
3249 2061 3307 2130 8,

1744 2143 1816 2200 de
1837 2143 2176 2218 remigibus:
2198 2143 2251 2200 ἐν
2262 2139 2406 2209 τάξει
2426 2141 2761 2222 προνεύουσιν
2778 2145 2795 2218 (
2811 2145 2873 2201 1ι.
2894 2165 2943 2202 e.
2960 2144 3258 2223 ἐρέσσουσιν
3276 2145 3313 2224 ),

1742 2231 1798 2288 ἐν
1819 2227 1964 2298 τάξει
1992 2227 2039 2288 δ’
2061 2228 2459 2291 ἀναπίπτουσιν.
2484 2233 2867 2289 Nihilominus
2894 2235 2993 2306 qui
3020 2232 3140 2288 haec
3166 2233 3311 2290 dixit

1743 2319 1899 2394 apud
1928 2319 2244 2389 Cratinum,
2270 2338 2389 2374 non
2416 2321 2658 2394 proprio
2690 2337 2872 2390 sensu,
2898 2320 2998 2376 sed
3022 2323 3314 2395 metapho-

1742 2409 1881 2476 rice,
1910 2424 2045 2462 usus
2079 2405 2307 2463 videtur
2338 2407 2449 2462 illis
2476 2407 2685 2478 verbis,
2732 2407 2943 2483 quibus
2978 2408 3315 2468 admoneret

1745 2496 2201 2570 colloquentem,
2226 2506 2290 2550 ut
2313 2495 2539 2552 fortiter
2558 2495 2947 2552 adversarium
2968 2497 3311 2572 adoriretur,

1744 2587 1832 2640 vel
1856 2585 2171 2660 generatim
2212 2584 2317 2652 rei,
2352 2602 2527 2658 quam
2558 2586 2785 2660 agebat,
2824 2597 3057 2644 strenue
3082 2588 3313 2645 incum-

1746 2674 1923 2730 beret.

2507 2803 2561 2860 9.

1828 2906 2031 2963 Athen.
2062 2923 2117 2977 2,
2137 2924 2198 2980 p.
2236 2911 2336 2980 49,
2365 2908 2411 2961 Α
2437 2925 2448 2959 :
2479 2902 3183 2987 τράπεζαιέλειραντόπόδες,
3214 2893 3321 2965 τῶν

1747 2990 2084 3067 ἐπιθημάτων
2112 2993 2172 3049 ἐκ
2194 2994 2287 3063 τῆς
2315 2991 2645 3067 καλουμένης
2673 2992 3000 3070 σφενδάμνου
3024 2994 3314 3071 πεποιημέ-

1746 3101 1864 3137 νων.
1892 3081 1940 3139 Κ
1948 3102 1997 3158 ρ.

1849 3212 2187 3297 Γαυριῶσαι
2222 3197 2283 3269 δ’
2320 3204 2738 3294 ἀναμένουσιν,
2780 3212 2859 3285 ὡς
2910 3210 3318 3300 ἐπηγλαϊσμέ-

3218 3340 3314 3379 ναι

1843 3416 2114 3507 μείρακες
2126 3408 2395 3508 φαιδραὶ,
2416 3410 2707 3508 τράπεζαι
2729 3425 3052 3509 τρισκελεῖς
3069 3412 3319 3510 σφενδά-

3094 3550 3313 3614 μνιναι.

1750 3660 1965 3715 Insulse
1988 3658 2121 3715 libri
2140 3646 2232 3715 ὧδ’
2254 3657 2341 3717 ἐπ.
2353 3701 2371 3729 ,
2394 3659 2555 3732 quasi
2570 3676 2775 3714 mensae
2795 3670 3140 3717 vocarentur
3156 3652 3325 3736 puel·⁸

1749 3750 1835 3808 lae.
1869 3744 2130 3806 Contusae
2150 3744 2179 3803 δ
2204 3758 2263 3803 et
2288 3768 2321 3804 σ
2348 3748 2583 3817 litterae,
2611 3757 2679 3805 ut
2702 3746 2951 3822 AEschyl.
2984 3734 3143 3825 Sept.
3175 3768 3315 3821 271,

1750 3848 1806 3893 et
1838 3838 1993 3894 alias·
2036 3832 2403 3915 Σφένδαμνος,
2426 3854 2580 3906 acer,
2620 3854 2799 3911 germ.
2828 3837 3034 3905 dhorn,
3083 3838 3155 3895 de
3201 3858 3315 3913 quo

1751 3924 1928 3984 Stein.
1959 3926 2183 3983 Handb.
2209 3926 2273 3980 d.
2298 3924 2673 3999 Naeurgesch.
2704 3944 2762 3996 a,
2784 3945 2845 4000 p.
2877 3932 2983 3997 ¹7²⁵
3012 3946 3132 4001 seq.
3166 3928 3313 3986 min.

1760 4031 1780 4067 1
1793 4012 1850 4082 6,
1891 4032 1912 4068 1
1927 4012 1959 4068 5
1998 4034 2007 4066 :
2042 4016 2189 4068 Acer
2215 4008 2497 4083 tilioesere
2520 4014 2928 4087 amplitudinis,
2956 4034 3182 4088 operum
3212 4019 3318 4071 ele-

1749 4106 1953 4173 gantia
1976 4121 2047 4157 ac
2068 4102 2215 4157 subti
2220 4103 2379 4155 litate
2405 4102 2573 4157 cedro
2590 4102 2912 4159 secundum.
2940 4104 3145 4178 Itaque
3166 4124 3321 4159 acer-

1751 4208 1884 4245 nam
1907 4208 2159 4245 mensam
2185 4189 2448 4245 viliorem
2476 4188 2620 4245 dixit
2650 4190 2925 4245 Horatius
2948 4191 3135 4255 Serm.
3165 4210 3217 4261 2,
3237 4194 3271 4247 8
3300 4236 3317 4265 ,

1761 4297 1850 4336 ιο.
1885 4278 2154 4333 Martialis
2186 4282 2278 4347 14,
2308 4276 2419 4334 88:
2456 4278 2661 4333 Mensa
2687 4296 2919 4333 acerna.

1833 4403 1962 4454 Non
1986 4418 2111 4454 sum
2138 4406 2320 4473 crispa
2350 4398 2609 4473 quidem,
2628 4416 2736 4453 nec
2764 4400 2916 4454 silvae
2942 4397 3059 4454 filia
3082 4402 3289 4456 Maura*
3306 4446 3319 4472 ,

1912 4488 2013 4543 sed
2038 4498 2258 4542 norunt
2285 4488 2467 4542 lautas
2482 4497 2541 4541 et
2566 4500 2691 4542 mea
2709 4487 2861 4561 lig-na
2892 4486 3079 4561 dapes.
3188 4476 3204 4495 ⁸

1753 4612 1956 4667 Pollux
1990 4629 2088 4679 ιο,
2127 4608 2201 4665 35
2240 4630 2252 4664 :
2289 4607 2351 4665 σὺ
2382 4608 2428 4665 δ’
2458 4606 2519 4665 ἂν
2550 4607 2642 4665 καὶ
2684 4606 3020 4685 ἐλεφαντίνην
3064 4608 3319 4685 (κλίνην)

2496 4862 2549 4913 8.

1753 4944 1984 5015 Strepita
2006 4952 2059 4998 et
2084 4940 2357 4998 recumbe.

2509 5034 2560 5083 9.

1753 5116 2059 5186 Magnifica!
2082 5123 2304 5170 manent
2330 5123 2465 5179 (nos
2486 5119 2503 5179 3
2522 5152 2537 5179 ,
2565 5113 2709 5169 velut
2732 5112 3107 5185 superbientes

1755 5202 1947 5273 puellm
1978 5201 2174 5259 hilares
2194 5244 2207 5267 ‚
2238 5216 2440 5257 mensae
2472 5198 2709 5290 tripedes
2734 5213 2959 5255 acernae.
