3809 5850
1395 378 2022 442 ANAXANDRIDES.

169 507 364 563 Liba-iv.
385 524 416 561 2
445 504 556 562 ἐστε
574 501 771 562 νυνὶ-
799 501 918 560 τίνα
933 503 1123 581 τρόπον
1149 503 1355 580 πίνεινς
1383 508 1560 568 Mein.
1581 511 1684 564 mi-

163 615 248 649 nus
287 594 422 648 bene
455 595 544 649 ν’ῦν
588 591 738 661 ictu
784 590 1074 647 Posterius
1105 588 1271 648 πίνειν
1308 593 1521 651 delevit
1563 599 1684 652 Do·

163 684 334 738 braeus.
364 683 424 736 V.
473 681 504 736 3
546 681 716 756 vulgo
765 682 948 754 ἡμεῖς;
976 681 1208 736 τοιοῦτον
1369 681 1686 756 conjunxit

159 772 257 826 haec
291 769 498 825 Jacobs.
545 769 616 832 V.
661 775 694 835 t.
718 767 858 824 libri
893 763 1130 838 lmBe'Et’,
1169 779 1228 824 et
1259 787 1316 826 ν.
1361 767 1396 826 5
1425 771 1686 828 similiter

161 853 378 922 ἐπιδέξια.
405 854 470 912 V.
505 855 834 914 Schneider.
867 857 1010 912 Lex.
1059 873 1112 910 v.
1153 853 1363 932 Δεξιὸς,
1401 868 1460 914 et
1501 859 1686 915 Plauti

159 950 372 1022 interpp.
408 945 482 1004 ad
507 946 672 1004 Cure.
707 964 758 1014 ι,
798 964 850 1015 ι,
892 963 988 1016 70.
1018 943 1096 1006 V.
1139 943 1173 1000 5
1206 937 1340 1002 libi-i
1367 943 1538 1022 λέγειν
1575 945 1686 1023 ἐπὶ,

159 1046 202 1088 et
227 1054 274 1094 v.
307 1034 340 1091 6
377 1030 575 1112 λέγειν,
612 1029 907 1103 Ἄπολλον,
937 1032 1078 1091 ὥστε.
1130 1033 1269 1106 Quae
1297 1036 1548 1093 correxi.
1593 1038 1682 1092 De

159 1131 474 1177 mortuorum
509 1117 934 1177 laudationibus
968 1119 1046 1176 ad
1081 1119 1363 1178 tumulum
1397 1141 1458 1182 v.
1489 1123 1690 1179 Bosius

165 1209 327 1284 Antiq.
352 1209 444 1268 Gr.
471 1215 530 1278 4,
561 1213 660 1278 als,
689 1227 748 1286 p.
801 1207 911 1278 267
943 1206 1032 1264 ed.
1059 1207 1235 1266 Zeun.

882 1331 938 1372 α.

221 1426 296 1482 lb.
319 1444 374 1500 p.
405 1423 510 1490 481
532 1466 550 1496 ,
577 1424 624 1484 F
643 1464 664 1496 ‚
702 1423 774 1482 de
813 1420 1055 1500 κυμὸίοις
1102 1423 1294 1482 dicens
1327 1444 1340 1480 :
1381 1422 1470 1482 καὶ
1499 1423 1602 1484 Ἂν.
1637 1427 1692 1484 ἐν

159 1507 272 1588 ’ei-(p.

274 1647 362 1658 -—
389 1635 428 1674 α
456 1604 696 1702 Μεγάλ’
745 1607 888 1686 ἴσως
923 1612 1186 1701 ποτήρια

229 1713 616 1808 προπινόμενα
633 1764 652 1802 ,
687 1715 795 1780 καὶ
823 1711 993 1807 μέστ’
1031 1715 1290 1808 ἀκράτου
1319 1709 1544 1807 κυμὸία

231 1820 502 1913 ἐκάρωσεν
523 1825 704 1914 ὑμᾶς.
743 1825 805 1907 β.
837 1817 1311 1915 Ᾱνακεχαίτικεν
1347 1823 1454 1914 μὲν
1491 1821 1611 1890 οὖν.

155 1948 218 2000 Ex
243 1947 489 2004 Atheneo
517 1949 722 2006 eadem
761 1949 1024 2024 apposuit
1049 1949 1310 2008 Macrob.
1345 1950 1462 2008 Sat.
1493 1947 1552 2022 5,
1585 1967 1685 2018 αι,

151 2035 290 2093 valde
316 2047 584 2116 corrupta
611 2048 675 2097 et
703 2037 918 2096 omissis
945 2037 1182 2097 ultimis.

871 2153 928 2214 3.

224 2271 408 2328 Athen.
445 2279 540 2344 14,
565 2291 632 2348 p.
662 2273 810 2342 642,
842 2273 886 2329 B
914 2291 926 2327 t
957 2269 1062 2331 Ἂν.
1097 2267 1238 2347 ’Arp-

227 2379 298 2461 ὡς
320 2377 376 2450 δ’
411 2387 864 2480 ἐστεφανώθην,
906 2392 944 2462 ἡ
971 2379 1220 2480 τράπεζ’
1259 2389 1556 2477 ἐπήγετο,

225 2489 439 2560 τοσαῦτ’
463 2494 696 2587 ἔχουσα
732 2490 1018 2586 βρώμαθ’,
1051 2495 1166 2558 ὅσα
1198 2490 1286 2584 μὰ
1313 2493 1452 2569 τοὺς
1491 2493 1654 2570 θεοὺς

227 2597 320 2661 καὶ
355 2597 460 2676 τὰς
491 2598 633 2676 θεὰς
661 2591 790 2665 οὐδ’
830 2593 1000 2664 ἔνδον
1023 2593 1148 2665 ὅντ’
1173 2593 1342 2691 ᾔδειν
1370 2600 1514 2691 ἐγώ·

227 2707 364 2772 οὕτω
390 2707 702 2774 πανέσθων
744 2713 1014 2798 Χρῆστρς
1041 2709 1148 2771 οὐκ
1178 2699 1329 2782 ἔζων
1359 2706 1532 2774 ποτέ.

155 2843 202 2894 V.
231 2861 251 2897 1
278 2845 514 2905 Meinek.
547 2846 720 2902 malit
761 2847 796 2913 ἡ
837 2841 1050 2924 τράπεζ’
1086 2839 1350 2922 εἰσήγετο.
1387 2845 1454 2902 V.
1491 2852 1524 2912 l,
1557 2843 1691 2899 libri

153 2925 260 2987 οὕτω
289 2932 522 3013 παρέζων
547 2934 800 3013 χρηστῶς
823 2934 919 2992 οὔκ
945 2930 1074 3001 ἔζων
1097 2930 1234 2991 τότε.
1264 2934 1440 2991 Mein.
1471 2942 1529 2989 et
1564 2934 1692 2990 Do-

153 3016 300 3077 braeus
351 3019 484 3079 οῧτω
535 3020 784 3101 παρέζων
801 3066 820 3099 ,
867 3022 1086 3101 Χρῆστε
1109 3066 1128 3097 ,
1181 3019 1312 3079 κοῦκ
1359 3018 1489 3088 ἔζων
1543 3016 1683 3080 τότε.

152 3108 298 3165 Immo
340 3112 533 3169 littera
581 3134 610 3167 ν
653 3122 724 3167 et·
759 3121 1209 3191 peommntatae,
1251 3121 1318 3165 ut
1363 3110 1526 3178 alias;
1573 3118 1692 3164 tum

155 3196 270 3254 forte
292 3202 556 3276 scriptinn
585 3200 870 3277 παρὲθσων
898 3200 1105 3257 abierit
1125 3201 1186 3255 in
1211 3194 1483 3275 παρέζων,
1511 3196 1693 3253 simile

151 3294 304 3342 autem
329 3284 444 3347 τότε
469 3289 548 3367 τῷ
575 3284 740 3358 ποτὶ,
769 3286 932 3362 quod
950 3287 1066 3343 huc
1101 3286 1260 3342 facit.
1291 3284 1564 3360 Χρῆστος,
1589 3302 1694 3339 no-

151 3388 256 3428 men
278 3378 592 3452 emphatice
608 3377 870 3453 positum
895 3376 1028 3432 loco
1050 3374 1412 3451 pronominis
1426 3414 1442 3443 ,
1472 3372 1546 3429 de
1575 3390 1692 3447 quo

151 3478 232 3517 usu
255 3482 302 3520 v.
327 3466 496 3523 index
520 3467 894 3524 Homericus.
935 3488 960 3514 a
997 3462 1262 3522 Chr-estus
1285 3460 1551 3535 frequens
1571 3480 1694 3517 ser-

151 3566 318 3608 vorum
342 3572 569 3615 nomen.
603 3580 634 3605 υ
669 3554 757 3612 Μ.
780 3552 1040 3627 Quorum
1061 3551 1386 3608 convivium
1409 3550 1505 3605 hic
1529 3551 1692 3625 signi-

149 3634 335 3696 fleatur.

668 3743 742 3803 ll.
785 3742 1146 3804 ΑΓΧῙΣΗΣ.

879 3875 930 3911 1.

215 3968 398 4031 Athen.
434 3968 492 4043 6,
523 3989 586 4047 p.
617 3962 762 4043 263,
791 3966 835 4023 B
857 3983 872 4025 ε
893 3962 986 4023 καὶ
1009 3962 1116 4023 Ἇν.
1145 3962 1198 4021 ἐν
1231 3958 1449 4041 Ἀγχίσῃ
1473 3959 1631 4041 φησὶν

227 4086 344 4147 Οὐκ
373 4086 505 4152 ἔστι
533 4080 798 4165 δούλων,
829 4077 880 4147 ὦ
910 4076 1087 4174 ’γάθ’,
1130 4071 1398 4169 οὐδαμοῦ
1445 4078 1656 4163 πόλις,

205 4376 267 4388 -—
291 4364 339 4405 a.
362 4354 562 4423 Magna
585 4350 820 4407 fortasse
843 4267 1036 4422 piculi:

153 4434 406 4505 propinata
427 4446 488 4494 et
511 4436 678 4510 plena
708 4436 846 4493 meri
875 4434 1093 4509 cymbia

151 4534 227 4575 vos
245 4526 537 4597 sopierunt.
565 4526 628 4582 b.
659 4528 840 4581 immo
855 4528 1233 4580 excusserunt.

153 4696 210 4749 Ut
228 4707 396 4756 autem
424 4708 724 4758 coronatus
745 4698 826 4757 fui
844 4616 1082 4767 ,amensa
1105 4694 1498 4769 apportabatur

155 4788 218 4837 tot
236 4788 512 4845 continens
537 4788 692 4846 cibos
709 4829 726 4856 ,
752 4794 909 4860 quot,
934 4802 1030 4859 per
1053 4800 1244 4842 omnes
1262 4783 1398 4840 deos

153 4867 362 4945 deasque
379 4915 396 4943 ,
415 4891 488 4931 ne
511 4874 726 4932 scibam
753 4872 976 4946 quidem
1005 4872 1158 4928 intus
1187 4876 1438 4942 paratos:

153 4952 214 5007 sic
231 4960 524 5033 omnigenis
551 4976 776 5019 vescens
805 4960 1066 5019 chrestus
1093 4972 1374 5032 nunquam
1403 4956 1668 5015 vivebam.

714 5048 1084 5105 ANcmsES.

155 5210 254 5269 Non
275 5224 352 5274 est
379 5232 690 5289 servorum,
713 5234 748 5276 ο
777 5140 939 5290 boati,
969 5234 1206 5292 usquam
1228 5218 1440 5285 civitas,

3220 403 3343 452 419

1881 515 2039 603 τύχη
2082 505 2153 578 δὲ
2188 511 2387 606 πάντῃ
2435 519 2748 608 μεταφέρει
2775 517 2853 584 τὰ
2891 524 3168 611 σώματα.

1881 621 2125 686 Πολλοὶ
2154 611 2224 684 δὲ
2258 629 2355 686 νῦν
2386 623 2493 711 μέν
2530 621 2674 687 εἰσιν
2704 627 2812 689 οὐκ
2848 628 3161 720 ἐλεύθεροι,

1884 724 1968 801 εἰς
1993 725 2233 817 ταῦριον
2270 716 2341 791 δὲ
2376 727 2678 812 Σουνιεῖς,
2706 725 2816 796 εἶτ’
2853 733 2911 808 ἐς
2942 729 3147 824 τρίτην

1787 821 1828 895 5
1883 829 2073 924 άγορᾷ
2108 833 2451 925 κέχρηνται·
2490 835 2593 902 τὸν
2617 833 2730 929 γὰρ
2764 836 2943 904 οἴακα
2976 843 3211 932 στρέφει

1881 927 2121 1030 δαίμων
2160 939 2422 1025 ἑκάστῳ.

1784 1065 1962 1121 Versu
1996 1084 2022 1121 1
2070 1063 2266 1123 δούλων
2291 1065 2454 1133 πόλις.
2494 1091 2519 1118 σι
2562 1069 2648 1125 De
2667 1089 2940 1128 servorum
2976 1073 3109 1128 urbe
3138 1091 3194 1130 v.
3222 1075 3359 1132 Cra·

1788 1153 1892 1208 tini
1910 1154 2139 1228 Seriph.
2168 1173 2227 1224 a,
2264 1173 2335 1225 a,
2364 1167 2421 1212 et
2446 1157 2746 1233 Eupolidis
2768 1161 2912 1218 Mar.
2954 1161 3157 1238 fragm.
3202 1181 3291 1238 19.
3328 1191 3350 1214 »

1785 1241 1874 1300 M.
1894 1243 1966 1298 V.
1999 1261 2033 1298 α
2054 1243 2329 1302 mendose
2366 1245 2500 1302 libri
2540 1243 2734 1307 πάντα.
2762 1245 3024 1325 Σώματα,
3050 1271 3353 1325 personas,-

1787 1349 1842 1386 V.
1873 1331 2055 1390 Thuc.
2106 1351 2157 1403 ι,
2201 1333 2346 1403 134,
2375 1335 2503 1395 'etc.
2538 1337 2609 1394 V.
2643 1345 2676 1405 4
2715 1335 2978 1409 Σουνιεῖς,
3016 1339 3355 1396 nobilissimi

1787 1421 2218 1478 Atheniensium
2252 1425 2403 1480 cives
2430 1440 2445 1481 t
2478 1443 2537 1484 r.
2567 1425 2766 1499 Odyss.
2808 1425 2865 1494 3,
2894 1427 3029 1497 278,
3060 1431 3356 1504 Aristoph.

1785 1509 1943 1567 Nuh.
1964 1509 2099 1585 395,
2122 1510 2360 1572 Casaub.
2389 1510 2464 1568 ad
2491 1513 2550 1570 h.
2568 1513 2609 1570 l.
2638 1511 2980 1588 (Occasione
3006 1515 3143 1571 data
3172 1521 3357 1572 corri-

1787 1614 1915 1672 gam
1950 1601 2053 1655 ista
2089 1598 2309 1656 Comici
2352 1603 2459 1657 Av.
2512 1599 2635 1656 816
2683 1621 2697 1656 :
2737 1588 2783 1658 ὦ
2820 1599 3162 1682 Σουνιέρακε,
3212 1607 3356 1682 χαῖρ’

1786 1682 1915 1753 ἄναξ
1956 1684 2272 1765 πελαργικὲ,
2310 1688 2372 1742 in
2422 1688 2631 1760 quibus
2684 1689 2943 1764 analogia
2974 1703 3131 1747 caret
3179 1692 3356 1762 Σουν.,

1786 1785 2171 1848 apparetque,
2212 1775 2385 1831 etiam
2411 1775 2543 1845 hic,
2584 1787 2649 1832 ut
2675 1777 2845 1846 alias,
2888 1777 3081 1834 fucum
3110 1781 3359 1837 librariis

1786 1861 1983 1917 fecisse
2010 1881 2045 1916 κ
2074 1873 2131 1918 et
2168 1883 2200 1918 τ
2226 1863 2545 1920 litterarum
2584 1865 3037 1924 similitudinem.
3081 1869 3355 1927 Scriben-

1787 1950 1925 2007 dum
1951 1949 2243 2030 Συνιάρατε
2258 1994 2275 2023 ,
2295 1964 2363 2008 ut
2382 1955 2486 2028 Eq.
2518 1953 2653 2024 518,
2676 1955 2957 2028 siquidem
2980 1957 3239 2032 ineptum
3266 1960 3355 2018 so·

1784 2051 1908 2111 ret,
1934 2039 2174 2096 eundem
2200 2041 2367 2096 simul
2396 2043 2469 2096 ab
2506 2043 2777 2118 accipitre
2814 2054 2871 2100 et
2910 2061 2945 2100 a
2969 2045 3193 2102 ciconia
3222 2067 3357 2125 cog·

1785 2127 2126 2204 nominari.)
2156 2128 2312 2190 Ibid.
2340 2129 2471 2187 cod.
2504 2129 2549 2190 B
2578 2129 2649 2198 εἰς
2672 2129 2715 2187 δ’
2740 2127 2865 2209 αὕρ.
2898 2135 2965 2191 V.
3006 2129 3039 2187 5
3064 2135 3232 2215 ἀγορᾷ
3268 2135 3357 2204 κε’-

1783 2237 2024 2296 χρηνται,
2052 2224 2457 2288 concionantur,
2498 2220 2783 2295 adeoque,
2818 2233 2881 2278 ut
2905 2221 3013 2279 Sch
3023 2225 3227 2300 weigh.
3263 2227 3349 2281 in-

1785 2317 2151 2382 terpretatur,
2173 2313 2307 2382 reip.
2330 2309 2801 2368 aetrninistrandoe
2816 2315 3127 2387 participes
3144 2314 3310 2384 fiunt.

2545 2441 2599 2481 2.

1865 2533 2069 2590 Pollux
2094 2533 2152 2604 6,
2190 2535 2294 2591 161
2332 2533 2793 2614 εὴμιχρύσους
2817 2533 2869 2594 δὲ
2902 2531 3007 2595 Ἂν.
3042 2535 3115 2595 Et
3154 2557 3209 2610 9,
3228 2537 3304 2614 59
3337 2557 3353 2596 t

1784 2623 1832 2680 εἰ
1867 2620 1963 2698 μὲν
1987 2625 2211 2700 χρυσοῦς
2233 2621 2416 2698 εἴποις,
2440 2623 2896 2701 προσυπακοῦεται
2917 2629 2945 2684 ὃ
2980 2623 3203 2704 στατήρ·
3232 2627 3277 2684 εἰ
3302 2625 3355 2684 δὲ

1783 2709 1985 2791 στατὴρ
2017 2709 2209 2783 εἴποις,
2240 2713 2298 2770 οὗ
2340 2709 2549 2777 πάντως
2579 2713 2609 2770 ὁ
2634 2718 2878 2792 χρυσοῦς·
2914 2713 3020 2774 Ἀν.
3069 2711 3116 2771 δ’
3143 2715 3196 2773 ἐν
3237 2716 3357 2790 Ἀγ-

1783 2797 1915 2878 χίσῃ
1944 2797 2035 2856 καὶ
2064 2803 2155 2876 ἠμ
2171 2797 2447 2880 ιχρύσου
2466 2822 2501 2868 ς,
2516 2797 2677 2877 λέγει.

2351 2966 2449 3025 lll.
2496 2966 2799 3029 ΑΙΣΧΡΑ.

1821 3198 1828 3207 .
1864 3123 2070 3179 Athen.
2108 3142 2199 3193 10,
2222 3142 2282 3197 p.
2308 3122 2420 3189 455
2440 3165 2457 3195 ,
2488 3128 2535 3183 F
2568 3146 2581 3181 :
2612 3122 2720 3184 Ἀν.
2748 3122 2805 3182 δὲ
2828 3125 3075 3203 Αἰσχρᾷ,

1881 3250 2109 3347 Αρτίως
2141 3246 2524 3347 διηρτάμηκε
2553 3256 2660 3323 καὶ
2696 3254 2778 3322 τὰ
2813 3258 2921 3349 μὲν
2956 3249 3207 3329 διηνεκῆ

1883 3362 2166 3453 σώματος
2225 3362 2367 3454 μέρη
2420 3353 2723 3454 δαμάζετ’
2759 3390 2793 3426 κ
2850 3364 2909 3428 ἐν
2954 3360 3356 3454 πυρικτίτοισι

3222 3496 3266 3546 ις
3315 3494 3348 3527 ))

1883 3575 2171 3665 Τιμόθεος
2210 3576 2318 3667 ἔφη
2348 3570 2489 3642 ποτ’
2510 3624 2529 3661 ,
2558 3566 2788 3669 ἄνδρες,
2828 3576 2942 3650 τὴν
2978 3494 3231 3667 χύτραῖἶ
3272 3568 3357 3639 οἶ-

2961 3706 3099 3773 μαι,
3134 3684 3351 3775 λέγων.

1787 3834 1852 3889 V.
1899 3851 1923 3887 ι
1960 3842 2015 3888 et
2044 3852 2103 3907 α,
2127 3830 2339 3903 διηνεκῆ
2368 3832 2531 3909 (cod.
2568 3835 2615 3891 A
2641 3828 2885 3907 διανεκῆ)
2922 3826 3168 3905 σώματος
3194 3826 3354 3909 μέρη,

1776 3932 2073 3994 perpecuoe
2095 3926 2338 3997 cotpore's
2350 3934 2554 3997 partes
2568 3964 2589 3989 ,
2617 3931 2799 3976 totum
2820 3920 3147 3995 complexae.
3168 3915 3262 3977 Ἐν
3288 3940 3351 3976 π.

1783 4009 1911 4083 γῆς,
1937 4014 1995 4063 in
2016 4014 2176 4064 terris
2196 4015 2329 4083 igne
2346 4014 2534 4077 coctis,
2566 4010 2627 4067 h.
2665 4027 2717 4064 e.
2751 4009 2881 4064 ollis
2899 4050 2916 4083 ,
2946 4017 3011 4063 ut
3024 4018 3179 4063 recte
3204 4006 3355 4069 acci,

1781 4096 1870 4170 pit
1890 4096 2067 4154 Mein.
2096 4115 2227 4152 cum
2254 4098 2381 4171 ipso
2413 4107 2607 4170 poeta.
2627 4095 2774 4154 Cod.
2804 4100 2852 4152 A
2874 4096 3077 4152 vitiose
3103 4092 3358 4173 πυρικτό-

3175 4216 3359 4232 -ἥ

1857 4260 1957 4317 sed
1978 4261 2093 4319 fore
2113 4262 2319 4334 ubique
2346 4276 2577 4334 corpora
2596 4260 2931 4318 circumfert.

1861 4350 2021 4407 Multi
2047 4359 2233 4407 autem
2261 4365 2416 4407 nunc
2446 4349 2669 4422 quidem
2690 4365 2803 4406 non
2824 4358 2959 4405 sunt
2977 4348 3133 4406 liberi
3158 4392 3175 4417 ,

1856 4436 1953 4494 sed
1990 4454 2109 4495 cras
2146 4438 2442 4496 Sunienses
2465 4476 2481 4499 .
2514 4436 2713 4493 deinde
2748 4436 3146 4494 nudiustertius

1787 4533 1820 4583 5
1863 4528 2265 4583 concionantur
2291 4544 2304 4581 ι
2334 4524 2768 4599 gubernaculum
2797 4524 2948 4581 enim

1858 4618 2055 4690 cuique
2078 4613 2218 4687 regit
2238 4612 2479 4670 daemon.

2210 4750 2494 4809 TURPIS.
2533 4750 2859 4819 (AESCHRA
2876 4752 2931 4817 ἲ)

1786 4886 1957 4945 Modo
1979 4883 2241 4942 dissecuit
2268 4890 2325 4939 et
2350 4904 2375 4930 α
2405 4883 2463 4938 in
2486 4882 2647 4941 terris
2668 4882 2797 4953 igne
2822 4880 3073 4937 formatis
3108 4904 3133 4929 ι

1785 4985 1850 5035 ut
1871 4975 2195 5034 Timotheus
2220 4971 2515 5044 aliquando
2534 5010 2550 5040 ,
2585 4970 2724 5039 viri,
2754 4968 2892 5026 dixit
2926 4966 3355 5111 (ollambdixisse

3038 5058 3129 5125 [ar
3166 5057 3329 5121 itror)

1789 5153 2077 5225 contiguas
2106 5148 2365 5208 domabat
2389 5148 2633 5222 corporis
2656 5154 2854 5219 partes.

3097 5301 3169 5344 2⁷.
