3809 5850
1516 456 1986 521 HERMIPPUS.

120 590 453 645 maticoruin
484 588 651 659 loca,
683 606 719 643 a
752 586 1110 646 Schneidero
1143 590 1263 650 ind.
1302 592 1506 667 Script.
1532 594 1605 651 R.
1629 595 1701 651 R.

122 698 171 751 p.
202 676 311 747 375
336 678 619 733 collecta.
658 702 683 727 a
718 678 817 737 M.

196 766 281 821 Ad
310 766 467 821 hanc
505 765 769 821 fabulam
794 764 1070 841 Bergkius
1106 766 1457 825 Commentt.
1486 786 1551 843 p.
1590 767 1695 827 321

127 856 307 911 retulit
324 853 545 931 fragm.
574 854 693 910 inc.
727 870 785 912 a.

543 996 678 1055 vn.
720 996 1201 1057 ΣΤΡΑΤΙΩΤΑΙ.

896 1131 949 1206 i.

202 1280 413 1337 Athen.
460 1298 558 1348 ια,
586 1298 657 1353 p.
692 1277 841 1348 524,
870 1280 915 1336 F
950 1299 964 1335 ι
999 1277 1095 1335 καὶ
1121 1276 1472 1351 Ἆὸυδηνοὶ...
1502 1282 1707 1359 &vetui-

126 1387 201 1423 νοι
228 1365 323 1435 τὴν
374 1364 586 1423 δίαιτάν
632 1365 735 1422 εἰσι
777 1364 869 1423 καὶ
898 1365 1241 1446 κατεαγότες,
1278 1369 1353 1433 ὥς
1388 1368 1703 1447 παρίστησιν

128 1454 291 1533 Ἔρμ.
326 1456 383 1513 ἐν
414 1452 807 1532 Στρατιώταις·

222 1592 429 1681 Χαῖρ’,
450 1582 503 1651 ὦ
516 1579 871 1653 διαπόντιον
906 1584 1281 1681 στράτευμαῖ
1310 1592 1509 1675 -—,Tt
1522 1594 1708 1687 πράτ-

1480 1722 1702 1791 ‘top-eu

222 1798 303 1865 τὰ
328 1802 441 1893 μὲν
470 1803 758 1891 μαλακῶς
782 1800 907 1892 ἔχει
935 1800 1080 1893 πρὸς
1108 1796 1227 1869 εἴητ’
1250 1801 1371 1869 ἀπὸ
1392 1806 1671 1897 σώματος
1686 1856 1706 1891 ,

226 1910 397 1999 ῥώμῃ
428 1896 507 1971 δὲ
536 1914 774 1998 νεανικῇ
802 1906 1039 1999 σφρίγει
1071 1908 1147 1974 τὸ
1180 1910 1535 2002 βραχιόνων.

228 2002 428 2110 ᾔσθου
452 2014 565 2079 τὸν
602 2002 869 2098 Ᾰὲυδον,
902 2018 984 2090 ὡς
1024 2013 1167 2107 ἀνὴρ
1196 2018 1553 2109 γεγένηταις

136 2174 163 2200 «ι
190 2152 409 2225 Nempe
436 2142 649 2226 ξεναγὸς
690 2146 929 2224 quidam
953 2148 1159 2207 milites
1178 2152 1455 2210 Asiaticos
1470 2195 1488 2228 ,
1522 2155 1710 2230 specie

133 2241 390 2316 egregios
406 2279 426 2310 ,
450 2256 519 2295 re
544 2239 781 2314 ignavos
794 2279 812 2307 ,
833 2248 1218 2298 contraxerat.
1242 2262 1268 2290 ιι
1295 2240 1571 2297 Dobroeus
1591 2240 1709 2297 Ad-

133 2346 271 2383 vers.
324 2346 395 2398 α,
434 2345 500 2401 p.
561 2326 701 2403 339.
750 2328 899 2383 Sunt
945 2325 1065 2381 haec
1102 2327 1421 2401 strophica,
1456 2329 1712 2384 versibus

136 2416 467 2490 compositis
506 2432 577 2471 ex
621 2415 851 2471 duobus
878 2417 1293 2471 anacreonticis
1328 2416 1713 2491 polyschema-

136 2504 275 2558 tistis
297 2504 676 2574 camlecticis,
712 2514 772 2559 et
797 2501 1047 2561 clausula
1074 2504 1359 2578 ejusmodi
1395 2504 1709 2579 brachyca—

133 2593 393 2649 talectica
426 2608 449 2651 ι

144 2887 395 2944 invenias
420 2886 491 2944 id
514 2902 695 2962 genus
708 2886 877 2943 metri
900 2887 1071 2944 etiam
1098 2883 1259 2961 apud
1270 2880 1715 2962 Aristophanem

136 2987 183 3030 et
208 2978 505 3052 Tragicos.
532 2977 605 3032 V.
640 2993 667 3030 1
700 2975 835 3030 libri
862 2972 1241 3053 πραττομένων
1280 2977 1375 3032 vel
1404 2971 1717 3053 πραττόμε-

133 3083 221 3129 νος.
244 3064 523 3125 correxit
546 3063 846 3120 Dobroeus.
870 3065 942 3122 V.
974 3082 1010 3120 a
1052 3075 1111 3119 et
1134 3061 1167 3118 3
1199 3063 1337 3119 libri
1361 3062 1634 3120 mendose
1660 3075 1719 3120 et

132 3154 379 3226 trajectis
402 3153 601 3209 verbis
628 3147 699 3207 τὰ
726 3150 823 3225 μὲν
844 3148 975 3230 πρὸς
1000 3149 1119 3230 ὄψιν
1140 3151 1271 3226 μαλ.
1285 3149 1445 3230 .ἔχειν
1470 3148 1577 3208 ἀπὸ
1605 3149 1717 3208 σώ-

128 3261 315 3312 ματος,
324 3237 481 3318 κόμῃ
500 3259 561 3296 τι
576 3241 791 3317 νεανικῇ
808 3236 981 3318 φρίγιι
1001 3261 1059 3296 τε
1084 3241 1246 3318 βραχ.
1264 3241 1437 3296 Posui
1456 3227 1717 3318 wpbcdioe',

126 3341 181 3384 ιιι
202 3329 369 3404 apud
386 3331 709 3385 Homerum
722 3369 741 3402 ‚
758 3327 929 3385 metri
946 3331 1149 3405 gratia.
1180 3329 1314 3387 Alio
1334 3327 1518 3385 modo
1532 3339 1719 3386 trans-

124 3419 315 3491 posuit
340 3416 625 3494 Bergkins
644 3415 990 3478 Commentt.
1018 3434 1085 3492 p.
1111 3416 1225 3484 324
1256 3433 1271 3474 τ
1309 3413 1377 3473 τὰ
1408 3412 1503 3491 μέν
1532 3417 1583 3491 γ’
1612 3412 1719 3473 ἀπὸ

122 3505 376 3580 σώματος
397 3505 411 3564 Ι
436 3507 570 3584 πρὸς
593 3499 710 3582 ὄψιν
735 3499 846 3582 ἔχει
876 3503 1074 3569 καλῶς.
1106 3507 1469 3562 Hermannus
1497 3523 1509 3558 ε
1534 3498 1601 3559 τὰ
1622 3500 1715 3579 μέν

122 3615 175 3668 γε
198 3591 339 3670 πρὸς
363 3590 491 3670 ὄψιν
513 3591 561 3648 εἰ
588 3589 599 3668 Ι
622 3590 815 3648 δοκεῖτε
844 3589 971 3664 μάλ’
1004 3589 1065 3649 οὗ
1092 3592 1271 3655 κακῶς
1292 3587 1462 3669 [ἔχειν
1493 3586 1599 3646 ἀπὸ
1620 3585 1719 3646 σώ-

127 3703 319 3752 ματος.
354 3683 439 3738 V..
488 3679 523 3735 3
569 3676 775 3758 σφρίγει
816 3679 1142 3739 Villebrun.
1171 3677 1247 3736 Τὸ
1278 3675 1571 3758 βραχιόνων
1592 3717 1611 3753 ,
1656 3687 1720 3733 ut

121 3769 183 3826 τὶ
208 3772 352 3827 θεῶν
374 3788 491 3846 pro
538 3765 647 3825 θεοὶ
674 3769 829 3843 apud
864 3769 1234 3844 Euripidem;
1278 3787 1337 3828 v.
1371 3767 1571 3822 Matth.
1611 3766 1713 3823 Gr.

122 3859 153 3930 S
176 3857 305 3915 285
323 3901 343 3930 ,
362 3875 479 3914 nos
498 3857 575 3913 ad
591 3858 772 3915 Thnc.
802 3877 857 3927 1,
889 3863 994 3927 4⁰3
1018 3857 1091 3914 de
1110 3853 1166 3914 δὲ
1194 3868 1252 3914 et
1268 3853 1323 3912 τὲ
1348 3855 1557 3931 passim
1576 3873 1716 3910 con-

122 3945 259 4002 fusis
276 3967 341 4003 v.
366 3947 617 4002 Porson.
638 3943 831 4000 indice
850 3944 1171 4020 Euripidis,
1196 3945 1376 4001 Thac.
1398 3949 1455 4013 4,
1479 3942 1572 4014 78,
1598 3953 1709 4001 etc.

122 4033 369 4092 Frustra
396 4051 629 4090 versum
674 4038 707 4099 4
745 4035 910 4089 alteri
940 4051 1197 4109 personae
1218 4035 1545 4090 tribuerunt
1559 4073 1579 4103 ,
1615 4032 1715 4089 de·

118 4127 277 4198 cepti
300 4167 323 4198 ,
360 4133 437 4178 ut
458 4121 710 4192 videtur,
737 4121 931 4178 verbis
969 4118 1023 4178 τί
1062 4119 1392 4201 aptit-rouen
1424 4139 1551 4196 qnae
1590 4131 1719 4178 sunt

116 4211 499 4269 Atheniensis
537 4207 780 4281 alicujus
800 4252 817 4281 ‚
844 4209 905 4265 in
947 4221 1128 4284 portu
1171 4209 1439 4266 advenire
1473 4207 1717 4265 videntis

112 4303 431 4357 arcessitos
475 4297 551 4354 ad
584 4298 803 4354 bellum
836 4315 907 4354 ex
936 4299 1064 4372 ipso
1106 4297 1315 4371 Abydo
1338 4297 1549 4353 milites
1569 4339 1587 4370 ‚
1611 4297 1718 4353 mi·
1755 4363 1757 4366 y

110 4392 431 4464 rantisque
458 4397 518 4444 et
546 4387 739 4444 omnia
778 4387 1131 4462 experientes
1173 4385 1353 4457 cives,
1394 4396 1453 4442 et
1488 4384 1719 4459 Abyde-

110 4495 225 4534 nus
256 4477 477 4533 molles
516 4475 796 4550 adspectu
832 4485 951 4530 tam
992 4474 1265 4530 robustos
1282 4516 1301 4548 ,
1336 4473 1608 4546 virosque
1646 4473 1722 4530 sa-

108 4577 247 4621 ctus
292 4566 424 4622 Illis
442 4559 605 4640 ᾔσθου
618 4582 820 4640 -γεγ.
840 4563 917 4619 de
939 4563 1046 4619 hac
1064 4579 1131 4620 re
1148 4560 1453 4636 compellat
1470 4561 1719 4635 aliquem

110 4653 478 4711 adstantem.
504 4683 589 4695 —-
607 4647 717 4710 Τὸν
745 4646 969 4710 Ἀὄυδον
988 4693 1006 4721 ,
1043 4649 1529 4724 quemadmodum
1548 4693 1565 4720 ,
1609 4649 1719 4705 ob-

110 4751 399 4796 servante
420 4740 627 4813 Mein„
648 4741 821 4796 etiam
842 4740 1079 4796 nomina
1106 4735 1283 4802 Πύλος
1303 4779 1321 4810 ,
1352 4733 1557 4808 Σηστὸς
1578 4779 1596 4810 ,
1622 4735 1721 4794 Κό-

116 4831 301 4904 ρινθος
314 4871 331 4898 ,
353 4829 587 4902 aliaque
604 4828 889 4884 nonnulla
904 4867 923 4898 ‚
949 4827 1265 4884 masculino
1291 4843 1499 4901 genere
1519 4825 1719 4882 dicun-

764 5093 1101 5149 numnis.-

908 5187 959 5235 1.
1433 5179 1720 5252 [agimusi‘

140 5268 317 5337 Salve,
350 5283 391 5326 o
426 5265 813 5325 trmsuiariue
848 5266 1151 5324 exercitus!
1182 5264 1315 5338 quid
1346 5270 1497 5338 (qtae
1533 5268 1717 5336 mira)

3257 476 3366 531 las

1798 614 1908 659 tur.
1933 604 2150 659 Notum
2179 621 2211 659 e
2231 620 2471 677 gramm.
2502 603 2742 661 Bekkeri
2764 606 2986 665 Anecd.
3010 626 3070 682 p.
3103 608 3239 679 322,
3267 610 3364 681 32,

1796 702 1855 745 et
1883 686 2166 749 Proverb.
2193 691 2360 747 Bodl.
2386 710 2448 767 p.
2475 691 2576 763 78,
2609 694 2684 763 D,
2709 694 3084 767 proverbium
3117 693 3211 765 Μὴ
3251 698 3365 763 ιῖκῆ

1796 774 1886 833 τὸν
1911 771 2156 835 Ἄὸυδον.
2196 780 2460 837 Fortasse
2487 797 2590 855 per
2619 798 2876 838 errorem
2905 784 3102 859 Steph.
3135 788 3363 860 Byzant.

1795 881 1852 922 v.
1879 859 2126 941 Ἀὅυδος,
2161 863 2256 935 Μὴ
2280 867 2395 937 εἰκῆ
2417 864 2512 937 ripn
2543 864 2785 927 Ἀὅυδον.
2821 892 2847 921 α
2873 872 3141 945 Abydum
3179 886 3367 932 autem

1796 952 1853 1008 h.
1896 953 1938 1011 l.
1977 971 2097 1009 non
2151 955 2357 1011 urbem
2408 956 2584 1031 dicit,
2625 956 2726 1014 sed
2781 960 2936 1033 ipsos
2990 962 3118 1016 illos
3163 964 3370 1021 milites

1797 1042 2062 1113 Asianos,
2087 1060 2158 1099 ex
2175 1042 2384 1118 Abydo
2407 1044 2646 1120 aliisque
2664 1046 2814 1102 illius
2837 1066 2952 1104 orae
2974 1048 3213 1106 urbibus
3231 1070 3370 1107 con-

1793 1131 2064 1209 scriptos.
2093 1154 2120 1183 »
2147 1132 2330 1191 Mein.

2552 1266 2609 1305 2.

1878 1364 2073 1424 Schol.
2103 1366 2406 1444 Aristoph.
2433 1369 2588 1438 Pac„
2627 1377 2775 1436 1242
2805 1391 2818 1426 :
2855 1369 2978 1447 περὶ
3028 1371 3123 1447 μὲν
3166 1363 3252 1431 οἶν
3280 1376 3375 1445 τῆς

1802 1450 1996 1531 ράὅδου
2028 1454 2118 1529 (in
2146 1456 2363 1512 cottabi
2386 1454 2560 1533 ludo)
2581 1452 2756 1535 Ἕρμ.
2785 1460 2861 1519 ἐν.
2893 1460 3026 1537 Στρ.

1896 1578 2130 1653 ῥαίὲδον
2165 1580 2228 1653 δ’
2269 1585 2405 1677 ὄψει
2429 1592 2546 1663 τὴν
2582 1584 2956 1665 κοτταὸικῆν
3023 1632 3032 1641 -

1902 1696 1964 1757 ἐν
1995 1698 2123 1771 τοῖς
2155 1693 2430 1787 ἀχύροισι
2461 1686 2928 1787 κυλινδομένην.

1801 1826 2016 1883 Eadem
2060 1828 2330 1905 leguntur
2377 1830 2439 1885 in
2486 1826 2746 1908 Μοίραις,
2801 1830 3007 1909 fragm.
3059 1850 3095 1888 a
3113 1870 3132 1903 ,
3185 1850 3374 1909 neque

1800 1927 2114 1993 propterea
2137 1918 2320 1974 simile
2341 1919 2641 1993 utriusque
2669 1918 2941 1976 dramatis
2974 1934 3372 1995 argumentum

1802 2003 1971 2061 fuisse
1998 2004 2328 2077 conjiciam,
2355 2007 2638 2080 siquidem
2677 2008 2896 2063 cottabi
2932 2008 3102 2065 ludus
3149 2008 3374 2067 facilem

1802 2110 1998 2151 ansam
2015 2094 2260 2168 praebuit
2278 2096 2524 2151 Comicis
2542 2095 2615 2151 ad
2635 2097 2847 2169 quaevis
2863 2094 3146 2171 fingenda.
3168 2098 3372 2172 Bergk.

1802 2182 2148 2239 Commentt.
2190 2200 2253 2257 p.
2306 2182 2421 2239 320
2455 2199 2470 2240 ς
2521 2206 2546 2232 α
2593 2184 2839 2239 Juvenes
2878 2185 3051 2239 otiosi
3091 2194 3147 2239 et
3173 2184 3376 2242 divites

1805 2279 2166 2343 quantopere
2187 2270 2300 2326 hoc
2323 2270 2462 2327 ludo
2482 2270 2746 2327 delectati
2771 2270 3002 2341 fixerint,
3022 2273 3156 2327 satis
3171 2292 3374 2348 super-

1804 2376 1918 2431 que
1945 2359 2110 2414 multi
2134 2359 2496 2415 comicorum
2521 2370 2826 2433 poetarum
2854 2369 3104 2434 arguunt
3128 2359 3242 2415 loci
3270 2377 3286 2420 :
3313 2382 3371 2421 v.

1804 2446 2066 2503 Cratinus
2089 2448 2150 2501 in
2175 2448 2428 2517 Nemesi,
2456 2448 2620 2504 Plato
2643 2449 2705 2503 in
2721 2448 3048 2505 Laconibus
3071 2458 3131 2503 et
3151 2448 3212 2503 in
3229 2450 3378 2507 Jove

1803 2532 2027 2607 injuriis
2039 2534 2192 2605 laeso,
2209 2535 2505 2611 Aristoph.
2531 2538 2594 2591 in
2611 2537 3017 2593 Daetalensibus
3043 2546 3101 2591 et
3122 2536 3182 2591 in
3203 2538 3376 2613 Pace,

1803 2623 2087 2697 Amipsias
2116 2625 2180 2678 in
2210 2624 2747 2695 Cottabissantibus,
2785 2626 3132 2681 Nicochares
3163 2626 3224 2679 in
3263 2628 3378 2683 La-
3443 2638 3454 2647 ·

1806 2710 2050 2765 conibus
2067 2751 2086 2785 ,
2129 2710 2481 2785 Antiphanes
2521 2712 2584 2767 in
2618 2711 2853 2767 Veneris
2896 2711 3221 2783 Natalibus,
3251 2713 3377 2783 alii,

1806 2816 1952 2871 quos
1979 2810 2236 2855 recenset
2259 2816 2330 2855 ex
2347 2817 2558 2875 magua
2589 2810 2758 2875 parte
2779 2800 2988 2858 Athen.
3021 2796 3118 2869 15,
3147 2818 3208 2874 p.
3243 2799 3379 2871 668,

1805 2888 1876 2947 A.
1908 2910 1934 2938 υ
1961 2890 2180 2946 Vereor
2205 2888 2402 2965 igitur,
2435 2897 2503 2944 ut
2522 2898 2678 2945 recte
2699 2889 2908 2946 Milites
2934 2888 3242 2944 Parcarum
3264 2886 3379 2945 δια-

1806 2971 2000 3043 σκευὴν
2035 2975 2202 3032 fuisse
2245 2977 2684 3046 existimaverit,
2713 2978 2796 3032 sic
2825 2976 2943 3032 fere
2981 2975 3258 3032 disserens
3292 2976 3377 3032 ib.

1805 3080 1869 3137 p.
1917 3061 2031 3118 323
2068 3083 2082 3118 :
2118 3087 2143 3114 α
2173 3065 2296 3139 Ego
2337 3065 2416 3120 sic
2441 3075 2658 3133 statue,
2695 3065 3076 3140 Hermippum
3102 3063 3192 3118 bis
3227 3063 3380 3119 idem

1808 3161 2202 3226 argumentum
2229 3161 2494 3209 tractasse
2542 3163 2600 3209 et
2650 3153 2712 3208 in
2753 3153 2946 3208 Moeris
2981 3161 3038 3209 et
3069 3151 3378 3224 Militibus,

1804 3238 1881 3293 ita
1919 3249 1984 3294 ut
2013 3235 2306 3313 posterior
2347 3239 2540 3296 fabula
2585 3241 2746 3314 quasi
2774 3258 2883 3315 pro
2925 3239 3258 3296 recensione
3287 3243 3382 3297 vel

1804 3327 2148 3400 repetitione
2175 3327 2406 3383 alterius
2431 3325 2694 3383 habenda
2723 3329 2814 3386 sit.
2851 3327 3168 3386 Commune
3189 3337 3381 3384 autem

1804 3414 2103 3488 utriusque
2126 3414 2426 3470 consilinm
2451 3413 2565 3470 hoc
2595 3413 2822 3470 videtur
2843 3411 3038 3484 fuisse,
3068 3423 3136 3469 ut
3159 3415 3380 3469 civibus

1803 3507 1964 3583 pacis
2007 3507 2164 3564 bona
2204 3507 2718 3566 commendaret...
2772 3509 2846 3564 Et
2885 3509 3092 3563 Moeras
3143 3507 3379 3581 quidem

1806 3597 2010 3652 docuit
2027 3597 2107 3654 H.
2131 3595 2240 3653 sub
2266 3597 2454 3671 ipsum
2485 3597 2708 3652 initium
2743 3595 2913 3670 belli,
2959 3595 3167 3650 Milites
3189 3605 3378 3650 autem

1804 3685 2026 3759 aliquot
2081 3687 2242 3741 annis
2281 3694 2444 3760 post,
2501 3693 2768 3753 mortuo,
2823 3693 2891 3738 ut
2939 3693 3379 3758 consentaneum

1806 3784 1918 3844 est,
1946 3773 2167 3830 Pericle
2203 3793 2214 3829 τ
2253 3774 2448 3848 itaque
2493 3770 2626 3828 illos
2654 3769 2888 3846 quidem
2919 3781 3233 3846 anapaestos
3263 3769 3380 3826 fer-

1806 3861 2184 3931 ventissimos,
2213 3861 2314 3933 qui
2343 3861 2403 3914 in
2441 3857 2610 3932 hujus
2637 3859 3041 3914 contumeliam
3076 3859 3380 3933 compositi

1808 3960 1970 4005 erant
1994 3949 2188 4024 (Μοιρ.
2217 3947 2294 4006 fr.
2332 3941 2428 4022 1),
2465 3963 2778 4022 segregasse
2809 3945 3065 4016 videtur,
3113 3944 3382 4020 deinceps

1808 4047 1998 4093 autem
2029 4046 2252 4093 secutos
2268 4076 2285 4105 ,
2324 4035 2532 4109 quibus
2573 4033 2920 4090 alacritatem
2949 4033 3377 4088 Atheniensium

1809 4126 2299 4198 acrimoniamque
2333 4123 2396 4178 in
2422 4121 2883 4179 Lacedaemonios
2915 4121 3247 4191 illustravit,
3287 4121 3379 4175 in-

1810 4225 2001 4290 tegros
2025 4216 2117 4272 vel
2143 4215 2376 4271 minima
2407 4231 2476 4269 ex
2496 4223 2660 4287 parte
2696 4221 2946 4268 mutatos
2963 4211 3314 4284 repetivisse.
3348 4233 3372 4258 »ι

1807 4300 1970 4359 Idem
2013 4320 2077 4376 p.
2118 4301 2231 4369 324
2279 4311 2594 4371 memorat,
2631 4301 2837 4356 urbem
2879 4297 3185 4372 Abydum,
3215 4306 3382 4353 antea

1809 4389 2080 4444 societate
2115 4386 2373 4460 junctam
2417 4405 2552 4443 cum
2579 4386 3049 4455 Atheniensibus,
3081 4384 3381 4441 descivisse

1810 4473 1919 4551 (ad
1955 4473 2412 4552 Pharnabazum)
2461 4485 2698 4531 auctore
2735 4473 3050 4548 Dercylida
3095 4473 3379 4548 Spartano

1812 4563 2030 4638 olymp.
2059 4581 2162 4638 92,
2205 4581 2227 4617 1
2267 4561 2426 4638 (ante
2453 4561 2588 4618 Chr.
2613 4573 2734 4620 nat.
2771 4567 2838 4628 [μ
2858 4580 2879 4616 ι
2909 4560 2926 4638 )
2949 4583 2966 4632 ;
2994 4571 3132 4616 tunc
3155 4571 3376 4628 autem,

1812 4651 2061 4707 Athenas
2099 4651 2280 4705 missis
2316 4648 2640 4723 Abydenis,
2675 4648 2757 4703 ibi
2783 4650 2846 4704 in
2865 4649 3111 4704 statione
3147 4648 3382 4703 relictos

1810 4737 2145 4813 cogitandos
2190 4755 2309 4794 esse
2345 4737 2552 4793 milites
2583 4737 2842 4806 Atticos3
2868 4755 2923 4793 v.
2965 4735 3150 4794 Thuc.
3196 4735 3259 4806 8,
3301 4733 3374 4789 6ι

1809 4837 1868 4882 et
1895 4825 1996 4884 62.

1810 5087 2072 5162 adspectu
2091 5089 2314 5162 quidem
2335 5087 2488 5146 molli
2511 5097 2598 5146 est
2625 5103 2854 5162 corpore
2868 5129 2890 5158 ,

1808 5175 1905 5232 sed
1935 5175 2253 5233 fortitudine
2274 5175 2500 5248 juvenili
2525 5176 2711 5247 vigent
2727 5175 2943 5232 brachia

1809 5263 2106 5334 sensistin’,
2141 5262 2392 5321 Abvdum
2419 5264 2596 5322 virum
2617 5264 2896 5321 evenisse?
