3809 5850
481 510 592 561 200
1476 482 1894 545 COMOEDIAE
1940 478 2270 541 VETERIS
2312 477 2724 551 RELlQmAE.

661 685 759 696 ——
791 646 1110 735 Συνέτυχεν
1147 640 1363 722 ἐξιόντι
1395 663 1498 729 μοι

567 751 873 845 ἅνθρωπος
896 745 1164 839 ἀποφρὰς
1191 744 1293 810 καὶ
1333 744 1578 827 βλέπων
1615 740 1930 806 ἀπιστίαν.

471 882 690 956 Quibus
731 880 850 935 haec
895 875 1311 949 subjiciuntur,
1360 864 1700 928 Ἄπιστίαν
1753 862 1977 941 βλέπει
2018 882 2033 921 :

471 967 716 1031 Εὔπολις.
747 962 993 1037 σημαίνει
1005 959 1092 1018 τὸν
1109 954 1473 1015 ἀπιστότατον.
1505 956 1697 1028 Etym.
1715 955 1792 1011 Μ.
1812 971 1874 1027 p.
1903 971 1927 1007 1
1942 950 2038 1025 31,

478 1068 549 1132 19
581 1074 596 1115 :
638 1052 728 1111 καὶ
767 1050 884 1116 τοὺς
928 1045 1180 1127 πονηροὺς
1217 1042 1272 1103 δὲ
1313 1042 1698 1121 ἀποφράδας
1738 1040 2040 1102 ἐπιθετικῶς

471 1141 748 1212 ἐκάλεσαν,
780 1128 886 1196 οἷον
929 1162 952 1187 α
985 1131 1377 1211 Ἄνθρωπος....
1411 1127 1678 1187 ἀπιστίαν.
1713 1152 1739 1178 ‘³
1777 1152 1802 1177 «
1831 1128 2039 1183 Homi-

471 1250 601 1287 nem
631 1229 916 1285 nefarium·
938 1220 1230 1301 ἀποφράδα·
1251 1222 1396 1278 dixit
1421 1221 1589 1276 etiam
1616 1218 1893 1273 Lucienus
1918 1216 2035 1303 vol.

473 1322 528 1388 3,
554 1338 618 1393 p.
659 1318 765 1373 611
793 1358 810 1385 ,
843 1326 902 1370 et
945 1315 1192 1369 incertus
1231 1310 1477 1383 scriptor
1511 1306 1664 1381 apud
1704 1303 1938 1361 Suidam
1979 1322 2035 1357 v,

469 1405 730 1483 Ἡνίοχος.
769 1429 792 1455 υ
827 1404 879 1459 Ε
903 1404 992 1462 Μ.

1203 1512 1299 1569 23.

547 1630 710 1687 Idem
737 1629 816 1687 ib.
837 1646 895 1703 p.
929 1624 1022 1696 43,
1055 1621 1612 1701 ι5,Θρύπ-ιεσθαι
1649 1636 1666 1676 t
1701 1608 2037 1692 ὡραΐζεσθαι.

470 1718 632 1797 ἄμφω
657 1718 722 1776 Ε.
753 1714 1004 1792 ὥραῗζο
1022 1710 1194 1788 μένη
1229 1707 1341 1767 καὶ
1378 1702 1830 1786 θρυπτομένη.
1871 1701 2041 1759 Mein.

453 1805 694 1881 'scripsit
1765 1820 1772 1825 ·

567 1912 912 2011 ᾐρᾳζομένη
951 1914 1051 1981 καὶ
1096 1913 1498 2005 θρυπτομένη.

1203 2046 1302 2105 24.

552 2158 804 2216 Gramm.
839 2155 1079 2211 Bckkeri
1125 2150 1342 2210 Anecd.
1387 2168 1448 2223 p.
1481 2146 1626 2218 436,
1663 2146 1694 2203 3
1733 2166 1746 2201 ι
1785 2143 2044 2203 Ἀποστά-

475 2267 608 2320 σιον,
639 2242 730 2301 καὶ
757 2240 1140 2320 λιποστράτιον,
1158 2236 1249 2297 καὶ
1273 2235 1448 2294 πάντα
1475 2233 1542 2292 τὰ
1564 2235 1809 2304 τοιαῦτα,
1841 2230 2044 2289 οὐδετέ-

477 2355 574 2410 ρως
611 2327 1044 2410 σχηματίζουσιν.
1077 2329 1152 2387 E'.
1195 2352 1220 2377 «
1257 2322 1364 2385 Καὶ
1387 2322 1488 2401 γὰρ
1528 2320 1780 2400 αἰσχρὸν*
1809 2318 2045 2397 ἀλογίους

471 2444 521 2476 τι
551 2420 748 2498 ὀφλεῖν.
785 2442 810 2469 2»
856 2421 944 2474 Ita
980 2416 1182 2473 codex.
1221 2414 1507 2470 nokkerus
1537 2407 1746 2484 ἀλογίου
1773 2430 1844 2468 τι.
1869 2410 2045 2465 Recte

475 2511 647 2568 Mein.
680 2519 914 2565 auctore
938 2505 1180 2581 Bergkio

570 2661 665 2671 —
701 2620 821 2687 Καὶ
851 2618 963 2713 γὰρ
997 2616 1237 2709 αἰσχρὸν
1265 2612 1512 2707 ἀλογίου
1545 2606 1663 2677 ’στ’
1696 2615 1927 2701 ὀφλεῖν.

1221 2760 1314 2816 25.

553 2878 822 2938 Idem-ib.
863 2897 924 2952 p.
973 2876 1080 2945 451
1103 2918 1122 2950 ,
1157 2894 1260 2944 ιο,
1289 2868 1636 2948 Ἀσελγές;
1673 2876 1778 2925 πᾶν
1819 2866 1880 2924 τὸ
1918 2888 2048 2946 σφο-

474 2969 591 3048 δρὸν
631 2970 722 3030 καὶ
751 2968 938 3046 βίαιον.
975 2965 1066 3024 καὶ
1089 2965 1336 3042 ἀσέλγεια
1365 2969 1398 3034 ἡ
1428 2963 1546 3039 μετ’
1573 2963 1914 3040 ἐπηρεασμοῦ
1956 2959 2047 3017 καὶ

473 3057 790 3138 θρασύτητος
807 3056 918 3136 βία.
944 3057 1032 3115 καὶ
1049 3052 1272 3130 ἀσελγὴς
1291 3056 1319 3111 ὁ
1339 3049 1626 3129 ἀνάγωγος.
1643 3047 1996 3126 Δημοσθένης.
2008 3089 2042 3105 ..

473 3144 566 3204 καὶ
588 3151 617 3205 ὁ
640 3145 870 3222 κωμικὸς

578 3255 779 3354 ὥσπερ
813 3263 1028 3352 ἀνέμου
1065 3251 1326 3350 ’ξαίφνης
1363 3257 1646 3349 ἀσελγοῦς
1669 3255 2013 3348 γενομένου.

481 3417 504 3440 α
541 3391 807 3466 Eupolidi
833 3389 1118 3446 vindicavi
1143 3399 1386 3463 propter
1413 3384 1710 3442 Pollucem
1727 3427 1742 3454 ‚
1783 3405 1804 3439 1
1823 3403 1846 3440 1
1863 3404 1886 3439 1
1908 3401 1940 3448 ⁴t
1972 3387 2039 3442 E.

479 3478 532 3536 δὲ
571 3476 661 3535 καὶ
715 3477 953 3553 ἄνεμον
1003 3477 1119 3533 ἀσε
1137 3476 1258 3552 λγῆ
1299 3464 1412 3532 εἶπε
1451 3471 1538 3530 τὸν
1577 3471 1762 3551 βίαιον.
1793 3473 2037 3546 Hesych.

475 3589 520 3626 s.
547 3587 604 3626 ν.
631 3565 789 3643 Κριός
820 3587 834 3622 :
861 3563 920 3621 τὸ
943 3561 1046 3642 γὰρ
1074 3589 1098 3614 «
1127 3561 1346 3639 ἀσελγὲς
1371 3589 1394 3614 υ
1417 3564 1478 3620 οὖ
1505 3561 1659 3638 μόνον
1683 3559 1770 3618 ἐπὶ
1798 3563 1891 3617 τοῦ
1920 3560 2049 3616 ἀκο-

481 3654 678 3712 λάστου
696 3653 907 3711 ἔταττον
927 3653 974 3710 ot
993 3649 1231 3723 παλαιοὶ,
1251 3649 1368 3708 ἀλλ’
1387 3649 1527 3708 ἔστιν
1543 3645 1629 3706 ὅτε
1641 3647 1731 3708 καὶ
1747 3647 1832 3704 ἐπὶ
1847 3650 1942 3705 τοῦ
1964 3669 2052 3724 με·

483 3742 673 3818 γάλου·
698 3738 789 3797 καὶ
813 3737 916 3819 γὰρ
945 3738 1177 3814 ἄνεμον
1202 3741 1452 3815 ἀσελγῆ
1480 3737 1737 3814 λέγουσιν,
1763 3737 1833 3801 ὡς
1861 3737 1933 3796 Ε.
1960 3738 2051 3794 Sic

484 3833 652 3888 etiam
691 3828 863 3886 Prov,
903 3828 1122 3900 Bodlej.
1163 3827 1312 3905 555,
1347 3829 1447 3884 sed
1489 3825 1786 3901 Eupolidis
1819 3825 2053 3882 nomine

485 3920 712 3978 omisso,
743 3941 766 3967 υ
797 3919 846 3971 Ε
873 3919 958 3976 Μ.

1219 4029 1313 4086 26.

559 4145 810 4204 Graium.
835 4145 1090 4201 Crameri
1115 4143 1333 4202 Anecd.
1361 4144 1468 4199 Ox.
1503 4162 1524 4197 1
1548 4183 1564 4210 ,
1595 4161 1656 4216 p.
1685 4143 1795 4213 372
1823 4161 1838 4201 ε
1866 4145 1894 4199 ὁ
1912 4139 2052 4198 κατὰ

479 4229 655 4311 ψυχὴν
678 4227 944 4309 (πονηρὸς)
967 4227 1234 4298 ὀξυτόνως,
1261 4231 1289 4286 ὁ
1311 4227 1365 4286 δὲ
1390 4227 1528 4286 κατὰ
1549 4230 1706 4303 σῶμα
1723 4227 2051 4308 προπαροξυ-

479 4317 636 4382 τόνως
653 4340 666 4353 ·
696 4316 787 4375 καὶ
815 4321 940 4396 παρ’
969 4317 1096 4377 Ε-δι
1123 4315 1184 4375 τὸ
1211 4316 1433 4386 θηλυκὸν
1457 4314 1706 4395 πονήρα
1723 4359 1743 4392 ,

1220 4518 1307 4568 22.

561 4633 622 4642 ——
655 4602 909 4661 Occurrit
929 4619 1144 4676 egresso
1166 4604 1300 4660 mihi

490 4691 656 4748 homo
679 4687 920 4749 nefarius
937 4732 952 4759 ‚
980 4689 1260 4762 perfidiam
1282 4701 1556 4765 spectans.

1221 4801 1290 4850 23
1299 4836 1310 4849 .
1319 4823 1330 4832 ·

489 4881 726 4940 Delicias
756 4879 962 4940 faciens
983 4888 1039 4936 et
1065 4881 1366 4938 luxurians.

1231 4992 1320 5042 2⁴.

487 5094 669 5162 Turpe
693 5089 839 5145 enim
863 5097 946 5146 est
967 5090 1330 5146 temeritatem
1354 5087 1568 5144 debere.

1241 5199 1329 5250 25.

2108 5149 2115 5181 t

2109 5186 2115 5244 1

491 5303 536 5358 T
541 5316 776 5374 anquam
806 5303 1119 5372 tempestate
1142 5296 1326 5354 subito
1349 5297 1657 5356 vehementi
1679 5303 1882 5352 exorta.
2110 5248 2118 5344 l

2228 629 2349 697 Καὶ
2384 633 2466 721 μὴ
2503 624 2806 719 πονηροὺς,
2840 620 2889 687 ὦ
2922 620 3171 714 πον-ἤρα,
3202 616 3453 713 προξένει.

2135 757 2194 817 τὸ
2223 756 2317 834 μὲν
2346 756 2595 836 πρότερον
2618 754 2903 823 ὀξύνοντες,
2930 749 2991 809 τὸ
3011 746 3065 806 δὲ
3089 747 3172 806 ἐπὶ
3191 752 3277 819 τῆς
3297 770 3333 805 π
3348 770 3605 826 ρομνηστ·
3708 788 3710 801 «

2132 868 2161 925 ρ
2174 844 2191 903 ί
2203 869 2270 912 ας
2287 846 2347 903 τὸ
2368 844 2603 923 δεύτερον
2631 839 2954 921 βαρύνοντες.
2975 840 3077 895 τῶν
3094 836 3184 913 μὲν
3204 833 3297 912 γὰρ
3317 835 3421 901 τοὺς
3438 834 3609 913 τρόπους
3708 904 3710 907 ⁴

2130 934 2461 1012 δριζόμενοςὸ
2482 932 2663 1007 δ’ἧμος,
2682 933 2775 999 τῆς
2794 926 2849 985 δὲ
2876 918 3160 997 αἰτιατικῆς
3183 924 3411 1001 (αἰτιᾶται
3428 925 3610 996 conjicit

2131 1022 2344 1098 Mein.)
2376 1023 2445 1087 ὣς
2481 1020 2535 1077 ἐν
2573 1015 2807 1095 λοιδορίᾳ
2846 1013 2941 1085 τὴν
2968 1011 3149 1093 τύχην.
3192 1037 3217 1063 α
3253 1016 3417 1069 Docte
3452 1013 3512 1067 de
3528 1014 3610 1067 hoc

2132 1112 2455 1167 discrimine
2480 1109 2742 1184 exposuit
2763 1115 2919 1161 vetus
2939 1106 3212 1177 interpres
3223 1100 3500 1157 Aristotelis
3510 1102 3609 1155 Eth.

2129 1202 2357 1257 Nicom.
2390 1197 2450 1269 3,
2491 1196 2547 1255 5.
2581 1197 2662 1256 cf.
2700 1195 2990 1269 Goettling.
3016 1194 3104 1249 De
3131 1201 3333 1249 accent.
3366 1207 3421 1264 p.
3458 1186 3563 1253 304.
3591 1214 3609 1237 ι»

2866 1395 2957 1447 27.

2212 1493 2573 1550 Herodianus
2600 1490 2848 1547 Crameri
2874 1486 3092 1545 Anecd.
3116 1486 3294 1541 Oxou.
3330 1482 3388 1553 3,
3422 1468 3473 1556 p.
3510 1478 3614 1547 253,

2126 1584 2329 1639 §len-m.
2360 1600 2420 1657 p.
2454 1578 2565 1653 309
2610 1597 2625 1633 2
2652 1578 2860 1654 ἡρῷον
2892 1573 3101 1649 λέγεται
3136 1574 3171 1641 ἡ
3200 1573 3284 1627 τοῦ
3327 1566 3472 1647 ἥρωος
3502 1564 3619 1624 εἰκὼν

2134 1665 2167 1737 ἢ
2192 1665 2251 1724 τὸ
2277 1664 2518 1742 τέμενος,
2540 1665 2610 1730 ὡς
2634 1664 2699 1722 Ε.

2232 1779 2435 1878 Ηρῷον
2466 1781 2522 1849 εἴ
2547 1785 2674 1860 πώς
2703 1807 2808 1873 μοι
2840 1778 3124 1870 κομίσαιο
3154 1786 3255 1842 τοῦ
3284 1776 3473 1841 Λύκου.

2136 1911 2406 1971 Similiter
2432 1910 2726 1984 Aristoph.
2748 1908 2919 1981 vesp.
2952 1904 3069 1979 819
3090 1902 3307 1979 (θήρῷον
3330 1896 3373 1955 εἴ
3389 1918 3483 1961 πως
3502 1896 3619 1949 ἐκκο-

2136 1996 2317 2076 μίσαιο
2345 2001 2433 2056 τοῦ
2462 1994 2663 2071 Λύκου,
2687 1994 2999 2052 secundum
3030 1994 3201 2049 Mein.
3218 1992 3233 2067 )
3253 2032 3269 2060 ‚
3296 1986 3435 2060 cujus
3460 2002 3623 2041 nomen

2139 2088 2374 2143 sortasse
2396 2088 2490 2142 hic
2515 2082 2915 2161 reponendum
2940 2091 3043 2137 est.

2872 2176 2969 2233 28.

2215 2298 2467 2355 Gramm.
2493 2293 2733 2351 Bekkeri
2754 2248 2862 2348 An.
2888 2309 2948 2363 p.
2974 2288 3111 2361 463,
3143 2286 3211 2342 18
3236 2308 3247 2339 ;
3283 2280 3624 2346 Amiterni,

2136 2382 2197 2441 τὸ
2232 2384 2285 2443 ἐν
2323 2383 2459 2460 αὐλῇ
2488 2378 2761 2460 διατρίὸει,
2809 2376 2899 2435 καὶ
2930 2374 3073 2441 ἰδίως
3108 2373 3167 2431 τὸ
3192 2378 3422 2449 κοιμᾶται
3454 2361 3629 2425 Εὔπολίς

2138 2493 2293 2551 φησιν
2314 2493 2327 2506 ·

2236 2568 2376 2665 Εγὼ
2414 2565 2473 2637 δ’
2502 2562 2785 2645 ἄδειπνος
2815 2568 3064 2659 ἑσπέρας
3088 2556 3422 2652 ηὑλιζόμην.

2140 2703 2227 2757 lta
2254 2700 2463 2768 Mein.;
2488 2698 2671 2754 codex
2692 2692 3004 2770 αὖλιζόμην.

2873 2826 2969 2882 29.

2224 2927 2581 2986 nerodianus
2603 2943 2695 3000 ap.
2725 2923 2976 2980 Cramer.
3012 2916 3231 2978 Anecd.
3252 2918 3353 2973 Ox.
3379 2913 3432 2982 3,
3458 2929 3506 2982 p.
3528 2900 3630 2998 253ἔ

2144 3019 2353 3083 Herm„
2386 3034 2446 3088 p.
2504 3014 2617 3086 309
2664 3033 2675 3066 :
2730 3009 2867 3068 οὕτω
2910 3005 3133 3087 (φακοὶ)
3184 3005 3407 3062 καλεῖται
3442 2992 3560 3070 ὠμὸν
3595 3007 3636 3040 το

2142 3101 2381 3180 ὄσπριον,
2410 3103 2482 3166 ὡς
2512 3102 2579 3160 Ε.

2234 3219 2327 3289 Τῆ
2364 3243 2463 3282 νυν
2496 3207 2905 3307 καταδέχεσθε
2928 3213 3071 3290 τοὺς
3101 3210 3333 3302 φακούς.

2140 3347 2281 3404 Cod.
2312 3347 2405 3401 νῦν
2431 3341 2845 3420 καταδέχεσθαι,
2879 3321 3197 3401 Hermann.
3241 3318 3533 3396 κατέδεσθαι.
3558 3325 3641 3380 lm-

2140 3435 2456 3509 perativum
2490 3435 2680 3508 posuit
2706 3431 2874 3490 Mein.

2878 3529 2971 3584 30.

2225 3642 2583 3700 Herodianus
2622 3641 2875 3697 Piersoni
2912 3639 2985 3714 p.
3022 3639 3139 3705 448
3182 3655 3197 3694 ε
3251 3627 3531 3700 Karta-{a
3562 3617 3644 3720 fic

2146 3753 2219 3789 κε
2236 3753 2270 3809 φ
2287 3733 2442 3800 αλῆς
2460 3774 2477 3801 ,
2520 3731 2579 3788 οὐ
2622 3729 2729 3810 μὴν
2758 3737 2936 3786 πᾶσαν
2986 3727 3085 3796 τὴν
3115 3720 3367 3804 κεφαλὴν,
3393 3713 3511 3774 ἀλλὰ
3535 3723 3649 3783 §iiim

2140 3843 2194 3877 τι
2224 3821 2403 3890 αὐτῆς.
2439 3817 2699 3884 Εὔπολις·

2244 3925 2335 3986 Οὐ
2362 3917 2474 4012 γὰρ
2498 3913 2745 3994 κατάξει
2768 3928 2876 3993 τῆς
2909 3921 3175 4008 κεφαλῆς
3194 3909 3275 3978 τὰ
3294 3911 3528 4001 ῥήματα.

2145 4055 2320 4108 Recte
2347 4051 2515 4124 PierS.
2540 4031 2768 4113 Εὔπολις
2786 4065 2897 4120 pro
2934 4042 3151 4108 Ἄπολις
3166 4089 3183 4118 ,
3207 4041 3304 4098 sed
3326 4036 3553 4118 ῥάμματα
3573 4045 3653 4102 po·
3708 4081 3710 4088 ,

2146 4151 2373 4196 nentem
2408 4140 2487 4193 sic
2530 4137 2735 4192 refellit
2766 4136 2937 4192 Mein.
2971 4152 2985 4191 :
3024 4158 3049 4184 α
3086 4133 3157 4189 ld
3192 4133 3239 4186 si
3274 4127 3550 4201 scripsisset
3586 4118 3653 4172 Ε..

2145 4247 2348 4302 pamm
2372 4238 2497 4302 apte
2517 4244 2682 4280 versu
2706 4224 2807 4279 illo
2832 4241 2965 4278 usus
2988 4230 3135 4278 esset
3158 4217 3455 4274 Herodian.
3485 4207 3651 4274 scrip-⁵¹

2147 4318 2321 4392 igitur
2354 4311 2566 4380 κατάξει
2597 4313 2919 4388 (legebatur
2944 4306 3251 4386 κατάξεις),
3269 4301 3509 4363 utvoluit
3530 4294 3659 4351 etiam

3483 4405 3641 4424 ‘n‘-

2606 4431 2863 4438 —--—-—-—-
2895 4431 2932 4435 —
2993 4431 3007 4433 —
3048 4427 3253 4436 --a--—-.——

2898 4511 2984 4561 26.

2152 4601 2263 4654 Nec
2286 4598 2458 4654 malos
2476 4637 2490 4662 ‚
2510 4595 2669 4662 niele,
2696 4595 2927 4667 hospitio
2948 4593 3153 4664 excipe.

2894 4705 2981 4754 27.

2162 4789 2350 4864 Ἧρόζων
2376 4791 2420 4846 si
2452 4790 2574 4862 quis
2596 4783 2735 4844 so'rte
2762 4785 2897 4841 mihi
2924 4779 3119 4840 afferat
3142 4781 3297 4852 Lyci.
3400 4771 3405 4778 ’

2890 4895 2976 4943 28.
3296 4949 3303 4956 ,

2160 4983 2272 5050 Ego
2298 4985 2478 5034 autem
2507 4977 2812 5034 incoenatus
2835 4971 3043 5045 vesperi
3072 4973 3133 5028 in
3162 4967 3289 5026 aula
3312 4959 3567 5021 eubabam.

2896 5083 2985 5151 29.

2228 5199 2299 5210 —-
2338 5167 2579 5239 Accipite
2611 5165 2775 5241 igitur
2795 5165 2984 5222 lentes.
