3809 5850
1499 500 1909 566 EPHlPPUS.

223 639 656 739 Ᾰμφιδρομίων
675 642 866 708 ὄντων
886 690 904 721 ,
939 643 998 705 ἐν
1035 635 1124 714 οἷς
1151 633 1462 728 νομίζεται

115 753 132 822 3
222 759 412 822 ὀπτᾶν
435 777 504 818 τε
533 759 706 842 τυροῦ
739 741 1168 840 Χερρονησίτου
1197 743 1450 833 τόμους,

221 859 375 949 ἕψειν
404 855 458 925 τ’
495 857 680 942 ἐλαίῳ
714 853 965 946 ῥάφανον
994 849 1432 944 ῆγλαῖσμένην,

225 967 454 1058 πνίγειν
489 989 564 1030 τε
585 961 829 1054 παχέων
867 955 1081 1046 ἀρνίων
1108 955 1392 1026 στηθύνια
1417 1003 1434 1036 ,

225 1072 456 1138 τίλλειν
487 1095 558 1135 τε
577 1065 810 1160 φάττας
841 1062 944 1128 καὶ
961 1062 1180 1154 κίχλας
1198 1069 1362 1150 κοινῇ
1390 1056 1614 1132 σπίνοις
1633 1105 1649 1130 ,

226 1189 382 1270 κοινῇ
415 1201 490 1242 τε
521 1175 762 1266 χναύειν
793 1166 1048 1236 τευθίσιν
1077 1158 1336 1238 σηπίδια
1357 1213 1374 1247 ,

117 1309 182 1354 ιο
227 1291 416 1352 πιλεῖν
446 1307 520 1348 τε
560 1279 780 1356 πολιὰς
827 1271 1168 1349 πλεκτάνας
1193 1267 1596 1360 ἐπιστρόφως,

227 1391 407 1456 πίνειν
437 1414 507 1454 τε
538 1383 776 1461 πολλὰς
807 1383 1054 1458 κύλικας
1080 1373 1504 1472 εὐζωρεστέρας
1529 1399 1548 1460 ;

116 1563 280 1614 Versus
304 1565 400 1623 4-1
419 1576 442 1612 1
459 1557 736 1630 leguntur
757 1551 926 1608 etiam
941 1517 1102 1621 apud
1122 1543 1412 1602 Eubulum
1435 1539 1648 1598 Incert.

3204 507 3309 556 491

1745 629 1927 710 ἱλαρὸν
1952 628 2153 706 ἔλεγον,
2174 627 2322 700 δηλοῖ
2345 623 2477 704 Ἐφ.
2503 628 2554 684 ἐν
2576 629 2651 706 τῷ
2675 627 3073 706 ἐπιγραφομένῳ
3092 627 3320 706 δράματι

1743 716 2021 794 Ἐμπολή·
2056 716 2175 795 περὶ
2200 715 2407 795 ἑταίρας
2426 713 2483 773 δέ
2509 737 2645 780 τινος
2673 713 2814 792 λέγει

1841 841 2076 918 fineis-ci
2095 846 2149 943 γ’
2182 848 2447 928 εἰσιόντ’,
2481 846 2580 913 ἐὰν
2605 849 2977 938 λυπούμενος

1839 959 1997 1047 τύχῃ
2030 981 2120 1032 τις
2144 959 2345 1045 ἡμῶν,
2378 952 2765 1020 ἐκολάκευσεν
2790 945 2985 1029 ἡδέως
3006 1003 3023 1038 ,

1841 1062 2148 1152 ἐφίλησεν,
2201 1057 2338 1148 οὐχὶ
2356 1063 2737 1150 συμπιέσασα
2768 1059 2841 1123 τὸ
2876 1059 3075 1148 στόμα
3094 1111 3113 1135 ,

1845 1171 2042 1258 ὥσπερ
2075 1168 2361 1254 πολέμιος
2383 1214 2401 1244 ,
2447 1162 2610 1229 ἀλλὰ
2642 1171 2800 1229 τοῖσι
2831 1164 3149 1255 στρουθίοις

1748 1267 1788 1338 5
1843 1272 2109 1365 χαίνουσ’
2146 1268 2361 1362 ὁμοίως
2388 1264 2533 1346 εἷσε,
2561 1256 3049 1362 παρεμυθῆσατο,

1843 1377 2081 1448 ἐποίησε
2104 1375 2370 1468 θαλερὸν,
2402 1375 2611 1452 εὐθέως
2643 1381 2699 1440 τ’
2735 1375 2944 1466 ἀφεῖλε
2969 1379 3091 1439 πᾶν

1848 1485 2027 1548 αὐτοῦ
2052 1481 2126 1546 τὸ
2158 1487 2402 1563 λυποῦν,
2436 1471 2785 1555 κάπέδειξεν
2810 1481 3005 1544 ἵλεων.

122 1645 200 1716 15,
220 1647 380 1720 quir.
407 1643 646 1702 5habet
669 1636 854 1714 τόμον,
880 1656 935 1692 v.
967 1637 1002 1690 8
1029 1630 1218 1710 κίχλας
1246 1631 1376 1706 ὁμοῦ
1412 1624 1610 1689 σπίνοις
1635 1667 1654 1700 ,
1750 1627 1964 1686 Iterum
2008 1625 2171 1701 ponit
2214 1625 2360 1679 hauc
2398 1623 2651 1698 eclogam
2690 1623 2789 1678 lib.
2825 1620 2917 1696 13,
2953 1639 3014 1696 p.
3064 1621 3169 1693 57¹
3192 1663 3209 1692 ‚
3256 1622 3319 1679 E.

121 1755 160 1792 r.
185 1753 216 1807 9
244 1728 490 1806 μαινίσιν,
523 1749 586 1788 v.
626 1746 699 1784 10
729 1725 982 1782 πιλοῦν...
1013 1718 1351 1798 ἐπιστρεφῶς.
1395 1718 1466 1775 V.
1511 1713 1546 1768 6
1588 1732 1657 1768 ex

121 1823 308 1876 Eubulo
347 1817 591 1877 Casaub.
640 1814 860 1890 recepit
906 1803 1269 1886 ἧγλαῖσμίνην
1303 1823 1414 1880 pro
1458 1804 1655 1878 inepto

121 1903 495 1983 ἧγκιιλισμὲνην,
537 1906 798 1977 itemque
827 1919 884 1958 v,
931 1917 962 1970 7
997 1893 1186 1974 ἀρνίων
1212 1912 1323 1969 pro
1352 1890 1538 1968 ἀρνιῶν
1567 1888 1658 1943 vel

123 1997 315 2072 ἀρνειῶν.
337 1999 402 2054 V.
443 2013 516 2050 10
544 1992 684 2048 libri
707 1988 908 2065 putide
935 1980 1134 2048 πολλὰς
1155 1976 1452 2042 πλεκτάνας
1471 2019 1486 2047 ,
1511 1994 1660 2051 prae—

125 2085 274 2139 sertim
307 2080 672 2157 sequentibus
712 2077 902 2134 statim
938 2072 1130 2130 verbis
1173 2065 1372 2132 πολλὰς
1413 2061 1653 2126 κύλικας.

128 2171 274 2228 humo
320 2171 436 2229 πολ
451 2165 516 2226 ιὰ
532 2191 586 2240 ς,
613 2187 646 2224 a
689 2167 886 2222 colore
929 2162 1300 2238 polyporum.
1332 2181 1358 2206 α
1401 2155 1656 2214 Gramm.

127 2259 324 2316 Bekkeri
341 2257 560 2316 Anecd.
588 2275 658 2332 p.
694 2253 830 2329 293,
863 2271 938 2310 ιο
965 2270 980 2306 :
1014 2245 1318 2308 Πλεκτιίναι
1337 2239 1470 2310 τίνες
1493 2237 1658 2310 εἶσίν;

131 2346 172 2399 αἱ
205 2343 470 2403 πλεκτάναι
505 2346 600 2401 τοῦ
645 2339 942 2404 πολύποδος
959 2379 976 2408 ,
1017 2337 1064 2394 οἱ
1104 2332 1374 2410 λεγόμενοι
1413 2327 1654 2406 ἱμάντες,

131 2429 195 2497 οὓς
227 2431 384 2490 εἴωθεν
431 2429 746 2489 ἀποτείνειν.
797 2427 1054 2503 Polypos
1094 2421 1660 2497 Amphidromiorum

135 2521 240 2576 festo
260 2539 362 2578 una
383 2539 514 2577 cum
537 2519 718 2594 sepiis
737 2518 812 2574 ab
833 2516 1026 2574 amieis
1053 2513 1271 2569 oblatas
1293 2509 1462 2566 fuisse
1489 2505 1662 2564 docet

135 2609 296 2666 Suidas
332 2629 387 2669 v.
429 2605 809 2688 Ἆμφιδρόμια.
853 2607 1022 2662 Plura
1069 2603 1302 2676 Taylor.
1352 2598 1426 2655 ad
1479 2598 1662 2670 Lysiae

139 2695 294 2772 fragm.
317 2717 374 2774 p.
405 2697 462 2754 8.
493 2722 519 2750 n
543 2698 598 2754 Ε
629 2699 722 2754 Μ.

855 2791 908 2850 3.

199 2904 333 2963 ldem
367 2905 419 2979 8,
455 2928 512 2985 p.
570 2903 693 2964 365
716 2950 732 2977 ,
769 2903 814 2965 C
869 2925 884 2961 ι
934 2903 1152 2962 καλοῦσι
1181 2897 1238 2959 δέ
1267 2918 1380 2957 τινα
1419 2889 1661 2971 συναγώ-

145 3015 243 3070 ’(Ὶ*αι
261 2994 456 3075 δῑῖπνα,
483 2998 554 3063 ὣς
578 2991 879 3062 Ἄλεξις...
905 2991 996 3051 καὶ
1017 2988 1148 3071 Ἐφ.
1187 2992 1239 3049 ἐν
1263 2990 1398 3067 Γηρ.

295 3167 382 3178 -
400 3128 530 3195 Καὶ
559 3128 976 3219 συναγώγιμον
1275 3102 1280 3107 ἡ

220 3234 511 3323 συμπόσιον
541 3237 980 3325 ἐπικληροῦσιν.

152 3374 314 3432 Praeter
331 3380 714 3435 necessitatem
741 3375 980 3433 Casaub.
1009 3370 1403 3446 ἐπιπληροῦσιν.

625 3535 729 3594 lv.
777 3530 1124 3593 ΕΜΠΟΛΗ.

213 3682 426 3739 'situlum
457 3686 772 3761 capturam
811 3676 1266 3759 (meretriciam)
1293 3684 1521 3731 vertunt
1559 3670 1668 3729 Ca·-

156 3768 282 3823 nub.
305 3771 372 3826 ad
390 3774 616 3832 Sueton.
645 3772 828 3847 Calig.
857 3788 906 3827 e.
935 3777 1044 3839 40,
1065 3778 1126 3824 et
1153 3764 1404 3822 Grotius.
1434 3763 1520 3817 De
1548 3776 1666 3833 quo

159 3852 365 3915 dubitare
380 3861 522 3919 licet.

861 3988 910 4027 1.
1706 3960 1718 4045 ’γ

223 4094 394 4153 Athen.
423 4096 480 4167 8,
509 4116 569 4171 p.
607 4096 722 4154 363
742 4140 760 4171 ‚
785 4096 830 4151 C
859 4112 873 4151 ε
907 4089 990 4149 ὅτι
1019 4089 1074 4148 δὲ
1109 4088 1197 4147 τὸν
1222 4086 1376 4145 αὐτὸν
1393 4082 1547 4143 ἵλεων
1575 4080 1666 4139 καὶ
1711 4060 1724 4137 l

247 4276 392 4331 quum
412 4264 518 4321 sint
543 4262 986 4338 Amphidromia,
1016 4261 1074 4316 in
1101 4258 1302 4332 quibus
1319 4265 1374 4313 et
1397 4255 1572 4312 solent

173 4348 198 4395 ⁵
250 4360 406 4405 assare
429 4352 564 4408 casei
587 4348 930 4409 Chermnaeii
965 4346 1140 4405 frusta
1162 4386 1180 4411 ‚

251 4438 298 4486 et
314 4448 522 4506 coquere
545 4436 802 4495 crambeu
823 4436 948 4493 oleo
965 4434 1228 4490 nitentem
1246 4473 1262 4497 ,

196 4576 210 4591 .
253 4526 300 4571 0¹
315 4534 552 4593 ”imaro
575 4524 862 4597 pinguium
896 4520 1236 4596 agnellorum
1263 4530 1452 4575 carues
1466 4556 1480 4574 .

254 4611 301 4657 et
319 4606 580 4676 palumbos
603 4610 926 4683 depluumre
945 4624 1060 4667 una
1089 4622 1220 4663 eum
1245 4602 1422 4663 turdis
1441 4618 1508 4659 ae
1543 4599 1677 4657 frin-

1465 4688 1640 4759 [gillis
1659 4728 1672 4754 ‚

1747 1716 1927 1770 Versu
1963 1733 1995 1768 2
2040 1712 2176 1770 ἐκολ.
2222 1723 2308 1768 est
2342 1711 2639 1777 blanditur,
2692 1712 2939 1765 blandiri
2964 1711 3133 1778 solet,
3188 1720 3323 1778 etc.;

1747 1803 1861 1858 hoc
1885 1813 2075 1858 autem
2102 1819 2267 1856 sensu
2294 1800 2512 1856 leniore
2532 1798 2961 1873 intelligendum
2992 1799 3054 1855 h.
3101 1799 3143 1854 l.
3174 1797 3324 1852 vide-

1751 1902 1846 1946 tur
1867 1887 1928 1948 τὸ
1950 1886 2269 1948 κολακεύειν.
2297 1889 2493 1944 Altero
2531 1887 2661 1942 loco
2686 1887 2895 1961 legitur
2920 1883 3261 1945 ἐκολάκευσεν
3284 1883 3321 1949 ἢ

1750 1976 2119 2054 κατεφίλησεν.
2142 1979 2211 2034 V.
2244 1983 2275 2042 4
2315 1971 2565 2049 πολέμιος
2590 1973 2755 2030 etiam
2782 1976 2939 2032 Eust.
2969 1992 3027 2049 p.
3054 1979 3157 2039 141
3176 1993 3199 2027 1
3218 2014 3234 2041 ,
3260 1972 3324 2043 8;

1751 2067 1853 2124 sed
1893 2068 2075 2122 altero
2112 2066 2280 2134 1000,
2326 2074 2391 2118 ut
2432 2064 2602 2138 vulgo
2626 2103 2645 2137 ,
2676 2058 2959 2134 πολέμιον,
2993 2061 3153 2134 quod
3180 2078 3327 2134 aegre

1753 2154 2100 2228 explices.V.
2124 2151 2157 2208 5
2178 2147 2437 2230 χαίνουσ’,
2458 2149 2929 2208 hians.Similiter
2942 2146 3194 2205 Catullus
3214 2147 3281 2202 61
3308 2165 3321 2199 ι

1997 2291 2178 2348 Dulce
2201 2291 2385 2348 rideat
2408 2289 2485 2346 ad
2505 2300 2729 2365 patrem

1995 2380 2325 2436 semihiante
2352 2379 2582 2436 labello.

1759 2517 1917 2574 Libri
1947 2519 2249 2594 χαυνοῧσα,
2282 2535 2389 2590 pro
2419 2535 2536 2590 quo
2560 2533 2713 2570 nunc
2750 2515 2917 2569 etiam
2940 2513 3188 2569 Meinek.
3222 2509 3327 2590 χαέ

1755 2605 1919 2664 νοῦσ’.
1942 2605 2085 2661 lude
2101 2605 2231 2659 libri
2246 2595 2343 2674 ἧσε
2361 2621 2661 2680 perperam
2678 2623 2694 2674 3
2710 2601 2783 2658 cf.
2802 2601 2971 2659 Iliad.
2998 2621 3021 2657 1
3036 2644 3051 2672 ‚
3072 2601 3101 2656 3
3117 2621 3137 2657 1
3154 2620 3175 2656 1
3190 2611 3328 2676 ,etc.

1754 2699 1819 2752 V.
1849 2693 1884 2749 6
1926 2695 2311 2749 hallucinatur
2336 2693 2473 2750 Ath.
2518 2704 2575 2749 et
2616 2691 2676 2752 h.
2714 2691 2781 2762 l.‚
2822 2701 2879 2746 et
2919 2692 2979 2744 in
3024 2690 3175 2744 libro
3234 2687 3325 2757 13,

1758 2781 2070 2838 obtrudens
2088 2823 2103 2851 ,
2138 2777 2355 2850 ἐποίησέ
2390 2781 2439 2836 θ’
2466 2777 2669 2858 ἱλαρὸν,
2702 2779 2963 2853 decipise
2994 2795 3183 2854 passus
3202 2795 3329 2832 cor-

1755 2872 1940 2946 ruptis
1964 2869 2411 2944 exemplaribus,
2436 2869 2499 2922 in
2536 2866 2743 2943 quibus
2766 2867 3039 2940 scriptum
3065 2864 3231 2920 fuerit
3260 2867 3333 2920 θι·

1753 2956 1902 3036 λερὸν
1926 3004 1942 3029 ,
1973 2960 2333 3014 commutatis
2354 2959 2502 3013 inter
2522 2974 2581 3013 se
2606 2979 2639 3012 α
2677 2966 2734 3012 et
2766 2975 2784 3009 ι
2816 2956 3019 3010 litteris
3040 2994 3057 3023 ,
3088 2965 3153 3008 ut
3179 2954 3333 3028 apud

1760 3046 2087 3122 Euripidem
2113 3048 2308 3101 Inonis
2336 3045 2407 3102 fr.
2442 3044 2473 3099 3
2496 3056 2553 3100 et
2570 3045 2727 3101 alias.
2756 3046 2900 3099 Nam
2923 3044 3049 3116 quis
3069 3086 3086 3115 ‚
3111 3058 3326 3115 quaeso,

1757 3150 1869 3193 tam
1899 3132 2183 3191 inficetam
2210 3129 2543 3200 ταυτολεξίαν
2570 3134 2813 3207 imputet
2834 3132 3069 3189 Comico
3098 3131 3331 3187 minime

1757 3224 1987 3280 inficeto
2015 3224 2209 3298 potius
2238 3218 2411 3296 quam
2449 3224 2824 3295 grammatico
2867 3220 3048 3275 multa
3089 3219 3333 3273 lectione

1759 3313 1989 3369 clariori
2044 3328 2218 3385 quam
2258 3312 2563 3385 sagacitate
2596 3320 2653 3365 et
2680 3306 2938 3381 judicio?
2978 3305 3146 3361 Haud
3190 3324 3332 3361 cun·

1759 3411 1979 3456 etanter
2004 3400 2201 3474 scripsi
2221 3394 2453 3472 Θαλερόν.
2510 3384 2519 3392 “

2522 3537 2577 3575 2.

1841 3652 2000 3709 Idem
2034 3658 2126 3720 14,
2152 3669 2215 3725 p.
2244 3649 2385 3723 617,
2405 3650 2451 3705 F
2480 3667 2493 3701 z
2524 3643 2647 3722 περὶ
2682 3642 2737 3701 δὲ
2764 3644 2855 3713 τῆς
2881 3642 3063 3701 αὐλῶν.
3082 3640 3209 3716 πρὸς
3239 3639 3336 3699 λύ-

1763 3761 1855 3817 ραν
1877 3736 2217 3803 κοινωνίας...
2246 3734 2383 3815 Ἔφ.
2418 3734 2665 3811 Ἐμπολῇ
2694 3731 2835 3807 λέγει

1857 3894 1959 3905 -—-
1981 3854 2279 3921 Κοινωνεῒ
2299 3849 2440 3944 γὰρ,
2474 3844 2523 3913 ὦ
2560 3847 2861 3939 μειράκων
2885 3896 2903 3929 ,
2938 3842 2980 3939 ἦ

1861 3962 1923 4024 ἐν
1958 3965 2149 4024 τοῖσιν
2182 3962 2389 4035 αὐλοῖς
2420 3958 2673 4046 μουσικὴ
2706 3953 2821 4019 κάν
2856 3961 2935 4044 τῇ
2962 3952 3115 4042 λύρᾳ
3140 4001 3156 4031 ,

1861 4070 1993 4141 τοῖς
2020 4065 2365 4156 ’ἡμετέροισι
2392 4060 2720 4154 παιγνίοις·
2756 4061 2900 4124 ὅταν
2932 4054 3047 4149 γὰρ
3085 4052 3143 4121 εὖ

3198 4186 3335 4199 -——-—fl

2323 4245 2791 4303 NEGOTlATIO.
2844 4283 2857 4295 .

1844 4424 2059 4484 Deinde
2081 4425 2324 4491 ingresso
2342 4460 2359 4487 ‚
2390 4418 2437 4475 si
2462 4338 2609 4475 foll-te
2634 4416 2831 4487 aliquis

1839 4512 2092 4572 nostrum
2117 4510 2355 4566 afflictus
2372 4513 2455 4562 est
2468 4544 2487 4573 ‚
2507 4504 2805 4569 blanditur,

1840 4600 2141 4663 osculatur,
2163 4610 2276 4651 non
2300 4592 2669 4663 comprimens
2684 4605 2746 4647 os
2764 4630 2779 4655 ‚

1839 4687 1987 4745 velut
2009 4682 2181 4740 hostis
2198 4722 2215 4747 ,
2244 4678 2337 4736 sed
2356 4720 2373 4745 ,
2398 4676 2703 4749 passeribus

257 4788 444 4848 unaque
475 4796 594 4837 cum
633 4781 948 4855 loliginibus
993 4778 1190 4837 rodere
1223 4777 1548 4851 sepiolarum
1588 4792 1676 4846 pe·
1768 4784 1800 4833 5
1839 4772 2031 4833 similis
2056 4770 2303 4835 hiscens»,
2328 4764 2457 4821 sede
2486 4764 2721 4821 collocat
2744 4779 2871 4821 eum
2891 4804 2905 4829 ,
2938 4762 3161 4826 solatur,

1531 4870 1678 4917 ctora

188 4946 234 4997 10
261 4957 307 5001 ει
329 4950 476 5019 pilare
495 4970 627 5012 caua
647 4956 1036 5029 (polyporum)
1057 4953 1330 5010 volumina
1351 4866 1571 5008 strentue
1589 4993 1604 5017 ‚

265 5035 530 5111 multaeque
551 5042 659 5097 viui
677 5042 872 5101 calices
892 5041 1113 5099 ebibere
1140 5039 1498 5097 meraciores.'

243 5232 294 5241 —
317 5208 372 5261 Et
389 5212 672 5282 symbolam
877 5136 927 5186 3·

195 5282 242 5338 ³⁴¹
263 5305 440 5353 omnam
459 5301 765 5361 sortiuntur.

1839 4863 2071 4920 alacrem
2101 4855 2313 4922 reddit,
2337 4853 2632 4925 statimque
2658 4851 2881 4921 dempta

1843 4949 1993 5007 omni
2024 4942 2349 5019 aegritudine
2364 4984 2383 5009 ,
2406 4942 2640 4997 hilarem
2659 4938 2916 4999 ostendit.

2522 5035 2557 5085 2

1844 5121 2107 5195 Congruit
2127 5120 2275 5177 enim
2294 5160 2309 5188 ‚
2336 5117 2653 5175 adolescens
2670 5102 2774 5181 ,111

1845 5210 2103 5267 tibiarum
2126 5207 2333 5263 musica
2360 5213 2417 5261 et
2440 5204 2575 5277 lyrae
2592 5244 2607 5269 ‚

1723 5334 1728 5343 ·
1846 5305 2156 5355 nostrorum
2184 5294 2443 5351 ludorum
2470 5292 2609 5348 ratio
2638 5308 2649 5345 :
2679 5302 2803 5345 nam
2826 5287 2869 5343 si
2890 5288 3010 5359 quis
3032 5284 3167 5341 bene
