3809 5850
463 417 496 468 5
513 419 574 468 ⁸2

1019 611 1026 618 .
1222 535 1271 590 3·

539 651 692 711 Idem
721 653 780 722 6,
808 671 869 727 p.
901 648 1031 717 254,
1079 653 1125 706 Α
1151 667 1164 702 :
1203 643 1316 704 Ἄλ.
1345 647 1492 723 γοῦν,
1523 647 1576 704 ἐν
1605 645 1684 706 Φ.
1714 642 1748 717 ἢ
1778 647 1878 724 Κρ.
1899 666 2027 725 προ·

465 739 670 798 πίνοντά
694 761 810 797 τινα
840 733 1131 814 εἰσαγαγὼν
1153 733 1226 793 ἑνὶ
1249 735 1352 792 τῶν
1375 736 1675 812 συμποτῶν,
1700 733 1791 794 καὶ
1811 731 2029 812 λέγοντα

467 829 602 886 ποιεῖ
623 823 745 884 τάδε
767 847 780 861 ·

557 948 712 1025 Παῖ,
746 944 856 1012 τὴν
891 927 1298 1031 μεγάληνδὸς
1319 984 1440 1022 ,....
1477 939 1738 1026 ὑποχέας

555 1046 758 1136 φιλίας
779 1044 883 1137 (γε
901 1041 928 1134 )
946 1042 1193 1119 κυάθους
1219 1053 1339 1107 τῶν
1361 1041 1681 1134 ’παρόντων
1697 1043 1993 1131 τέτταρας
2010 1062 2025 1076 ·

551 1151 688 1230 τοὺς
715 1157 876 1245 τρεῖς
906 1143 968 1217 δ’
1000 1149 1221 1242 ἔρωτος
1243 1153 1478 1242 ὕστερον
1509 1139 1984 1242 προσαποδόσεις
2006 1168 2022 1185 ·

551 1255 634 1326 ἔν’
690 1255 1014 1354 Ᾱντιγόνου
1053 1267 1161 1324 τοῦ
1195 1260 1524 1343 βασιλέως,
1550 1257 1715 1335 νίκης
1731 1262 1948 1346 καλῆς,
2021 1349 2030 1360 ο

456 1361 498 1434 5
551 1366 656 1433 καὶ
683 1377 790 1434 τοῦ
819 1363 1118 1432 νεανίσκου
1147 1363 1362 1430 κύαθον
1396 1362 1750 1458 Δημητρίου.

551 1474 695 1564 Φέρε
717 1523 736 1559 ,
772 1473 880 1540 τὸν
919 1471 1121 1565 τρίτον
1157 1517 1424 1539 ..........

549 1579 758 1657 Φίλας
781 1570 1120 1671 Ᾱφροδίτης
1135 1603 1151 1617 ·
1180 1575 1446 1666 χαίρετ’,
1467 1567 1672 1667 ἄνδρες
1693 1574 2031 1666 συμπόται,

550 1687 704 1750 ὅσων
729 1685 970 1776 ἀγαθῶν
1001 1686 1112 1757 τὴν
1132 1685 1355 1748 κύλικα
1386 1685 1612 1772 μεστὴν
1641 1669 1902 1769 πίομαιῖ

456 1807 629 1866 Versu
669 1829 691 1866 1
726 1811 806 1866 sic
836 1811 992 1880 libri,
1034 1826 1223 1882 neque
1252 1827 1398 1883 opus
1427 1807 1632 1864 Valesii
1673 1805 2029 1861 correctione

457 1887 692 1976 ἐπιχέας.
723 1895 984 1956 Fortasse
1007 1897 1100 1956 Al.
1131 1897 1354 1986 scripsit
1531 1969 1538 1976 .

554 2011 729 2094 Παῒ,
751 2015 862 2086 τὴν
895 2011 1000 2103 μὲν
1019 2005 1245 2094 ἄλλην,
1280 2013 1391 2084 τὴν
1423 2006 1721 2100 μεγάλην,
1740 2008 2025 2099 ὑποχέας,

457 2155 521 2200 ut
567 2145 758 2201 verbis
801 2137 896 2215 τὴν
943 2137 1038 2218 μὲν
1074 2139 1240 2211 ἄλλην
1265 2139 1467 2197 similia
1495 2133 1589 2208 τὴν
1615 2132 1850 2212 μεγάλην
1883 2135 2025 2192 ofse-

459 2233 597 2289 cisse
621 2231 1042 2290 videanmr.'V.
1077 2249 1110 2286 α
1136 2233 1322 2285 minus
1353 2229 1686 2284 verisimiter
1709 2227 1882 2284 Mein.
1916 2225 2026 2302 φιλ.

458 2316 607 2376 zueio.
642 2313 738 2389 μὲν
767 2318 894 2392 τῶν,
945 2327 1053 2374 etc.
1100 2319 1168 2372 V.
1215 2335 1344 2372 ann.
1373 2313 1448 2370 ad
1486 2331 1539 2384 1,
1591 2329 1681 2371 ιι.
1705 2315 1770 2369 V.
1797 2313 1828 2369 3
1859 2313 2031 2388 vulgo

457 2401 572 2469 τοὺς
590 2403 726 2479 τρεῖς
753 2402 798 2460 δ’
823 2401 903 2482 ἔρ.
923 2396 1348 2480 προσαποδώσεις
1373 2397 1612 2478 ὕστερον,
1639 2399 1738 2456 sed
1766 2401 2034 2456 usitatum

459 2487 736 2565 ἀπόδοσις,
754 2507 874 2546 non
894 2491 1174 2553 ἀπόδωσις.
1199 2490 1528 2562 Dalecamp.
1555 2483 1743 2564 ἔρωτος
1772 2505 1880 2562 pro
1901 2485 2034 2564 ἔρω-

459 2597 572 2643 τας.
603 2581 672 2638 V.
708 2583 741 2646 4
770 2575 848 2635 ἔν’
869 2577 1090 2635 addidit
1117 2575 1389 2645 Casaub„
1422 2587 1480 2631 et
1504 2587 1658 2631 recte
1686 2573 1846 2630 dedit
1868 2575 2033 2645 καλῆς

458 2684 569 2739 pro
597 2663 791 2728 καλῶς.
833 2665 902 2724 V.
931 2665 966 2720 6
1005 2688 1030 2716 α
1058 2663 1179 2743 φέρε
1225 2663 1584 2720 deliberantis
1620 2673 1737 2730 est,
1781 2661 1942 2734 cujus
1974 2665 2035 2718 in

458 2769 669 2808 nomen
693 2753 922 2807 tertium
949 2753 1216 2826 cyathum
1239 2749 1464 2809 infundi
1478 2747 1679 2821 jubeat
1702 2768 1715 2804 :
1744 2767 1856 2821 age
1881 2769 2021 2819 vero,

457 2846 552 2896 eui
581 2843 801 2896 tertium
832 2837 1018 2896 le'babo
1039 2839 1360 2914 cyathum?
1391 2837 1588 2895 Philoe
1631 2837 1868 2894 Veneri!
1897 2839 2034 2896 Phi-

459 2930 576 2985 lam
594 2930 734 2985 dicit
752 2919 1025 3003 Antigo'ni
1043 2948 1280 2985 uxorem
1297 2972 1312 2999 ,
1337 2929 1571 2985 Veneris
1595 2929 1828 2984 nomine
1849 2928 2035 2985 Thriis

464 3014 560 3094 (v.
594 3022 695 3075 Ar.
728 3021 837 3076 Av.
875 3016 1020 3093 610)
1055 3019 1264 3074 cultam
1288 3018 1360 3073 ab
1395 3017 1859 3095 Atheniensibus,
1893 3028 2033 3075 teste

462 3106 666 3161 Athen.
695 3122 756 3179 p.
793 3100 933 3175 255,
960 3104 1028 3163 G.
1059 3130 1082 3157 υ
1111 3106 1160 3161 E
1196 3107 1276 3161 M.

1189 3224 1270 3284 ,[ι·

545 3331 706 3387 Idem
743 3352 805 3389 ιι
830 3375 848 3404 ,
874 3352 936 3408 p.
973 3332 1112 3404 473,
1138 3335 1222 3402 D,
1253 3332 1326 3388 de
1354 3328 1595 3411 κανθάρῳ
1624 3334 1836 3407 poculo
1871 3352 1884 3387 :
1917 3328 2031 3389 Ἀλ.

463 3416 508 3473 δ’
536 3415 592 3475 ἐν
611 3416 718 3498 Κρ.
747 3416 803 3495 (ὁ
823 3416 878 3476 δὲ
901 3416 1052 3493 λόγος
1070 3417 1190 3496 περί
1216 3438 1351 3483 τινος
1374 3418 1427 3475 ἐν
1449 3416 1720 3497 καπηλείῳ
1738 3418 2029 3495 πίνοντος),

559 3530 692 3602 Εἶθ’
707 3538 821 3629 ὁρῶ
836 3534 936 3601 τὸν
950 3526 1291 3627 Ἑρμαΐσκον
1301 3542 1422 3602 τῶν
1438 3525 1636 3627 ἁδρῶν
1651 3520 1875 3602 τούτων
1890 3531 2034 3601 τινὰ

559 3638 850 3732 κάνθαρον
863 3642 1380 3732 καταστρέφοντα,
1391 3640 1652 3713 πλησίον
1671 3632 1710 3705 δ
1715 3642 1740 3705 ὲ
1761 3638 2032 3731 κείμενον

561 3748 918 3837 στρωματέα
947 3745 1052 3810 καὶ
1078 3748 1284 3838 γύλιον
1315 3749 1515 3812 αὐτοῦ.

461 3874 638 3930 Versu
676 3893 699 3929 1
753 3872 886 3929 libri
921 3872 1140 3947 ἀνδρῶν.
1191 3874 1451 3929 Correxit
1483 3862 1694 3928 Herm(
1721 3876 1806 3929 De
1843 3877 2035 3931 metris

461 3980 522 4035 p.
575 3960 708 4020 118.
745 3960 815 4015 V.
851 3980 884 4015 2
935 3984 958 4009 α
1004 3956 1462 4037 καταστρέφοντα,
1497 3965 1878 4031 iavet-tentem,
1910 3964 1949 4020 i.
1978 3982 2027 4021 e.

479 4074 736 4083 -ae-——u--m2

1221 4130 1272 4178 3.

486 4246 494 4250 -
537 4214 703 4279 Puer,
735 4226 990 4283 magnum
1021 4211 1350 4283 (poculum)
1379 4211 1472 4277 da,
1587 4212 1814 4271 suffusis

533 4299 786 4355 amicitiae
804 4298 1022 4371 quidem
1042 4300 1394 4369 praesentium
1424 4300 1636 4371 cyathis
1655 4308 1941 4371 quattuor,

531 4383 662 4441 dein
689 4392 869 4441 autem
896 4384 1069 4441 amori
1102 4384 1278 4441 tribus
1301 4382 1531 4451 additis3

535 4485 650 4526 uno
674 4470 932 4541 Antigoni
957 4472 1099 4542 regis
1123 4471 1284 4527 elarae
1313 4470 1583 4537 victor-ize,

465 4562 499 4611 5
534 4566 588 4614 et
607 4558 824 4632 juvenis
847 4557 907 4615 in
930 4556 1194 4615 bonorem
1216 4558 1413 4631 cyatho
1441 4561 1722 4616 Demetrii.

534 4648 675 4715 Age,
698 4645 1008 4700 tertium...
1263 4636 1266 4639 ’
1471 4680 1474 4685 -

538 4729 710 4788 Philae
731 4731 930 4789 Veneri
955 4734 968 4787 Ι
992 4730 1223 4803 gandete
1237 4773 1250 4799 ,
1274 4733 1372 4787 viri
1395 4742 1765 4805 compotores,

536 4827 672 4892 quot
699 4818 884 4893 probis
911 4818 1131 4876 calicem
1152 4818 1368 4891 plenam
1394 4819 1645 4891 propino!

1226 4911 1281 4960 4.

467 4992 608 5051 Dein
663 4992 820 5051 video
865 4993 1248 5051 Hermaiscum
1269 5032 1282 5057 ‚
1315 4992 1408 5064 qui
1445 5004 1755 5049 crassorum
1808 4994 2037 5071 istorum

1163 5126 1169 5134 .
1869 5096 2037 5138 unum

467 5166 770 5221 invertebat
794 5164 1120 5221 cantharum
1136 5204 1151 5229 ‚
1175 5173 1231 5220 et
1258 5166 1710 5238 propejacentem
1831 5082 1848 5149 f

467 5252 757 5324 stragulam
787 5268 850 5309 ac
879 5260 1116 5326 sportam
1141 5252 1277 5322 ejus,

1490 401 1762 460 MEDIAE
1805 399 2211 461 coMOEmAE
2256 403 2673 475 RELIQUlAE.

2125 534 2376 590 funditus
2432 535 2785 592 educentem.
2828 534 3151 610 Schweigh.
3196 547 3475 610 comparat
3514 537 3635 610 virg.

2124 623 2253 679 AEu.
2280 640 2339 696 9,
2370 621 2477 678 165
2518 644 2527 675 ι

2202 735 2502 810 Indulgent
2525 737 2660 790 vino
2683 747 2737 801 et
2762 747 2991 804 vertunt
3006 746 3255 791 crateras
3276 736 3490 792 ahenos.

2122 849 2475 906 Describitur
2494 847 2690 905 militis
2707 849 2977 923 supellex.
3001 873 3025 896 ι
3051 849 3103 902 E
3130 850 3222 904 M.
3250 851 3313 904 V.
3340 845 3373 902 3
3390 847 3517 904 cod.
3542 851 3579 902 Α
3602 869 3641 901 τι

2124 934 2233 994 καί.
2264 940 2635 994 Recentiores
2662 937 2795 992 libri
2822 933 3109 1014 στρώματά
3138 957 3197 994 τε
3224 936 3315 994 καὶ
3332 958 3388 1011 γ.
3414 939 3496 992 De
3514 937 3643 1012 τιλὲφ

2123 1025 2197 1082 cf.
2229 1027 2519 1100 Aristoph.
2551 1027 2797 1084 Acharn.
2832 1043 3007 1096 1027,
3036 1027 3137 1100 qui
3162 1020 3337 1102 γύλιον
3378 1045 3646 1102 στρατιωτι-

2123 1111 2213 1170 κὸν
2241 1114 2382 1169 dicit
2407 1116 2535 1172 Pac.
2562 1111 2694 1169 505.
3380 1151 3392 1159 .
3554 1103 3565 1116 ⁸

2878 1205 2934 1263 5.

2202 1323 2362 1380 Idem
2405 1323 2463 1393 8,
2492 1342 2549 1398 p.
2589 1324 2725 1394 340,
2758 1325 2836 1396 C,
2884 1322 2957 1379 de
2984 1307 3429 1392 Callimedonte‚
3454 1322 3651 1396 piscium

2122 1411 2361 1468 lurcone
2380 1451 2398 1483 ‚
2436 1411 2685 1468 Alexidis
2706 1407 2919 1490 χρήσεις
2952 1411 3191 1468 afferens
3222 1430 3237 1464 ε
3266 1411 3320 1467 ἐν
3348 1407 3405 1465 δὲ
3432 1411 3479 1468 Κ
3488 1431 3529 1486 ρ.

2218 1525 2350 1594 Καὶ
2386 1517 2804 1618 Καλλιμέδων
2835 1521 2973 1618 μετ’
3008 1519 3285 1618 ὀρφέως,
3316 1529 3349 1590 ὁ
3390 1519 3651 1614 Κάραέος.

2124 1681 2147 1704 α
2173 1655 2452 1730 Ambigue
2479 1656 2693 1730 Orphei
2713 1656 2945 1712 nomine
2973 1672 3105 1709 usus
3124 1656 3211 1708 ‘est
3233 1669 3249 1710 ε
3283 1646 3469 1729 ὀρφεὺς
3496 1653 3655 1724 piscis,

2124 1744 2223 1816 qui
2264 1743 2437 1819 vulgo
2476 1741 2774 1799 dicebatur
2810 1735 2980 1820 ὀρφὼς
3011 1741 3129 1797 sive
3164 1737 3358 1817 ὀρφῶς.
3401 1737 3657 1794 Marcellus

2122 1830 2237 1888 sid.
2270 1829 2343 1886 33
2376 1850 2391 1886 ε
2864 1895 2869 1902 ¹

2199 1973 2280 1986 —
2306 1937 2488 2019 χάννοι
2516 1961 2599 2012 τε,
2625 1938 2717 1998 καὶ
2748 1935 3008 2018 ὀρφόες,
3033 1935 3127 2008 ἠδὲ
3150 1933 3419 2014 γαρίσκοι.
3450 1937 3571 1992 ·M.

2886 2051 2941 2111 6.

2202 2171 2363 2226 Idem
2406 2168 2497 2238 1⁶5,
2532 2189 2593 2245 p.
2628 2167 2764 2241 678,
2790 2167 2835 2226 C
2881 2189 2893 2223 :
2942 2165 3299 2244 μελιλωτίνων
3352 2164 3411 2224 δὲ
3439 2163 3657 2244 στεφάνων

2126 2254 2435 2335 μνημονεύει
2449 2253 2564 2316 Ἀλ.
2591 2257 2644 2313 ἐν
2676 2257 2776 2336 Κρ.
2798 2251 2833 2326 ἢ
2853 2256 3047 2334 Φαρμ.
3071 2249 3259 2320 οὕτως·

2222 2372 2561 2466 Στεφάνους
2598 2369 2667 2441 τε
2708 2373 2967 2450 πολλοὺς
3006 2373 3414 2466 κρεμαμένους
3448 2375 3655 2495 peltae-

3482 2499 3650 2541 τινουε.

2536 2587 2708 2649 ιΧν.
2758 2574 3298 2648 ΚΥΒΕΡΝΗΤΗΣ.
3622 2541 3633 2550 ’

2908 2703 2961 2742 1.

2206 2801 2410 2857 Athen.
2444 2799 2502 2869 6,
2542 2817 2603 2873 p.
2638 2796 2777 2868 237,
2815 2799 2858 2852 B
2903 2816 2920 2855 z
2952 2771 3269 2874 παρασίτων
3318 2794 3363 2854 δ’
3396 2783 3517 2852 εἶναί
3554 2815 3649 2871 φησι

2126 2885 2253 2966 γένη
2280 2883 2371 2945 δύο
2393 2881 2513 2945 Ἄλ.
2544 2885 2597 2943 ἐν
2626 2882 2935 2963 Κυὸερνήτῃ
2965 2881 3051 2942 διὰ
3068 2881 3305 2955 τούτων,

2223 3024 2282 3069 α.
2317 2996 2427 3066 Δύ’
2460 2999 2631 3086 ἐστὶ,
2670 2998 3026 3080 Ναυσίνικε,
3056 2997 3410 3093 παρασίτων
3430 2999 3575 3091 γένε’

2272 3104 2333 3173 ἓν
2370 3110 2474 3197 μὲν
2502 3106 2575 3171 τὸ
2601 3105 2791 3181 κοινὸν
2822 3104 2925 3171 καὶ
2958 3096 3501 3197 κεκωμῳδημένον,

2272 3212 2331 3277 οἱ
2360 3212 2610 3302 μέλανες
2632 3216 2833 3301 ἡμεῖς.
2860 3220 2939 3277 N.
2983 3210 3249 3302 Θάτερον
3280 3204 3445 3288 ζητῶ
3466 3209 3631 3301 γένος,

2272 3314 2814 3407 σεμνοπαράσιτον,
2854 3320 2922 3382 ἐκ
2948 3318 3127 3407 μέσου
3148 3312 3573 3406 ’My-tim,

2128 3414 2169 3487 5
2272 3422 2731 3513 ὑποκρινόμενον
2762 3421 2821 3489 εὖ
2849 3428 2983 3499 τοῖς
3016 3420 3167 3506 βίοις
3189 3471 3210 3507 ,
3243 3427 3417 3517 ὀφρῦς
3438 3422 3561 3511 ἔχον

2270 3528 2768 3620 χιλιοταλάντους
2787 3577 2806 3612 ,
2834 3528 3160 3594 ἀνακυλῗόν
3176 3532 3238 3594 τ’
3271 3526 3492 3604 οὐσίας·

2272 3638 2427 3710 νοεῖς
2459 3634 2535 3715 σὺ,
2557 3634 2631 3699 τὸ
2656 3635 2821 3726 γένος
2866 3632 2969 3700 καὶ
3013 3634 3086 3699 τὸ
3121 3637 3417 3725 πρᾶγμας
3456 3657 3513 3699 α.
3549 3624 3647 3695 Καὶ
3711 3618 3712 3631 ’

3484 3734 3641 3825 μάλα.

2274 3843 2583 3935 σατράπας
2605 3893 2621 3926 ,
2652 3845 3024 3936 στρατηγοὺς
3046 3892 3065 3929 ,
3081 3840 3537 3935 καὶπαρασίτους
3552 3842 3645 3903 ἔτι·

3458 3948 3618 4037 φωνεῖς
3630 3962 3639 3973 ·

2888 4134 2941 4183 5.

2129 4216 2197 4270 Et
2218 4214 2559 4292 Callimedon
2582 4215 2825 4271 Cal-abus
2848 4230 2977 4271 cum
3002 4216 3198 4288 orpho.

2606 4328 2615 4334 ·
2882 4309 2937 4359 6.

2126 4390 2469 4460 coronasque
2493 4389 2696 4445 multas
2716 4402 3008 4461 suspensas
3028 4384 3379 4443 nielilotinas.

2644 4474 3174 4534 GUBERNATOR.

2896 4569 2916 4617 ¹

2236 4664 2287 4707 a.
2316 4652 2443 4705 Duo
2468 4656 2627 4715 sunt,
2654 4648 2947 4705 Nausinice
2965 4690 2982 4717 ,
3010 4648 3361 4721 parasitorum
3382 4652 3575 4716 genera:

2238 4750 2412 4793 unum
2440 4748 2736 4793 commune
2755 4742 2813 4791 et
2839 4722 3085 4793 derisum
3104 4747 3137 4791 a
3162 4731 3415 4793 Cornicis,

2234 4837 2338 4880 nos
2358 4821 2512 4895 pulli.
2534 4824 2605 4879 N.
2630 4820 2881 4879 Alterum
2901 4836 3089 4896 quaero
3113 4836 3285 4895 genus

2238 4922 2428 4967 eorum
2447 4951 2462 4975 ,
2488 4908 2700 4977 nobile,
2728 4922 2762 4965 e
2792 4908 2973 4965 medio
2992 4918 3271 4966 evocatum
3290 4948 3306 4971 ‚

2129 5000 2163 5052 5
2234 4998 2397 5053 vitam
2424 4996 2564 5052 bene
2592 5008 2759 5068 agens
2788 4996 2937 5053 velut
2954 4998 3222 5055 scenicam
3242 5036 3256 5059 ,
3284 4984 3552 5062 supercilii-³

2239 5082 2387 5139 mille
2414 5082 2763 5151 talentorum,
2790 5090 3143 5155 evertensque
3167 5096 3274 5137 rem
3298 5073 3575 5134 familiarem
3602 5078 3611 5110 ³

2237 5158 2437 5227 nostin’
2460 5168 2513 5225 id
2544 5184 2714 5242 genus
2740 5176 2794 5227 et
2824 5174 2979 5227 nem?
3004 5184 3052 5225 a.
3084 5168 3335 5231 Maxime,

2240 5262 2483 5330 satrapas
2497 5299 2511 5325 ‚
2540 5254 2723 5323 duces,
2750 5264 2803 5313 et
2830 5256 3093 5329 parasitos
3110 5255 3359 5325 insignes:
