3809 5850
415 494 524 543 au
1284 448 1294 459 '
1425 474 1703 534 til-:Diffi
1743 470 2151 533 commum
2194 468 2616 543 numum.

485 610 596 669 οὐδ’
621 600 690 676 εἷς
715 609 856 689 (pro
881 605 998 665 οὐδέ
1025 606 1158 683 τις),
1192 604 1357 684 ἄκραν
1382 606 1517 685 χεῖρ’
1557 604 1695 663 ὥστε
1729 603 1973 683 προσδα-

1563 694 1672 751 λεῑν
1691 691 1911 757 πέπλοις
1926 736 1944 768 ,

2154 717 2357 774 Athen.
2393 732 2484 784 ιο,
2508 734 2570 789 p.
2605 711 2752 781 448,
2782 712 2830 766 Ε
2868 730 2880 763 :
2910 706 3031 787 περὶ
3060 704 3117 765 δὲ
3146 706 3246 765 τῶν
3279 704 3459 787 γρίφων
3480 705 3590 765 Ἀντ.

407 823 526 861 non
550 802 656 861 οὐδ’
683 803 753 867 εἰς
772 800 892 879 ἄκρ.
919 800 1050 878 χεῖρ’
1079 811 1193 855 etc.
1219 799 1284 858 V.
1315 819 1382 856 ia
1413 800 1547 855 libri
1573 820 1686 869 ποι,
1725 798 1793 855 13
1823 819 1878 859 ιι.
1914 796 1969 855 δέ
2074 800 2169 878 μὲν
2198 805 2252 861 ἐν
2284 801 2543 861 Κνοιθιδεῖ
2569 798 2604 870 ἢ
2630 796 2903 877 Γάστρωνί
2927 818 3083 875 φησιν

410 890 493 949 πώ
509 892 583 967 (Β
597 887 733 966 πώς)
749 910 826 953 τις
845 887 953 965 (εἴη
975 894 1038 959 Α,
1052 886 1122 953 εἷς
1143 886 1216 961 Β)
1237 885 1392 944 πόθεν
1415 886 1596 965 (ποθεν
1618 888 1692 963 Β)
1707 885 1982 962 γενήσεται

409 980 534 1038 τοῦκ
553 976 629 1050 ὃν,
653 978 723 1043 εἰς
743 976 837 1034 οὐκ
859 973 916 1033 ὂν
941 976 1082 1051 ihaee
1105 978 1218 1030 tria
1243 975 1333 1031 bis
1357 977 1569 1051 scripta
1593 976 1650 1031 in
1675 974 1760 1051 A)
1791 972 1894 1053 γὰρ
1926 974 1983 1031 οὗ

411 1070 521 1126 δυν.
545 1066 950 1125 Duriuseulum
975 1063 1236 1120 videatur
1256 1060 1327 1127 εἷς
1355 1064 1412 1117 in
1441 1059 1532 1117 ἀπ’
1555 1072 1864 1137 mutatum,
1885 1060 1985 1118 sed

411 1176 598 1232 neque
629 1178 662 1212 α
705 1166 763 1212 et
797 1175 874 1229 ει,
907 1172 1091 1229 neque
1116 1172 1159 1208 π
1184 1164 1242 1209 et
1267 1172 1302 1208 σ
1329 1150 1700 1207 confusorum
1729 1150 1985 1224 exempla

415 1246 634 1305 desunt.
669 1243 942 1301 Dedimus
967 1262 1094 1317 quae
1118 1252 1346 1317 possent
1370 1250 1682 1314 utcumque
1707 1239 1941 1315 intelligi
1966 1279 1983 1307 ,

413 1350 600 1407 neque
639 1352 672 1389 a
705 1332 923 1407 legibus
951 1332 1157 1405 linguae
1180 1328 1585 1403 discreparent.

876 1458 1083 1517 Lx1x.
1129 1452 1520 1516 ΚΝΑΦΕΥΣ.

495 1581 747 1638 Stobaeus
773 1580 816 1637 F
819 1580 967 1642 loril.
989 1579 1088 1649 61,
1117 1596 1175 1649 a,
1203 1596 1334 1634 eum
1361 1577 1627 1635 lemmate
1657 1570 1986 1652 Ἀντιφάνους

425 1671 482 1727 ἐκ
508 1667 780 1748 Κναφέως.

519 1770 710 1855 ὅστις
735 1778 956 1869 τέχνην
983 1782 1213 1869 πρῶτος
1242 1765 1552 1849 κατέδειξε
1584 1782 1707 1838 τῶν
1735 1772 1881 1837 θεῶν
1909 1821 1929 1851 ,

515 1883 684 1961 οὗτος
723 1886 1006 1976 μέγιστον
1037 1881 1192 1973 εὗρεν
1217 1879 1542 1971 ἀνθρώποις
1566 1880 1748 1945 κακόν
1769 1900 1784 1916 ·

529 1992 675 2055 ὅταν
703 1987 814 2083 γὰρ
844 1986 1146 2081 ἁπορῆταί
1185 2011 1312 2069 τις,
1347 1980 1420 2051 ἂν
1451 1988 1538 2076 μή
1561 1979 1621 2075 γ’
1641 1984 1819 2077 ἀργὸς
1855 1980 1925 2074 ἦ,

529 2097 714 2167 ἐλθὼν
747 2088 1234 2163 ἀπεκινδύνευσεν
1259 2092 1488 2182 ἡμέραν
1517 2091 1658 2181 μίαν
1674 2139 1697 2174 ,

427 2197 466 2265 5
519 2205 662 2269 ὥστ’
699 2198 737 2273 ἢ
767 2203 1068 2292 γεγονέναι
1097 2196 1406 2287 λαμπρὸν,
1439 2194 1476 2268 ἢ
1510 2196 1874 2267 τεθνηκέναι·

517 2312 693 2397 ἡμεῖς
729 2300 817 2391 δ’,
848 2306 1090 2397 ἔχοντες
1129 2297 1442 2397 ἀρραὸὦνα
1477 2305 1586 2375 τὴν
1631 2304 1858 2393 τέχνην

521 2422 632 2477 τοῦ
659 2406 799 2495 ζῆν,
827 2408 922 2476 ἀεὶ
956 2418 1246 2501 πεινῶμεν
1281 2408 1384 2475 ἐπὶ
1415 2414 1547 2484 ταῖς
1578 2407 1843 2491 ἐλπίσιν,

521 2514 652 2593 ἐξόν
687 2540 755 2585 τε
794 2516 1000 2610 μικρὸν
1029 2508 1461 2602 διαπερηθῆναι
1491 2512 1702 2607 χρόνον
1723 2562 1746 2597 ,

519 2630 622 2692 τὸν
645 2626 774 2710 βίον
797 2625 1040 2690 ἅπαντα
1067 2632 1248 2690 τοῦτο
1289 2616 1435 2714 δρὲἰν
1467 2619 1814 2713 αἱρούμεθα.

429 2757 608 2832 ipsius
634 2754 863 2811 fullonis
887 2754 1104 2819 verba„
1127 2754 1306 2808 Versu
1341 2770 1361 2805 1
1400 2752 1474 2805 ita
1499 2748 1682 2805 codex
1715 2753 1786 2805 A.
1813 2749 1995 2823 Vulgo

429 2840 688 2909 κατέδειξε
705 2842 926 2919 πρῶτος,
941 2840 1445 2917 νοοοὴυὶοπρῶτος
1457 2839 1745 2894 occultato
1763 2838 1819 2892 in
1836 2839 1995 2896 thesi.

429 2937 492 2990 V.
539 2934 572 2990 3
615 2934 749 2990 libri
789 2933 980 3006 inepte
1023 2927 1086 2988 ἂν
1125 2924 1220 3005 μὲν
1250 2924 1407 3008 ἀργὸς
1433 2916 1518 2998 ἦν.
1562 2928 1714 2984 Bene
1743 2924 1992 2984 Meinek.

429 3013 463 3098 ᾖ
505 3039 614 3096 pro
671 3009 772 3094 ἦν,
820 3021 922 3093 qui
971 3037 1104 3075 curn
1149 3036 1316 3074 versu
1371 3024 1404 3084 Ι.
1450 3015 1804 3092 comparavit
1845 3013 1993 3070 illud

433 3111 662 3166 lior-atii
687 3111 900 3185 (Semi.
940 3126 995 3178 1,
1025 3125 1076 3177 1,
1105 3104 1193 3182 7),

589 3247 670 3261 —
699 3216 1079 3272 Concurritur
1111 3213 1299 3267 :liorae

509 3313 800 3360 momento
821 3312 920 3358 aut
949 3301 1064 3357 cita
1091 3317 1249 3356 mors
1269 3299 1439 3365 venit,
1470 3307 1570 3354 aut
1596 3297 1835 3353 victoria
1858 3299 1997 3352 laeta.

604 3427 780 3488 Lxx.
844 3425 1313 3488 ΚΝΟΙΘΙΔΕΥΣ
1365 3421 1401 3494 ἢ
1445 3421 1821 3484 ΓΑΣΤΡΩΝ.

520 3570 542 3594 «ι
569 3541 805 3599 Photius
821 3546 959 3600 Lex.
991 3561 1054 3616 p.
1087 3541 1230 3612 173,
1262 3540 1332 3597 15
1351 3583 1368 3613 ,
1397 3535 1694 3604 Κνοιθιδεῦς
1725 3558 1740 3595 ι
1774 3540 1890 3616 ὄρος
1912 3541 2005 3607 τῆς

2226 922 2365 1019 Ἐγὼ
2403 924 2682 1019 πρᾶτερον
2728 924 2836 1015 μὲν
2862 922 3001 999 τοὺς
3030 920 3375 997 κελεύοντας
3398 924 3565 1013 λέγειν

2222 1030 2459 1124 γρίφους
2486 1028 2648 1123 παρὰ
2676 1030 2863 1096 πότον
2878 1028 3096 1119 ,ᾠόμην
3122 1032 3341 1118 ληρεῖν,
3362 1036 3537 1117 σαφῶς

2226 1139 2514 1229 λέγοντας
2543 1128 2717 1201 οὐδέν
2740 1160 2755 1175 ·
2796 1134 2987 1201 ὁπότε
3013 1132 3434 1225 προστάττοιτό
3458 1159 3539 1207 τις

2228 1244 2413 1311 εἰπεῖν
2450 1240 2660 1335 ἐφεξῆς
2679 1292 2698 1327 ,
2726 1244 2763 1307 ὅ
2784 1268 2846 1308 τι
2880 1242 3071 1332 φέρων
3100 1264 3195 1317 τις
3222 1244 3301 1331 μὴ
3336 1238 3502 1330 φέρει,

2085 1349 2123 1421 5
2228 1354 2451 1445 ἐγέλων
2473 1400 2493 1436 ,
2515 1343 2777 1441 νομίζων
2805 1354 3007 1438 λῆρον·
3037 1350 3147 1413 οὐκ
3178 1340 3247 1411 ἂν
3288 1344 3564 1437 γενόμενον

2228 1452 2518 1527 οὐδέποτέ
2545 1456 2600 1551 γ’
2626 1460 2799 1547 ᾤμην
2818 1460 3075 1549 πρᾶγμα,
3088 1458 3391 1529 παντελῶς
3412 1454 3599 1543 λέγειν,

2228 1558 2465 1660 ἐνέδρας
2496 1557 2557 1630 δ’
2598 1567 2790 1629 ἕνεκα·
2826 1560 2975 1629 Νυνὶ
3000 1552 3071 1627 δὲ
3094 1566 3254 1627 τοῦτ’
3274 1560 3471 1651 ἔγνωχ’
3496 1560 3572 1621 ὅτι

2227 1674 2442 1751 ἀληθὲς
2466 1670 2560 1746 ἦν·
2592 1673 2842 1763 φέρομεν
2868 1668 2982 1763 γὰρ
3012 1664 3310 1760 ἄνθρωποι
3326 1658 3463 1731 δέκα

2229 1780 2427 1872 ἔρανόν
2460 1784 2611 1863 τιν’,
2650 1783 2715 1844 οὐ
2751 1778 2911 1869 φέρει
2930 1770 2999 1842 δὲ
3025 1777 3254 1842 τούτων
3282 1798 3361 1844 πη
3394 1770 3548 1861 φορὰν
3614 1764 3625 1773 ’

2098 1908 2179 1953 ιο
2230 1876 2444 1962 οὐδείς·
2465 1886 2647 1975 σαφές
2664 1882 2726 1977 γ’
2748 1878 2877 1968 οὖν,
2896 1884 2933 1947 ὅ
2955 1909 3019 1950 τι
3040 1882 3230 1976 φέρων
3256 1906 3345 1956 τις
3362 1882 3431 1969 μὴ
3448 1878 3595 1968 φέρει·

2229 1998 2394 2059 τοῦτ’
2426 1992 2621 2077 ἔστιν,
2652 1990 2726 2065 ἦν
2756 1990 2807 2058 θ’
2834 1996 2866 2057 ὁ
2893 1997 3099 2085 γρῖφος
3128 1989 3367 2057 ἐνταῦθα
3388 1989 3567 2079 ῥέπων.
3608 1988 3615 1997 ’

2234 2099 2365 2166 Καὶ
2400 2110 2578 2167 τοῦτο
2613 2104 2719 2191 μὲν
2748 2091 2827 2174 δὴ
2868 2094 3052 2164 ιιᾶστι
3086 2097 3426 2191 συγγνώμην
3460 2094 3597 2183 ἔχον·

2234 2204 2370 2273 ἀλλ’
2408 2204 2511 2273 οἷα
2540 2212 2960 2299 λογοποιοῦσιν
2996 2207 3059 2270 ἐν
3094 2212 3182 2289 τῷ
3214 2202 3497 2295 πράγματι

2234 2314 2293 2379 οἱ
2325 2312 2628 2405 τάργύριον
2661 2313 2768 2402 μὲν
2796 2311 3214 2387 κατατιθέντες
3232 2360 3250 2392 ,
3272 2306 3316 2395 ᾧ
3346 2304 3539 2397 σφόδρα

2102 2412 2181 2485 15
2238 2418 2547 2495 Φίλιππος
2577 2412 2661 2511 ἆρ’
2696 2414 2771 2489 ἦν
2808 2421 3061 2509 εὐτυχής
3086 2443 3178 2495 τις
3204 2420 3271 2490 νὴ
3304 2406 3441 2479 Aia!

2090 2562 2267 2621 Versu
2306 2564 2339 2621 3
2386 2566 2465 2623 sie
2498 2562 2859 2635 Dindorfius;
2895 2564 3029 2620 libri
3066 2560 3462 2641 προστάττεται,
3488 2574 3603 2614 unus
3690 2558 3692 2561 ⁴

2090 2648 2457 2729 προστάξεται.
2484 2654 2552 2711 V.
2575 2660 2607 2721 l.
2633 2649 2792 2709 εἰπὼν
2812 2652 2946 2707 libri
2962 2652 3337 2729 antiquiores.
3352 2654 3410 2708 V.
3432 2650 3462 2705 6
3481 2646 3601 2725 ᾤμην

2086 2742 2351 2813 Grotius3
2374 2738 2503 2797 libri
2522 2728 2695 2818 οἶμαι.
2726 2744 2903 2799 Versu
2926 2740 2962 2797 8
2988 2752 3049 2798 et
3076 2760 3115 2817 9
3145 2738 3369 2819 ἀμέτρως
3384 2738 3497 2793 libri
3522 2734 3601 2809 γὰρ

2090 2826 2270 2907 ἔρανόν
2288 2850 2404 2885 τινα
2420 2828 2567 2908 ἄνθρ.
2594 2826 2744 2889 δέκα.
2769 2829 3035 2890 Correxit
3056 2830 3300 2905 Scaliger
3310 2846 3389 2901 ap.
3406 2822 3598 2882 Casaub.

2089 2917 2311 2975 Ibidem
2337 2920 2523 2975 minus
2538 2921 2843 2996 perspicue
2868 2916 3069 2977 τούτων
3088 2916 3183 2988 τὴν
3206 2915 3375 2997 φοράν.
3398 2908 3601 2974 Consus»a

2090 3007 2355 3062 videntur
2364 3027 2439 3076 πη
2454 3010 2585 3084 εῑτῇ
2596 3010 2678 3065 .V.
2700 3027 2719 3062 1
2732 3025 2766 3062 o
2780 3008 2953 3082 vulgo
2964 3009 3149 3086 σαφῶς
3160 2997 3263 3064 οὖν.
3274 3007 3335 3062 V.
3352 3023 3370 3060 ι
3389 3023 3406 3059 ι
3424 3000 3601 3058 ἐνταῦθα

2089 3094 2239 3149 valet
2264 3093 2518 3165 ἐνταυθοῖ,
2536 3107 2601 3151 ut
2620 3097 2679 3150 in
2698 3096 2987 3170 Euripidis
3002 3097 3146 3152 Ioue
3172 3095 3298 3151 881.
3318 3093 3385 3152 V.
3412 3089 3469 3146 13
3488 3088 3531 3142 ἐν
3545 3084 3603 3159 τῷ

2091 3181 2391 3260 πράγματι,
2418 3185 2476 3238 h.
2505 3203 2559 3242 e.
2580 3183 2633 3239 ἐν
2658 3182 2825 3262 τούτῳ
2844 3184 2919 3261 τῷ
2947 3203 3061 3260 πρ.,
3080 3203 3159 3242 sc.
3177 3182 3252 3261 τῷ
3274 3177 3400 3237 λύειν
3412 3173 3597 3254 γρίφους·

2092 3277 2212 3330 Hac
2244 3275 2301 3329 in
2328 3291 2391 3330 re
2428 3273 2718 3338 homines,
2752 3274 2853 3346 qui
2882 3273 3128 3347 pignore
3170 3269 3372 3344 argenti
3404 3271 3599 3324 certent,

2094 3381 2269 3437 quum
2294 3362 2561 3437 griplium
2584 3379 2705 3416 non
2725 3362 3047 3436 repererint
3072 3357 3403 3432 conjectura,
3424 3348 3599 3412 deinde,

2092 3453 2391 3526 pecuniam
2426 3451 2651 3506 solvere
2676 3450 2966 3518 uolentes,
2992 3450 3211 3522 garrire
3238 3445 3370 3502 dicit
3402 3441 3570 3496 frustm
3586 3475 3599 3502 ι

2094 3540 2450 3614 multumque
2472 3537 2607 3594 inde
2635 3538 2779 3592 lucri
2812 3537 3103 3592 abstulisse
3126 3534 3433 3608 Philippum
3458 3542 3599 3600 quen-

435 3629 688 3702 Ἀττικῆς.
709 3634 966 3690 Fortasse
991 3632 1166 3706 igitur
1183 3629 1394 3685 montis
1421 3628 1738 3684 Cnoetliidei
1773 3628 2006 3703 genium
2098 3626 2226 3682 dam
2246 3666 2263 3696 ,
2294 3625 2529 3682 sortasse
2555 3627 2963 3702 sycophantam
2980 3625 3405 3702 cognominem,
3427 3619 3489 3673 ab
3504 3614 3597 3672 Ari-

435 3719 827 3776 introduxerat
886 3723 1046 3788 Ant„
1089 3717 1572 3793 quemadmodum
1631 3719 2005 3791 Lycabettum
2098 3716 2375 3790 stephane
2404 3717 2631 3772 irrisum
2655 3718 2763 3772 Av.
2803 3715 2973 3786 1572.
3008 3717 3077 3772 V.
3116 3723 3179 3782 ιι.
3212 3715 3373 3788 vulgo
3396 3708 3439 3764 ol
3476 3727 3517 3762 τ.
3542 3697 3598 3772 μὴ

433 3809 838 3926 Theopompus
877 3809 1134 3864 comicus
1167 3805 1323 3880 apud
1345 3805 1519 3861 schol.
1560 3805 1790 3860 Pindari
1831 3803 2000 3880 Pyth.

423 3914 495 3966 a,
529 3915 624 3966 7³·
652 3919 680 3946 υ
705 3897 759 3950 Ε
783 3897 870 3950 Μ.

2098 3825 2235 3874 aar„
2254 3805 2324 3868 ὥς
2340 3823 2429 3882 σφ.
2448 3806 2605 3860 Inter
2622 3804 2773 3859 hune
2792 3821 3013 3860 versum
3032 3815 3093 3860 et
3109 3811 3419 3877 sequentem
3436 3797 3599 3851 lacunae

2097 3894 2253 3968 signa
2272 3893 2461 3968 posuit
2474 3889 2826 3951 Dindorfius.
2838 3891 2912 3949 V.
2934 3910 2959 3948 1
2972 3889 3005 3948 5
3020 3892 3241 3966 aliquot
3256 3889 3377 3944 libri
3388 3879 3475 3940 τισὶ
3486 3875 3535 3946 νὴ
3546 3879 3593 3932 Δ-

449 3981 3589 4016 —————--—-—-————‘——-————’————-—-———————-———-——-——————-—-—-

509 4145 861 4218 Quicumque
921 4059 1423 4217 deortfirliJLfflmus
1480 4143 1802 4200 monstravit
1859 4143 2010 4200 lianc

1770 4233 2006 4300 [ai-tem,

511 4318 604 4375 ille
629 4315 930 4374 maximum
959 4319 1159 4388 reperit
1188 4315 1760 4378 homiuibusmalum.

509 4407 648 4462 Nam
674 4403 824 4460 allas
848 4403 894 4460 si
918 4402 1042 4477 quis
1065 4404 1244 4476 inopia
1265 4403 1511 4471 laborat,
1534 4403 1638 4459 nisi
1657 4403 1814 4476 piger
1834 4410 1947 4469 est,

510 4489 622 4546 abit
650 4498 954 4562 pugnatum
977 4505 1091 4546 uno
1111 4489 1230 4556 die,

440 4585 474 4632 5
512 4584 574 4634 ut
601 4576 682 4634 vel
707 4575 887 4634 clarus
920 4575 1018 4632 liat
1037 4580 1300 4646 (victor),
1323 4575 1404 4634 vel
1428 4575 1721 4642 moi-iatum

511 4679 610 4720 nos
637 4672 840 4733 autem,
871 4665 1118 4737 quamvis
1145 4672 1313 4737 artem
1340 4663 1602 4722 habentes
1633 4663 1830 4738 pignus

513 4751 638 4810 vitae
653 4793 670 4821 ‚
691 4769 908 4826 semper
930 4752 1204 4811 esurimus
1231 4755 1288 4810 in
1307 4753 1542 4826 spebus:

511 4848 568 4896 et
589 4854 761 4912 quum
787 4839 948 4896 breve
969 4840 1268 4912 transigere
1287 4848 1502 4912 tempus
1521 4839 1701 4905 liceat,

513 4935 700 4986 tamen
721 4944 816 4999 per
842 4935 1016 4985 totam
1041 4929 1206 4984 vitam
1233 4927 1340 4986 hoe
1360 4927 1634 5000 agendum
1665 4928 1935 5001 eligimus.

638 5029 1144 5088 CNOETHIDEUS
1179 5031 1292 5088 sive
1327 5033 1805 5088 VENTmosUS.

551 5205 671 5274 Ego
692 5209 852 5258 antea
877 5203 1120 5274 quidem,
1143 5123 1245 5275 qili
1268 5202 1451 5259 dicere
1465 5201 1737 5274 jubebant

551 5289 776 5362 griphos
799 5290 855 5346 in
883 5291 1030 5358 vino,
1059 5288 1360 5347 arbitrabar
1387 5289 1596 5362 nugari,
1633 5289 1792 5362 plane

2207 4059 2341 4116 nihil
2362 4057 2644 4126 dieentes;
2670 4056 2891 4132 quando
2920 4058 3045 4129 quis
3066 4057 3317 4131 ponebat,

2209 4154 2269 4229 ut
2306 4148 2570 4205 continuo
2606 4146 2992 4218 explicaretur,
3019 4145 3156 4218 quid
3184 4152 3319 4202 esset
3344 4135 3463 4197 illud
3486 4125 3599 4204 quod

2924 4233 3096 4304 [quis
3122 4231 3299 4288 ferens
3322 4241 3422 4283 non
3446 4221 3599 4277 ferret.

2134 4325 2169 4376 5
2206 4317 2449 4376 ridebam
2472 4335 2599 4376 eum
2614 4359 2631 4387 ‚
2652 4318 2801 4376 velut
2818 4325 3139 4390 nugatorem
3162 4337 3180 4384 ς
3204 4328 3371 4386 neque
3392 4303 3575 4366 omnim

2206 4423 2447 4480 unquam
2466 4406 2665 4464 saetam
2688 4421 2805 4463 rem
2826 4405 3009 4463 dicere
3029 4403 3387 4464 existimabam
3403 4439 3418 4464 ι

2206 4493 2301 4550 sed
2331 4493 2604 4561 insidiam
2622 4507 2777 4550 nunc
2794 4499 2981 4548 autem
3011 4489 3277 4555 intellexi,

2208 4579 2263 4637 id
2288 4595 2474 4636 verum
2498 4595 2633 4636 esse.
2660 4579 2910 4636 Petimus
2932 4577 3083 4634 enim
3108 4577 3289 4634 decem
3308 4567 3523 4627 homines

2206 4668 2510 4742 symbolam
2524 4667 2822 4742 quandam,
2846 4681 2945 4723 nee
2966 4673 3153 4722 tamen
3172 4661 3355 4720 horum
3372 4653 3600 4726 (ιώ-«ΨΜ

2254 4747 2263 4758 ’
2932 4751 3075 4822 [fert
3090 4765 3229 4808 onus
3242 4743 3571 4820 quodi-amque
3588 4747 3597 4780 ³

2108 4853 2173 4903 10
2206 4846 2375 4916 igitur
2400 4851 2649 4918 apertum
2667 4851 2779 4911 est,
2800 4841 2928 4914 quid
2949 4840 3146 4913 aliquis
3167 4837 3336 4894 serens
3355 4843 3453 4888 uon
3469 4823 3597 4880 serat:

2212 4933 2330 4989 liaee
2358 4941 2440 4988 est
2474 4947 2590 5000 res,
2620 4945 2799 5002 eoque
2815 4928 3069 4986 tendebat
3092 4925 3326 5000 griphus.

2224 5021 2565 5092 veniamque
2594 5033 2727 5076 sane
2754 5018 2799 5073 is
2824 5025 3031 5081 merotz

2208 5109 2297 5166 sed
2320 5107 2498 5180 qualia
2524 5107 2581 5162 iu
2599 5105 2697 5162 tali
2720 5104 2937 5176 negotio
2960 5100 3237 5174 garriunt,

2210 5194 2305 5268 qui
2334 5193 2543 5265 argenti
2569 5192 2795 5264 pignore
2824 5187 3197 5246 contendunt!
3224 5194 3325 5254 qua
3344 5175 3521 5233 ratione

2116 5291 2176 5341 15
2214 5282 2685 5342 fortunatissimus
2702 5295 2797 5354 per
2808 5282 2997 5336 Jovem
3014 5276 3115 5334 tuit
3128 5272 3387 5343 Philippus
3398 5257 3585 5334 qw‘hffl
