3809 5850
464 479 574 531 136

544 598 968 698 Λεωτροφίδου
988 603 1327 695 λεπτότερα
1356 602 1457 669 καὶ
1488 598 1929 695 Θουμάντιδος.

446 734 658 789 Eadem
686 750 755 788 ex
781 732 1050 787 Athenaeo
1074 730 1323 785 Eustath.
1347 730 1417 785 11.
1440 750 1501 805 p.
1536 730 1707 799 1288;
1730 730 1934 787 Suidas
1955 751 2013 791 v.

444 818 831 900 Δεωτροφίδης,
854 820 989 875 inde
1009 820 1080 874 ab
1102 815 1394 893 Ἀνοίπηρα,
1422 838 1490 874 ex
1512 819 1692 874 schol.
1720 820 2010 896 Aristoph.

442 918 551 968 Av.
586 910 737 975 1406
755 951 772 979 ,
799 909 900 982 qui
934 927 947 963 ε
977 903 1157 975 ἐπειδὴ
1188 904 1279 963 καὶ
1298 895 1443 970 οὗτος
1468 904 1724 983 (Leotr.)
1750 909 1852 963 τῶν
1884 906 2013 985 σφό-

442 999 540 1075 δρα
570 998 798 1055 λεπτῶν.
827 1000 895 1051 V.
932 1016 956 1051 1
990 999 1079 1051 νῦν
1106 994 1155 1052 οἱ
1176 992 1279 1072 γὰρ
1306 1006 1419 1051 tres
1440 996 1575 1052 libri
1604 998 1837 1067 Athen„
1859 998 2013 1054 unde

440 1089 615 1145 Mein.
655 1084 891 1157 conjicit
931 1082 1065 1141 Νυνὶ
1101 1081 1205 1161 γὰρ
1232 1080 1331 1141 οἱδὶ
1368 1080 1556 1160 πενόμ.
1599 1088 1665 1143 V.
1697 1103 1732 1141 2
1771 1082 2012 1143 θύσωσιν

440 1178 597 1231 Eust.
631 1186 690 1230 et
712 1192 859 1229 unus
878 1173 1014 1231 cod.
1041 1173 1176 1231 Atli.
1197 1172 1348 1228 Ibid.
1378 1170 1495 1249 βού
1512 1172 1627 1230 δια
1652 1176 1847 1248 posuit
1870 1176 2014 1230 Mei-

442 1266 572 1322 nek.
604 1282 714 1339 pro
759 1258 927 1337 βοίδια
946 1306 961 1331 ,
1011 1262 1332 1317 testimonio
1378 1262 1580 1318 ductus
1620 1264 2011 1319 Antiatticistae

438 1372 501 1427 p.
535 1350 641 1424 85,
665 1348 896 1424 Βούδιοι,
929 1348 988 1405 οὗ
1020 1346 1176 1424 μόνον
1222 1346 1415 1425 βοίδια.
1448 1348 1623 1428 Ἕρμ.
1658 1351 1727 1410 Κ.-
1764 1354 2010 1408 Leotro-

438 1439 627 1516 phidae
654 1437 1035 1494 macilentiam
1060 1435 1213 1491 ridet
1240 1437 1415 1492 etiam
1442 1437 1851 1513 Theopompus
1879 1438 2010 1495 Κα-

436 1528 568 1596 πηλ.
616 1527 689 1584 fr.
742 1545 795 1595 13
846 1525 1190 1581 Thumantin
1229 1526 1637 1601 Aristophanes
1672 1528 1778 1601 Eq.
1826 1526 2004 1598 1265,

436 1613 538 1671 1ὼί
561 1616 738 1673 schol.
769 1634 783 1669 ι
807 1601 947 1670 οὗτοι
975 1611 1194 1681 πένητες
1218 1609 1554 1670 διεὸάλλοντο
1570 1634 1585 1649 ·
1608 1610 1700 1670 καὶ
1724 1615 1753 1669 ὁ
1776 1610 1873 1689 μὲν
1902 1616 2010 1672 Λυ-

436 1701 707 1779 σίστρατος
742 1701 812 1765 ὣς
848 1696 1041 1771 κόλαξ,
1076 1701 1105 1755 ὁ
1136 1696 1189 1755 δὲ
1218 1695 1518 1775 Θούμαντις
1558 1702 1628 1766 ὣς
1666 1698 1825 1773 πένης
1866 1702 2008 1777 (hoc

438 1790 630 1867 deleo)
657 1784 861 1865 μάντις.

1187 1919 1245 1956 2.

517 2016 677 2073 Idem
714 2034 806 2083 11,
832 2032 895 2088 p.
942 2012 1077 2081 502,
1109 2014 1175 2081 Β,
1210 2011 1281 2068 de
1302 2012 1591 2087 chryside,
1622 2012 1836 2088 poculo
1871 2028 1886 2069 ε
1919 2010 2008 2069 καὶ

433 2101 606 2183 Ἕρμ.
634 2105 687 2161 ἐν
716 2105 786 2162 Κ.

531 2195 794 2296 Χρυσίδ’
848 2199 1008 2266 οἴνου
1038 2202 1413 2273 πανσέληνον
1446 2203 1667 2267 ἐκπιὼν
1696 2202 1999 2292 ὑφείλετο.

436 2332 614 2389 Πανσ.
644 2326 871 2408 χρυσίδα
895 2327 1216 2402 Schweigh.
1253 2346 1383 2384 cum
1406 2329 1630 2403 Toupio
1659 2328 1901 2387 Emend.
1937 2328 1968 2384 3
1985 2370 2003 2399 ‚

434 2438 497 2491 p.
533 2416 667 2489 572,
693 2415 958 2490 intelligit
983 2414 1219 2487 plenum
1240 2416 1537 2490 poculum.
1568 2417 1855 2489 Interpres
1883 2417 2008 2491 gal-

388 2544 396 2555 .
434 2506 617 2561 licus:
650 2504 822 2558 tonde
848 2520 1061 2557 comme
1103 2504 1163 2556 Ia
1186 2504 1379 2575 pleine
1409 2505 1561 2571 lune,
1602 2502 1764 2577 quod
1806 2521 2005 2560 verum

432 2591 671 2665 putabat
698 2589 973 2659 Meinek„
1005 2600 1206 2664 postea
1229 2600 1419 2645 tamen
1436 2592 1787 2664 improbans,
1810 2615 1836 2639 ι
1854 2590 2006 2649 Vide

432 2680 624 2753 igitur,
652 2678 872 2751 inquit,
922 2698 995 2734 an
1038 2673 1383 2747 πανσελήνοις
1427 2678 1790 2733 scribendum
1829 2678 2006 2753 idque

432 2764 507 2821 de
550 2766 723 2821 sacris
756 2765 1061 2838 plenilunii
1106 2776 1365 2839 tempore
1407 2764 1707 2821 celebratis
1738 2766 1896 2843 (intt.
1931 2768 2004 2823 ad

404 2852 613 2929 ‚Soph.
644 2852 795 2910 OEd.
822 2854 893 2910 R.
927 2852 1105 2932 1090)
1135 2852 1571 2930 intelligendum
1593 2854 1686 2912 sit.
1716 2876 1743 2904 υ

1194 2965 1248 3024 3.

513 3078 673 3133 Idem
710 3083 799 3146 14,
824 3096 885 3152 p.
932 3075 1081 3145 650,
1114 3077 1161 3131 E
1209 3096 1222 3129 t
1275 3072 1366 3131 καὶ
1406 3075 1460 3131 ἐν
1503 3073 1770 3154 Ἀναγύρῳ
1801 3100 1827 3126 α
1865 3074 2002 3146 πλὴν

434 3162 653 3242 ἀλεύρου
676 3163 768 3221 καὶ
796 3165 941 3243 ῥοᾶς.
979 3190 1003 3215 ι»
1030 3161 1203 3243 Ἕρμ.
1238 3161 1284 3219 δ’
1312 3162 1365 3220 ἐν
1398 3161 1648 3242 Κέρκωψί
1670 3184 1826 3241 φησιν

432 3322 441 3338 ·
530 3268 665 3352 ἤδη
692 3279 972 3346 τεθέασαι
1004 3277 1225 3356 κόκκον
1262 3279 1323 3343 ἐν
1355 3276 1516 3370 χιόνι
1541 3282 1719 3368 ῥοᾶς;

1188 3414 1219 3474 4

430 3513 447 3524 '
508 3517 669 3576 Idem
719 3519 777 3589 3,
820 3539 884 3594 p.
925 3519 1035 3576 123
1059 3560 1076 3591 ,
1108 3521 1154 3576 F
1189 3539 1202 3574 :
1236 3518 1477 3594 ὀνομάζει
1512 3517 1568 3577 δὲ
1611 3516 1700 3577 καὶ
1727 3517 1897 3598 Ἕρμ.
1925 3517 1998 3577 Κ.

430 3613 844 3684 φρεατιαῖον
874 3603 1013 3685 ὔδωρ
1038 3605 1199 3673 οὕτως
1206 3648 1321 3668 .....

1181 3717 1240 3776 5.

511 3830 748 3884 Antiatt.
777 3846 837 3902 p.
872 3827 971 3894 88,
1002 3847 1103 3902 29,
1141 3827 1505 3905 Διαλέγειν
1558 3851 1571 3884 :
1606 3828 1719 3886 ἀντὶ
1758 3833 1845 3887 τοῦ
1880 3829 2006 3887 δια-

430 3911 694 3992 λέγεσθαι.
730 3913 902 3993 Ἕρμ.
933 3915 1005 3974 Κ.

1188 4031 1246 4088 6.

511 4141 755 4216 Hesych.
807 4141 940 4200 Κολ
955 4162 1033 4199 ακ
1048 4141 1333 4219 οφοροκλ
1348 4161 1371 4197 ε
1388 4138 1448 4196 ίδ
1465 4161 1535 4210 ης
1580 4137 1966 4216 ιἹεροκλείδης
1983 4182 2002 4212 ,

430 4227 487 4286 ὃν
515 4227 605 4286 ἐπὶ
624 4226 850 4308 πονηρία
892 4228 1233 4307 κωμῳδοῦσιν
1254 4225 1425 4306 Ἕρμ.
1457 4225 1553 4304 μὲν
1586 4227 1640 4284 ἐν
1672 4229 1760 4298 Κ.,
1796 4227 2004 4307 Φρύνι-

1444 466 1861 529 COMOEDIAE
1902 467 2232 530 VETERIS
2273 468 2686 543 nssLlQmAE.

2109 622 2205 668 σας
2230 600 2324 677 (h.
2349 622 2402 661 e.
2431 622 2556 659 non
2577 615 2702 659 toto
2719 604 2954 660 nomine
2975 604 3324 661 considerato
3342 648 3357 675 ,
3379 608 3462 663 sed
3485 628 3609 664 com·

2107 702 2308 765 parata
2341 692 2736 747 tantummodo
2777 694 2974 765 priore
2999 703 3191 767 parte,
3223 694 3348 751 Κολ.
3386 707 3438 751 et
3471 696 3606 770 lxi).

2107 780 2251 834 Sane
2269 778 2344 855 τῷ
2359 776 2676 852 Κλεώνυμος
2697 779 2935 835 similius
2955 777 3332 851 Κολακώνυμος
3347 784 3491 857 Voep.
3505 781 3611 856 599.

2109 866 2240 921 Alio
2283 867 2414 921 loco
2451 867 2768 940 Hesychius
2797 867 3337 945 Κορακοφοροκλείδης
3373 885 3388 927 2
3415 868 3511 925 ἔστι
3531 868 3612 947 γὰρ

2111 951 2333 1027 (malim
2383 950 2471 1031 δέ)
2515 952 2880 1031 Ἱεροκλείδης.
2921 979 2948 1008 α
3003 957 3075 1015 Id
3113 958 3524 1033 praefertDobr.
3555 960 3614 1013 ad

2105 1041 2259 1099 Nub'.
2303 1039 2442 1113 352,
2471 1044 2796 1099 Hieroclem
2835 1044 2998 1098 innui
3043 1043 3347 1116 conjiciens
3367 1086 3382 1112 ‚
3423 1045 3484 1103 de
3521 1064 3614 1117 quo

2105 1148 2161 1188 v.
2197 1130 2491 1205 Aristoph.
2535 1143 2594 1186 et
2628 1131 2810 1189 schol.
2851 1130 2977 1204 ejus
3017 1134 3164 1189 Pace
3217 1132 3360 1191 1125
3387 1142 3437 1189 et
3467 1134 3605 1197 1146.

2109 1218 2263 1273 Esset
2291 1218 2487 1292 igitur,
2528 1218 2632 1293 qui
2671 1214 2892 1296 κόρακος
2936 1221 3113 1276 instar
3155 1222 3427 1276 sociorum
3469 1218 3618 1297 φόρους

2105 1306 2336 1361 invertit
2364 1317 2422 1362 et
2436 1306 2746 1381 praedatur.
2778 1309 2866 1364 Ita
2886 1308 3146 1365 Cratinus
3169 1309 3382 1366 Thress.
3417 1308 3446 1363 3
3473 1327 3485 1361 :

2185 1417 2303 1487 τοὺς
2329 1416 2431 1499 γὰρ
2457 1418 2686 1499 κόρακας
2713 1419 2807 1488 τάξ
2837 1420 3108 1498 Αἰγύπτου
3137 1421 3327 1504 χρυσία
3351 1421 3618 1484 κλέπτοντας

3407 1508 3615 1577 ἔπαυσεν,

2103 1632 2163 1676 et
2205 1622 2612 1697 Aristophanes
2649 1624 2796 1679 Pace
2837 1642 2859 1678 1
2877 1622 2985 1679 125
3018 1644 3034 1680 :
3079 1624 3110 1680 ὃ
3147 1621 3305 1701 κόραξ
3345 1620 3396 1689 ἐξ
3441 1620 3615 1699 Ὠρεοῦ.

2101 1708 2322 1781 Quibus
2355 1711 2586 1786 vulgata
2606 1711 2824 1785 placuit
2839 1754 2856 1783 ‚
2879 1714 2922 1767 ii
2947 1711 3182 1769 fortasse
3203 1713 3502 1769 scribebant
3527 1710 3617 1765 Κο-

2107 1794 2620 1875 λακοφωροκλείδην,
2664 1817 2782 1871 quo
2809 1800 3044 1855 nomine
3065 1801 3311 1855 hominis
3337 1798 3559 1855 adulatio
3579 1806 3624 1851 ct

2105 1883 2252 1940 furta
2282 1883 2758 1960 significarentur.
2793 1908 2819 1934 n
2843 1887 2894 1941 E
2919 1888 3010 1942 M.

2647 2029 2782 2089 vll.
2827 2031 3116 2092 ΜΟῙΡΑΙ.

2183 2164 2268 2221 De
2297 2165 2537 2222 consilio
2581 2164 2752 2239 hujus
2783 2166 3054 2225 dramatis
3079 2168 3213 2226 vide
3241 2168 3626 2247 prolegomena.

2102 2249 2310 2329 Μοίρας
2347 2255 2604 2329 intelligo
2625 2257 2862 2326 Parcas,
2895 2268 2960 2312 ut
3005 2256 3164 2331 apud
3191 2259 3485 2333 Tragicos:
3515 2270 3625 2308 nam

2100 2342 2385 2397 Homerus
2408 2344 2633 2399 nonnisi
2663 2364 2836 2401 unam
2865 2346 3073 2421 Μοῖραν
3097 2356 3400 2403 memorat.

2179 2563 2330 2619 Plut.
2364 2560 2588 2620 Pericle
2619 2582 2672 2619 c.
2701 2563 2774 2621 33
2799 2581 2815 2623 :
2853 2563 3024 2624 καίτοι
3045 2566 3235 2625 πολλοὶ
3258 2564 3352 2643 μὲν
3381 2564 3526 2622 αὐτοῦ
3549 2560 3634 2617 τῶν

2097 2647 2261 2728 φίλων
2303 2647 2538 2723 δεόμενοι
2601 2649 2962 2730 προσέκειντο,
3009 2653 3196 2714 πολλοὶ
3229 2652 3285 2713 δὲ
3324 2655 3424 2711 τῶν
3463 2650 3630 2729 ἐχθρῶν

2098 2738 2427 2803 ἀπειλοῦντες
2455 2737 2546 2796 καὶ
2567 2745 2974 2820 κατηγοροῦντες
2991 2786 3010 2815 ,
3027 2742 3218 2800 πολλοὶ
3241 2742 3290 2801 δ’
3311 2733 3432 2823 ᾖδον
3451 2737 3636 2819 ᾄσματα

2097 2824 2188 2883 καὶ
2217 2823 2520 2901 σκώμματα
2554 2825 2682 2906 πρὸς
2713 2828 2968 2907 αἰσχύνην
2991 2828 3354 2909 ἑφυὸρίζοντες
3380 2830 3528 2887 αὗτοῧ
3558 2822 3635 2891 *ἦν

2097 2912 2416 2993 στρατηγίαν
2441 2914 2512 2980 ὡς
2541 2912 2791 2997 ἄνανδρον
2814 2915 2906 2975 καὶ
2931 2916 3254 2998 προϊεμένην
3281 2918 3350 2978 τὰ
3382 2912 3636 2996 πράγματα

2097 3009 2202 3068 τοῖς
2233 3001 2530 3076 πολεμίοις·
2569 3005 2826 3083 ἐπεφύετο
2857 3003 2911 3062 δὲ
2937 3003 3028 3063 καὶ
3073 3005 3292 3080 Κλέων,
3331 3006 3433 3077 ἤδη
3459 3001 3537 3062 διὰ
3564 3003 3639 3067 τῆ(

2096 3089 2226 3169 πρὸς
2258 3092 2452 3149 ἐκεῖνον
2480 3091 2640 3169 ὀργῆς
2674 3095 2781 3150 τῶν
2822 3094 3050 3152 πολιτῶν
3085 3095 3433 3174 πορευόμενος
3459 3089 3538 3150 ἐπὶ
3563 3085 3639 3154 τὴν

2097 3177 2464 3256 δημαγωγίαν,
2507 3181 2577 3245 ὡς
2623 3179 2690 3238 τὰ
2737 3180 3042 3241 ἀνάπαιστα
3081 3187 3258 3244 ταῦτα
3297 3184 3548 3256 δηλοποιεῐ
3589 3173 3640 3231 τὰ

2095 3263 2432 3344 Ἑρμίππου,

2194 3387 2450 3447 Βασιλεῦ
2489 3384 2782 3473 σατύρων,
2822 3383 2890 3449 τί
2926 3391 3071 3451 ποτ’
3103 3389 3215 3453 οὐκ
3253 3388 3475 3458 ἐθέλεις

2192 3477 2334 3578 δόρυ
2361 3483 2708 3573 βαστάζειν,
2731 3487 2898 3557 ἀλλὰ
2922 3491 3136 3584 λόγους
3169 3494 3285 3584 μὲν

2189 3591 2326 3684 περὶ
2353 3602 2462 3659 τοῦ
2483 3596 2756 3687 πολέμου
2788 3588 3016 3674 δεινοὺς
3041 3601 3301 3691 παρέχει
3319 3648 3337 3681 ,

2193 3694 2388 3790 ψυχὴν
2417 3690 2487 3764 δὲ
2517 3699 2788 3778 Τέλητος
2829 3703 3131 3788 ὑπέστης,

2098 3797 2138 3869 5
2191 3795 2656 3894 *κάγχειριδίου
2690 3797 2750 3871 δ’
2795 3805 3271 3900 ἀκόνῃ,σκληρᾷ’

2096 3915 2102 3922 ’
2194 3902 2726 4002 *παραθηγομένης
2759 3914 2998 4005 βρύχεις
3029 3909 3326 3994 κοπίδος,

2193 4006 2439 4106 δηχθεὶς
2475 4015 2688 4082 αἴθωνι
2721 4017 2990 4083 Κλέωνι.

2103 4167 2127 4192 α
2168 4145 2348 4200 Versu
2378 4163 2402 4199 1
2440 4143 2581 4203 Βασ.
2607 4140 2870 4222 σατύρων,
2903 4147 2978 4202 ad
3003 4148 3240 4204 Periclis
3268 4147 3536 4203 libidines
3563 4155 3657 4198 tra-

2093 4231 2179 4286 xit
2217 4231 2483 4300 Sintenis‚
2523 4229 2596 4286 ad
2629 4233 2912 4307 ignaviam
2937 4235 3324 4292 Hermaunus».
3365 4236 3484 4290 Nisi
3519 4233 3650 4286 forte

430 4338 523 4393 χος
552 4315 599 4372 δ’
628 4317 681 4374 ἐν
714 4318 1060 4392 Κωμασταῖς.
1099 4318 1128 4372 ὁ
1166 4314 1222 4373 δὲ
1259 4313 1642 4387 Ἀσκληπιάδης
1688 4313 2006 4392 Κλεώνυμον
2096 4328 2414 4392 satyrorum
2437 4320 2668 4376 nomine
2696 4317 2934 4376 Periclis
2959 4323 3172 4378 amicos
3189 4325 3393 4379 notari
3423 4323 3574 4378 dicas
3595 4315 3657 4372 ad

452 4391 483 4426 τ

432 4571 799 4645 Leon-ophida
822 4572 1225 4630 macilentiores
1246 4581 1304 4630 et
1322 4571 1711 4631 Thumantide.

432 4745 753 4820 Chrysidem
780 4747 889 4803 vini
912 4667 1307 4822 plenilquassem
1318 4751 1361 4816 *‚
1388 4764 1553 4821 quam
1575 4749 1837 4815 ebiberat,
1855 4747 2002 4805 fura-

1780 4835 1998 4904 [batur.

1194 4931 1247 4981 3.

434 5011 631 5066 Jamne
654 5007 832 5065 vidisti
860 5011 1121 5066 nucleum
1150 5012 1209 5068 in
1230 5011 1354 5069 nive
1374 5013 1587 5084 granati
1603 5015 1629 5068 ἓ

490 5149 515 5173 ·
535 5148 661 5193 Finxl
692 5148 909 5194 vocabula
930 5147 1273 5204 plenilnnarae's,
1312 5151 1519 5205 ‚enisam
1548 5147 1710 5206 (Θεῶν
1729 5151 1788 5197 lr.
1818 5155 1926 5207 2).
1962 5157 2009 5198 et

437 5210 523 5255 alia
541 5209 747 5266 «maedam
762 5243 775 5263 .
798 5220 856 5255 ne
881 5209 1019 5256 latina
1042 5221 1141 5258 mea
1165 5211 1302 5257 nlzuls
1316 5212 1615 5260 abborrerent
1631 5225 1657 5259 a
1674 5215 1845 5270 grecis.

432 4424 565 4460 ειναι
596 4399 876 4476 ὖπέλαὸεν,
923 4401 1041 4460 οὐδὲ
1069 4401 1129 4460 τὸ
1164 4402 1359 4462 τέλειον
1386 4408 1477 4462 τοῦ
1508 4402 1758 4478 ὀνόματος
1786 4403 2003 4474 ἐπιστή·
2099 4405 2440 4479 obsequium
2471 4416 2645 4480 atque
2664 4406 3050 4464 adulationem
3075 4429 3331 4484 pronos,
3363 4404 3654 4484 (quemad-

2737 4577 3014 4634 PARCAE.

2849 4671 2896 4718 1.

2162 4748 2278 4802 Rex
2311 4755 2614 4820 satyrorum
2633 4791 2650 4818 ‚
2675 4765 2774 4806 cur
2794 4765 3013 4807 recusas

2159 4835 2371 4891 hastam
2394 4834 2538 4892 ferre
2552 4878 2567 4906 ,
2593 4835 2690 4894 sed
2714 4839 2988 4896 orationes
3008 4837 3231 4912 quidem

2163 4923 2233 4978 de
2251 4921 2396 4980 bello
2423 4924 2768 4983 vehementes
2791 4926 2982 4997 habes»,

2165 5017 2220 5066 et
2247 5010 2450 5068 Teletis
2475 5013 2720 5068 animum
2753 5013 3026 5086 pollicitus
3051 5029 3142 5082 es,

2095 5101 2130 5151 5
2169 5097 2406 5168 pugione
2428 5097 2651 5170 quidem
2681 5099 2738 5156 in
2775 5099 2915 5158 dura
2938 5109 3061 5158 cote

2166 5191 2327 5240 acuto
2348 5186 2372 5239 ἓ
2395 5184 2614 5243 fredens
2643 5187 2861 5245 incurro
2879 5187 2938 5245 in
2955 5187 3162 5261 gladios
3179 5229 3197 5254 ,

2171 5285 2388 5329 morsus
2421 5272 2492 5330 ab
2517 5273 2629 5332 acri
2651 5274 2878 5333 Cleone!
