<?xml version="1.0" encoding="UTF-8"?>
<!DOCTYPE html PUBLIC "-//W3C//DTD XHTML 1.0 Transitional//EN"
    "http://www.w3.org/TR/xhtml1/DTD/xhtml1-transitional.dtd">
<html xmlns="http://www.w3.org/1999/xhtml" xml:lang="en" lang="en">
 <head>
  <title>
</title>
<meta http-equiv="Content-Type" content="text/html;charset=utf-8" />
  <meta name='ocr-system' content='tesseract 3.04.00' />
  <meta name='ocr-capabilities' content='ocr_page ocr_carea ocr_par ocr_line ocrx_word'/>
</head>
<body>
  <div class='ocr_page' id='page_1' title='image "./poetarumcomicor01hunzgoog_0652.png"; bbox 0 0 3809 5850; ppageno 0'>
   <div class='ocr_carea' id='block_1_1' title="bbox 462 397 578 448">
    <p class='ocr_par' dir='ltr' id='par_1_1' title="bbox 462 397 578 448">
     <span class='ocr_line' id='line_1_1' title="bbox 462 397 578 448; baseline 0 -1"><span class='ocrx_word' id='word_1_1' title='bbox 462 397 578 448; x_wconf 70' lang='lat'><strong>0³0</strong></span> 
     </span>
    </p>
   </div>
   <div class='ocr_carea' id='block_1_2' title="bbox 558 515 1965 1042">
    <p class='ocr_par' dir='ltr' id='par_1_2' title="bbox 558 515 1790 722">
     <span class='ocr_line' id='line_1_2' title="bbox 558 515 1790 616; baseline -0.002 -26"><span class='ocrx_word' id='word_1_2' title='bbox 558 533 676 590; x_wconf 78' lang='grc' dir='ltr'><strong>Τοῦ·</strong></span> <span class='ocrx_word' id='word_1_3' title='bbox 707 519 930 616; x_wconf 76' lang='grc' dir='ltr'><strong>μήποτ’</strong></span> <span class='ocrx_word' id='word_1_4' title='bbox 966 523 1143 590; x_wconf 79' lang='grc' dir='ltr'><strong>αὐτὸν</strong></span> <span class='ocrx_word' id='word_1_5' title='bbox 1163 526 1447 613; x_wconf 79' lang='grc' dir='ltr'>ἐμπεσεῖν</span> <span class='ocrx_word' id='word_1_6' title='bbox 1467 520 1549 598; x_wconf 83' lang='grc' dir='ltr'><strong>εἰς</strong></span> <span class='ocrx_word' id='word_1_7' title='bbox 1578 515 1790 590; x_wconf 78' lang='grc' dir='ltr'>Λαΐδα</span> 
     </span>
     <span class='ocr_line' id='line_1_3' title="bbox 561 621 1785 722; baseline -0.003 -26"><span class='ocrx_word' id='word_1_8' title='bbox 561 629 899 722; x_wconf 80' lang='grc' dir='ltr'><strong>φερόμενον,</strong></span> <span class='ocrx_word' id='word_1_9' title='bbox 923 627 961 702; x_wconf 79' lang='grc' dir='ltr'>ἢ</span> <span class='ocrx_word' id='word_1_10' title='bbox 984 621 1323 710; x_wconf 56' lang='grc' dir='ltr'><strong>Μυκηνίδ’,</strong></span> <span class='ocrx_word' id='word_1_11' title='bbox 1340 627 1378 701; x_wconf 79' lang='grc' dir='ltr'>ἢ</span> <span class='ocrx_word' id='word_1_12' title='bbox 1403 623 1785 720; x_wconf 66' lang='grc' dir='ltr'><strong>Σισύμὸριον,</strong></span> 
     </span>
    </p>

    <p class='ocr_par' dir='ltr' id='par_1_3' title="bbox 558 731 1965 1042">
     <span class='ocr_line' id='line_1_4' title="bbox 558 731 1965 828; baseline -0.004 -23"><span class='ocrx_word' id='word_1_13' title='bbox 558 734 596 810; x_wconf 80' lang='grc' dir='ltr'>ἢ</span> <span class='ocrx_word' id='word_1_14' title='bbox 634 736 925 828; x_wconf 77' lang='grc' dir='ltr'>Βάραθρον</span> <span class='ocrx_word' id='word_1_15' title='bbox 944 787 962 821; x_wconf 95' lang='grc'><strong>,</strong></span> <span class='ocrx_word' id='word_1_16' title='bbox 998 735 1035 809; x_wconf 73' lang='grc' dir='ltr'>ἢ</span> <span class='ocrx_word' id='word_1_17' title='bbox 1058 737 1439 819; x_wconf 81' lang='grc' dir='ltr'><strong>Θάλλουσαν,</strong></span> <span class='ocrx_word' id='word_1_18' title='bbox 1472 733 1508 807; x_wconf 77' lang='grc' dir='ltr'><strong>ἢ</strong></span> <span class='ocrx_word' id='word_1_19' title='bbox 1530 739 1756 804; x_wconf 85' lang='grc' dir='ltr'><strong>τούτων</strong></span> <span class='ocrx_word' id='word_1_20' title='bbox 1784 731 1924 802; x_wconf 75' lang='grc' dir='ltr'><strong>τινὰ</strong></span> <span class='ocrx_word' id='word_1_21' title='bbox 1946 786 1965 821; x_wconf 92' lang='grc'><strong>,</strong></span> 
     </span>
     <span class='ocr_line' id='line_1_5' title="bbox 560 837 1861 934; baseline 0.002 -28"><span class='ocrx_word' id='word_1_22' title='bbox 560 837 640 906; x_wconf 83' lang='grc' dir='ltr'><strong>ὧν</strong></span> <span class='ocrx_word' id='word_1_23' title='bbox 660 845 1023 931; x_wconf 71' lang='grc' dir='ltr'>ἐμπλέκουσι</span> <span class='ocrx_word' id='word_1_24' title='bbox 1048 847 1174 918; x_wconf 81' lang='grc' dir='ltr'><strong>τοῖς</strong></span> <span class='ocrx_word' id='word_1_25' title='bbox 1202 838 1388 918; x_wconf 76' lang='grc' dir='ltr'><strong>λίνοις</strong></span> <span class='ocrx_word' id='word_1_26' title='bbox 1423 841 1488 907; x_wconf 86' lang='grc' dir='ltr'><strong>αἱ</strong></span> <span class='ocrx_word' id='word_1_27' title='bbox 1524 842 1861 934; x_wconf 78' lang='grc' dir='ltr'><strong>μαστροποί</strong></span> 
     </span>
     <span class='ocr_line' id='line_1_6' title="bbox 562 941 1453 1042; baseline -0.003 -27"><span class='ocrx_word' id='word_1_28' title='bbox 562 941 645 1040; x_wconf 84' lang='grc' dir='ltr'><strong>[ἢ</strong></span> <span class='ocrx_word' id='word_1_29' title='bbox 682 947 955 1030; x_wconf 79' lang='grc' dir='ltr'><strong>Νάννιον,</strong></span> <span class='ocrx_word' id='word_1_30' title='bbox 982 943 1020 1019; x_wconf 79' lang='grc' dir='ltr'>ἢ</span> <span class='ocrx_word' id='word_1_31' title='bbox 1056 941 1453 1042; x_wconf 58' lang='lat' dir='ltr'><strong>maledic-nv}</strong></span> 
     </span>
    </p>
   </div>
   <div class='ocr_carea' id='block_1_3' title="bbox 474 1074 2033 1150">
    <p class='ocr_par' dir='ltr' id='par_1_4' title="bbox 474 1074 2033 1150">
     <span class='ocr_line' id='line_1_7' title="bbox 474 1074 2033 1150; baseline 0.001 -19"><span class='ocrx_word' id='word_1_32' title='bbox 474 1101 497 1125; x_wconf 79' lang='grc' dir='ltr'><strong>«ι</strong></span> <span class='ocrx_word' id='word_1_33' title='bbox 532 1077 664 1132; x_wconf 83' lang='lat' dir='ltr'><strong>Haec</strong></span> <span class='ocrx_word' id='word_1_34' title='bbox 698 1075 969 1132; x_wconf 79' lang='lat' dir='ltr'><strong>videntur</strong></span> <span class='ocrx_word' id='word_1_35' title='bbox 990 1093 1107 1132; x_wconf 88' lang='lat' dir='ltr'><strong>esse</strong></span> <span class='ocrx_word' id='word_1_36' title='bbox 1130 1074 1303 1131; x_wconf 85' lang='lat' dir='ltr'><strong>verba</strong></span> <span class='ocrx_word' id='word_1_37' title='bbox 1331 1077 1511 1150; x_wconf 70' lang='lat' dir='ltr'><strong>patris</strong></span> <span class='ocrx_word' id='word_1_38' title='bbox 1530 1076 1602 1132; x_wconf 88' lang='lat' dir='ltr'><strong>de</strong></span> <span class='ocrx_word' id='word_1_39' title='bbox 1622 1075 1742 1132; x_wconf 82' lang='lat' dir='ltr'><strong>filio</strong></span> <span class='ocrx_word' id='word_1_40' title='bbox 1770 1078 2033 1147; x_wconf 87' lang='lat' dir='ltr'><strong>solliciti,</strong></span> 
     </span>
    </p>
   </div>
   <div class='ocr_carea' id='block_1_4' title="bbox 466 1296 1813 1490">
    <p class='ocr_par' dir='ltr' id='par_1_5' title="bbox 466 1296 1813 1490">
     <span class='ocr_line' id='line_1_8' title="bbox 466 1296 1563 1399; baseline 0.003 -16"><span class='ocrx_word' id='word_1_41' title='bbox 466 1335 519 1383; x_wconf 77' lang='lat'><strong>2.</strong></span> <span class='ocrx_word' id='word_1_42' title='bbox 551 1326 741 1384; x_wconf 78' lang='lat' dir='ltr'><strong>Neine</strong></span> <span class='ocrx_word' id='word_1_43' title='bbox 766 1341 1012 1399; x_wconf 75' lang='lat' dir='ltr'><strong>unquam</strong></span> <span class='ocrx_word' id='word_1_44' title='bbox 1028 1296 1237 1384; x_wconf 75' lang='lat' dir='ltr'><strong>incidat</strong></span> <span class='ocrx_word' id='word_1_45' title='bbox 1262 1328 1563 1386; x_wconf 82' lang='lat' dir='ltr'><strong>concitatus</strong></span> 
     </span>
     <span class='ocr_line' id='line_1_9' title="bbox 468 1413 1813 1490; baseline 0.002 -19"><span class='ocrx_word' id='word_1_46' title='bbox 468 1415 525 1472; x_wconf 90' lang='lat' dir='ltr'><strong>in</strong></span> <span class='ocrx_word' id='word_1_47' title='bbox 547 1413 776 1474; x_wconf 76' lang='lat' dir='ltr'><strong>Laidem</strong></span> <span class='ocrx_word' id='word_1_48' title='bbox 792 1457 807 1484; x_wconf 87' lang='lat'>‚</span> <span class='ocrx_word' id='word_1_49' title='bbox 830 1415 911 1473; x_wconf 81' lang='lat' dir='ltr'><strong>vel</strong></span> <span class='ocrx_word' id='word_1_50' title='bbox 936 1415 1303 1489; x_wconf 70' lang='lat' dir='ltr'><strong>Hymnidem,</strong></span> <span class='ocrx_word' id='word_1_51' title='bbox 1330 1415 1411 1473; x_wconf 79' lang='lat' dir='ltr'><strong>vel</strong></span> <span class='ocrx_word' id='word_1_52' title='bbox 1439 1417 1780 1490; x_wconf 84' lang='lat' dir='ltr'><strong>Sisymbrion</strong></span> <span class='ocrx_word' id='word_1_53' title='bbox 1796 1459 1813 1488; x_wconf 93' lang='lat'><strong>,</strong></span> 
     </span>
    </p>
   </div>
   <div class='ocr_carea' id='block_1_5' title="bbox 1497 385 2636 465">
    <p class='ocr_par' dir='ltr' id='par_1_6' title="bbox 1497 385 2636 465">
     <span class='ocr_line' id='line_1_10' title="bbox 1497 385 2636 465; baseline 0.002 -20"><span class='ocrx_word' id='word_1_54' title='bbox 1497 386 1547 445; x_wconf 87' lang='lat' dir='ltr'>N</span> <span class='ocrx_word' id='word_1_55' title='bbox 1554 385 1736 446; x_wconf 83' lang='lat' dir='ltr'><strong>OVAE</strong></span> <span class='ocrx_word' id='word_1_56' title='bbox 1778 386 2189 450; x_wconf 69' lang='lat' dir='ltr'>COMOEDOE</span> <span class='ocrx_word' id='word_1_57' title='bbox 2233 391 2636 465; x_wconf 78' lang='lat' dir='ltr'><strong>BELlQUlAE.</strong></span> 
     </span>
    </p>
   </div>
   <div class='ocr_carea' id='block_1_6' title="bbox 2121 519 3678 672">
    <p class='ocr_par' dir='ltr' id='par_1_7' title="bbox 2121 519 3678 672">
     <span class='ocr_line' id='line_1_11' title="bbox 2121 519 3678 601; baseline 0.006 -23"><span class='ocrx_word' id='word_1_58' title='bbox 2121 519 2280 587; x_wconf 73' lang='grc' dir='ltr'><strong>λίθοις</strong></span> <span class='ocrx_word' id='word_1_59' title='bbox 2297 565 2315 594; x_wconf 87' lang='grc'><strong>,</strong></span> <span class='ocrx_word' id='word_1_60' title='bbox 2363 535 2518 582; x_wconf 89' lang='lat' dir='ltr'><strong>recte</strong></span> <span class='ocrx_word' id='word_1_61' title='bbox 2563 526 2882 601; x_wconf 78' lang='lat' dir='ltr'><strong>Schweigh.</strong></span> <span class='ocrx_word' id='word_1_62' title='bbox 2935 523 3114 590; x_wconf 72' lang='grc' dir='ltr'><strong>λίνοις.</strong></span> <span class='ocrx_word' id='word_1_63' title='bbox 3162 529 3376 584; x_wconf 79' lang='lat' dir='ltr'><strong>Melius</strong></span> <span class='ocrx_word' id='word_1_64' title='bbox 3409 543 3586 587; x_wconf 83' lang='lat' dir='ltr'><strong>autem</strong></span> <span class='ocrx_word' id='word_1_65' title='bbox 3619 536 3678 588; x_wconf 71' lang='lat' dir='ltr'><strong>sic</strong></span> 
     </span>
     <span class='ocr_line' id='line_1_12' title="bbox 2121 611 2795 672; baseline 0.003 -4"><span class='ocrx_word' id='word_1_66' title='bbox 2121 611 2410 668; x_wconf 78' lang='lat' dir='ltr'><strong>scribatur</strong></span> <span class='ocrx_word' id='word_1_67' title='bbox 2434 614 2528 670; x_wconf 85' lang='lat' dir='ltr'><strong>hic</strong></span> <span class='ocrx_word' id='word_1_68' title='bbox 2558 633 2754 672; x_wconf 81' lang='lat' dir='ltr'><strong>versus</strong></span> <span class='ocrx_word' id='word_1_69' title='bbox 2784 635 2795 670; x_wconf 94' lang='lat'>:</span> 
     </span>
    </p>
   </div>
   <div class='ocr_carea' id='block_1_7' title="bbox 2222 755 3598 856">
    <p class='ocr_par' dir='ltr' id='par_1_8' title="bbox 2222 755 3598 856">
     <span class='ocr_line' id='line_1_13' title="bbox 2222 755 3598 856; baseline 0.005 -33"><span class='ocrx_word' id='word_1_70' title='bbox 2222 755 2303 824; x_wconf 83' lang='grc' dir='ltr'><strong>ὧν</strong></span> <span class='ocrx_word' id='word_1_71' title='bbox 2337 756 2700 851; x_wconf 56' lang='lat' dir='ltr'><strong>{uidemus-⁹</strong></span> <span class='ocrx_word' id='word_1_72' title='bbox 2735 762 2800 826; x_wconf 84' lang='grc' dir='ltr'><strong>αἱ</strong></span> <span class='ocrx_word' id='word_1_73' title='bbox 2829 760 3165 856; x_wconf 78' lang='grc' dir='ltr'><strong>μαστροποὶ</strong></span> <span class='ocrx_word' id='word_1_74' title='bbox 3187 771 3386 830; x_wconf 83' lang='grc' dir='ltr'><strong>τοῖσιν</strong></span> <span class='ocrx_word' id='word_1_75' title='bbox 3401 763 3598 842; x_wconf 81' lang='grc' dir='ltr'><strong>λίνοις.</strong></span> 
     </span>
    </p>
   </div>
   <div class='ocr_carea' id='block_1_8' title="bbox 2123 900 3741 1072">
    <p class='ocr_par' dir='ltr' id='par_1_9' title="bbox 2123 900 3741 1072">
     <span class='ocr_line' id='line_1_14' title="bbox 2127 900 3741 970; baseline 0.007 -12"><span class='ocrx_word' id='word_1_76' title='bbox 2127 903 2212 959; x_wconf 87' lang='lat' dir='ltr'><strong>De</strong></span> <span class='ocrx_word' id='word_1_77' title='bbox 2233 900 2347 959; x_wconf 84' lang='lat' dir='ltr'><strong>fide</strong></span> <span class='ocrx_word' id='word_1_78' title='bbox 2366 905 2674 962; x_wconf 82' lang='lat' dir='ltr'><strong>verborum</strong></span> <span class='ocrx_word' id='word_1_79' title='bbox 2698 907 3042 962; x_wconf 83' lang='lat' dir='ltr'><strong>inclusorum</strong></span> <span class='ocrx_word' id='word_1_80' title='bbox 3053 908 3116 962; x_wconf 89' lang='lat' dir='ltr'><strong>in</strong></span> <span class='ocrx_word' id='word_1_81' title='bbox 3138 906 3256 963; x_wconf 81' lang='lat' dir='ltr'><strong>fine</strong></span> <span class='ocrx_word' id='word_1_82' title='bbox 3275 907 3546 964; x_wconf 80' lang='lat' dir='ltr'><strong>dubitans</strong></span> <span class='ocrx_word' id='word_1_83' title='bbox 3561 911 3674 964; x_wconf 71' lang='lat' dir='ltr'><strong>nei-</strong></span> <span class='ocrx_word' id='word_1_84' title='bbox 3740 967 3741 970; x_wconf 73' lang='grc'><strong>,</strong></span> 
     </span>
     <span class='ocr_line' id='line_1_15' title="bbox 2123 993 3741 1072; baseline 0.004 -25"><span class='ocrx_word' id='word_1_85' title='bbox 2123 993 2256 1048; x_wconf 80' lang='lat' dir='ltr'><strong>nek.</strong></span> <span class='ocrx_word' id='word_1_86' title='bbox 2293 1003 2482 1050; x_wconf 86' lang='lat' dir='ltr'><strong>tamen</strong></span> <span class='ocrx_word' id='word_1_87' title='bbox 2519 995 2754 1050; x_wconf 87' lang='lat' dir='ltr'><strong>laterem</strong></span> <span class='ocrx_word' id='word_1_88' title='bbox 2794 997 2935 1052; x_wconf 80' lang='lat' dir='ltr'><strong>lavit</strong></span> <span class='ocrx_word' id='word_1_89' title='bbox 2959 997 3275 1052; x_wconf 87' lang='lat' dir='ltr'><strong>scribendo</strong></span> <span class='ocrx_word' id='word_1_90' title='bbox 3307 995 3594 1072; x_wconf 71' lang='grc' dir='ltr'><strong>Ναννάριον</strong></span> <span class='ocrx_word' id='word_1_91' title='bbox 3621 997 3674 1051; x_wconf 69' lang='lat' dir='ltr'><strong>ad</strong></span> <span class='ocrx_word' id='word_1_92' title='bbox 3740 1029 3741 1054; x_wconf 68' lang='lat'>1</span> 
     </span>
    </p>
   </div>
   <div class='ocr_carea' id='block_1_9' title="bbox 466 1081 3741 1245">
    <p class='ocr_par' dir='ltr' id='par_1_10' title="bbox 466 1081 3741 1245">
     <span class='ocr_line' id='line_1_16' title="bbox 2125 1081 3741 1158; baseline 0.002 -23"><span class='ocrx_word' id='word_1_93' title='bbox 2125 1083 2292 1136; x_wconf 88' lang='lat' dir='ltr'><strong>metri</strong></span> <span class='ocrx_word' id='word_1_94' title='bbox 2329 1098 2620 1151; x_wconf 83' lang='lat' dir='ltr'><strong>normam,</strong></span> <span class='ocrx_word' id='word_1_95' title='bbox 2655 1093 2712 1138; x_wconf 91' lang='lat' dir='ltr'><strong>et</strong></span> <span class='ocrx_word' id='word_1_96' title='bbox 2735 1081 2808 1138; x_wconf 87' lang='lat' dir='ltr'><strong>de</strong></span> <span class='ocrx_word' id='word_1_97' title='bbox 2829 1084 3060 1139; x_wconf 85' lang='lat' dir='ltr'><strong>nomine</strong></span> <span class='ocrx_word' id='word_1_98' title='bbox 3085 1085 3426 1140; x_wconf 83' lang='lat' dir='ltr'><strong>meretricio</strong></span> <span class='ocrx_word' id='word_1_99' title='bbox 3450 1081 3672 1150; x_wconf 72' lang='grc' dir='ltr'><strong>Μιλθέιη</strong></span> <span class='ocrx_word' id='word_1_100' title='bbox 3740 1133 3741 1158; x_wconf 22' lang='grc' dir='ltr'>ἒ</span> 
     </span>
     <span class='ocr_line' id='line_1_17' title="bbox 466 1163 3266 1245; baseline 0.004 -26"><span class='ocrx_word' id='word_1_101' title='bbox 466 1181 539 1220; x_wconf 87' lang='lat' dir='ltr'><strong>ne</strong></span> <span class='ocrx_word' id='word_1_102' title='bbox 565 1165 931 1220; x_wconf 82' lang='lat' dir='ltr'>meretricum</span> <span class='ocrx_word' id='word_1_103' title='bbox 963 1163 1256 1218; x_wconf 88' lang='lat' dir='ltr'><strong>amoribus</strong></span> <span class='ocrx_word' id='word_1_104' title='bbox 1292 1166 1603 1221; x_wconf 75' lang='lat' dir='ltr'><strong>irretiatur.</strong></span> <span class='ocrx_word' id='word_1_105' title='bbox 1643 1168 1821 1222; x_wconf 82' lang='lat' dir='ltr'><strong>Versu</strong></span> <span class='ocrx_word' id='word_1_106' title='bbox 1847 1173 1877 1233; x_wconf 77' lang='lat' dir='ltr'><strong>l.</strong></span> <span class='ocrx_word' id='word_1_107' title='bbox 1904 1165 2038 1224; x_wconf 81' lang='lat' dir='ltr'>libri</span> <span class='ocrx_word' id='word_1_108' title='bbox 2125 1169 2312 1224; x_wconf 79' lang='lat' dir='ltr'><strong>evolvi</strong></span> <span class='ocrx_word' id='word_1_109' title='bbox 2328 1168 2493 1241; x_wconf 82' lang='lat' dir='ltr'><strong>jussit</strong></span> <span class='ocrx_word' id='word_1_110' title='bbox 2513 1171 2658 1227; x_wconf 86' lang='lat' dir='ltr'><strong>Hist.</strong></span> <span class='ocrx_word' id='word_1_111' title='bbox 2689 1172 2814 1226; x_wconf 89' lang='lat' dir='ltr'><strong>crit.</strong></span> <span class='ocrx_word' id='word_1_112' title='bbox 2845 1173 3004 1227; x_wconf 88' lang='lat' dir='ltr'><strong>Com.</strong></span> <span class='ocrx_word' id='word_1_113' title='bbox 3024 1189 3090 1245; x_wconf 87' lang='lat' dir='ltr'><strong>p.</strong></span> <span class='ocrx_word' id='word_1_114' title='bbox 3121 1170 3266 1245; x_wconf 80' lang='lat'><strong>3²9·</strong></span> 
     </span>
    </p>
   </div>
   <div class='ocr_carea' id='block_1_10' title="bbox 2131 1331 3672 1407">
    <p class='ocr_par' dir='ltr' id='par_1_11' title="bbox 2131 1331 3672 1407">
     <span class='ocr_line' id='line_1_18' title="bbox 2131 1331 3672 1407; baseline 0.003 -20"><span class='ocrx_word' id='word_1_115' title='bbox 2131 1332 2215 1388; x_wconf 81' lang='lat' dir='ltr'><strong>vel</strong></span> <span class='ocrx_word' id='word_1_116' title='bbox 2246 1331 2546 1389; x_wconf 80' lang='lat' dir='ltr'><strong>Barathron</strong></span> <span class='ocrx_word' id='word_1_117' title='bbox 2561 1374 2576 1401; x_wconf 89' lang='lat'>‚</span> <span class='ocrx_word' id='word_1_118' title='bbox 2605 1333 2688 1390; x_wconf 87' lang='lat' dir='ltr'><strong>vel</strong></span> <span class='ocrx_word' id='word_1_119' title='bbox 2712 1333 3028 1391; x_wconf 85' lang='lat' dir='ltr'><strong>Thallusam</strong></span> <span class='ocrx_word' id='word_1_120' title='bbox 3042 1374 3060 1400; x_wconf 85' lang='lat'>‚</span> <span class='ocrx_word' id='word_1_121' title='bbox 3083 1333 3174 1390; x_wconf 88' lang='lat' dir='ltr'><strong>vel</strong></span> <span class='ocrx_word' id='word_1_122' title='bbox 3193 1334 3436 1390; x_wconf 82' lang='lat' dir='ltr'><strong>istarum</strong></span> <span class='ocrx_word' id='word_1_123' title='bbox 3457 1333 3672 1407; x_wconf 66' lang='lat' dir='ltr'><strong>aliquan.</strong></span> 
     </span>
    </p>
   </div>
   <div class='ocr_carea' id='block_1_11' title="bbox 2132 1419 3078 1492">
    <p class='ocr_par' dir='ltr' id='par_1_12' title="bbox 2132 1419 3078 1492">
     <span class='ocr_line' id='line_1_19' title="bbox 2132 1419 3078 1492; baseline 0 -18"><span class='ocrx_word' id='word_1_124' title='bbox 2132 1433 2362 1491; x_wconf 85' lang='lat' dir='ltr'><strong>quarum</strong></span> <span class='ocrx_word' id='word_1_125' title='bbox 2391 1419 2594 1476; x_wconf 85' lang='lat' dir='ltr'><strong>retibus</strong></span> <span class='ocrx_word' id='word_1_126' title='bbox 2617 1419 2898 1492; x_wconf 84' lang='lat' dir='ltr'><strong>implicant</strong></span> <span class='ocrx_word' id='word_1_127' title='bbox 2919 1419 3078 1477; x_wconf 82' lang='lat' dir='ltr'><strong>lenae.</strong></span> 
     </span>
    </p>
   </div>
   <div class='ocr_carea' id='block_1_12' title="bbox 1909 1668 2249 1682">
    <p class='ocr_par' dir='ltr' id='par_1_13' title="bbox 1909 1668 2249 1682">
     <span class='ocr_line' id='line_1_20' title="bbox 1909 1668 2249 1682; baseline -0.006 0"><span class='ocrx_word' id='word_1_128' title='bbox 1909 1668 2249 1682; x_wconf 50' lang='lat' dir='ltr'><strong>—ss</strong></span> 
     </span>
    </p>
   </div>
   <div class='ocr_carea' id='block_1_13' title="bbox 790 1857 3376 2007">
    <p class='ocr_par' dir='ltr' id='par_1_14' title="bbox 790 1857 3376 2007">
     <span class='ocr_line' id='line_1_21' title="bbox 790 1857 3376 2007; baseline -0.002 -33"><span class='ocrx_word' id='word_1_129' title='bbox 790 1857 1309 1975; x_wconf 87' lang='lat' dir='ltr'>NOVAE</span> <span class='ocrx_word' id='word_1_130' title='bbox 1404 1857 2322 1977; x_wconf 90' lang='lat' dir='ltr'>COMOEDIAE</span> <span class='ocrx_word' id='word_1_131' title='bbox 2419 1859 3376 2007; x_wconf 89' lang='lat' dir='ltr'><strong>RELIQUIAE.</strong></span> 
     </span>
    </p>
   </div>
   <div class='ocr_carea' id='block_1_14' title="bbox 1036 2091 1475 2286">
    <p class='ocr_par' dir='ltr' id='par_1_15' title="bbox 1036 2091 1475 2286">
     <span class='ocr_line' id='line_1_22' title="bbox 1112 2091 1407 2152; baseline -0.003 -2"><span class='ocrx_word' id='word_1_132' title='bbox 1112 2091 1407 2152; x_wconf 78' lang='lat' dir='ltr'><strong>Lxxvlt.</strong></span> 
     </span>
     <span class='ocr_line' id='line_1_23' title="bbox 1036 2217 1475 2286; baseline 0 -4"><span class='ocrx_word' id='word_1_133' title='bbox 1036 2217 1475 2286; x_wconf 79' lang='lat' dir='ltr'><strong>PHtLEMO.</strong></span> 
     </span>
    </p>
   </div>
   <div class='ocr_carea' id='block_1_15' title="bbox 994 2473 1665 2676">
    <p class='ocr_par' dir='ltr' id='par_1_16' title="bbox 994 2473 1665 2676">
     <span class='ocr_line' id='line_1_24' title="bbox 1100 2473 1428 2534; baseline -0.003 0"><span class='ocrx_word' id='word_1_134' title='bbox 1100 2473 1428 2534; x_wconf 85' lang='lat' dir='ltr'><strong>Lxxvlu.</strong></span> 
     </span>
     <span class='ocr_line' id='line_1_25' title="bbox 994 2607 1665 2676; baseline 0 -4"><span class='ocrx_word' id='word_1_135' title='bbox 994 2607 1533 2676; x_wconf 81' lang='lat' dir='ltr'><strong>MENANDER.</strong></span> <span class='ocrx_word' id='word_1_136' title='bbox 1652 2619 1665 2629; x_wconf 87' lang='lat'><strong><em>&#39;</em></strong></span> 
     </span>
    </p>
   </div>
   <div class='ocr_carea' id='block_1_16' title="bbox 480 2764 2048 3031">
    <p class='ocr_par' dir='ltr' id='par_1_17' title="bbox 480 2764 2048 3031">
     <span class='ocr_line' id='line_1_26' title="bbox 560 2764 2048 2840; baseline 0.001 -21"><span class='ocrx_word' id='word_1_137' title='bbox 560 2765 783 2819; x_wconf 86' lang='lat' dir='ltr'><strong>Horum</strong></span> <span class='ocrx_word' id='word_1_138' title='bbox 825 2773 1108 2837; x_wconf 83' lang='lat' dir='ltr'><strong>poetarum</strong></span> <span class='ocrx_word' id='word_1_139' title='bbox 1136 2765 1409 2840; x_wconf 82' lang='lat' dir='ltr'><strong>reliquias</strong></span> <span class='ocrx_word' id='word_1_140' title='bbox 1435 2764 1609 2820; x_wconf 85' lang='lat' dir='ltr'><strong>habes</strong></span> <span class='ocrx_word' id='word_1_141' title='bbox 1656 2765 1718 2818; x_wconf 86' lang='lat' dir='ltr'><strong>iu</strong></span> <span class='ocrx_word' id='word_1_142' title='bbox 1766 2779 1835 2820; x_wconf 85' lang='lat' dir='ltr'><strong>eo</strong></span> <span class='ocrx_word' id='word_1_143' title='bbox 1881 2767 2048 2822; x_wconf 79' lang='lat' dir='ltr'><strong>volu·</strong></span> 
     </span>
     <span class='ocr_line' id='line_1_27' title="bbox 480 2858 2043 2937; baseline 0.003 -23"><span class='ocrx_word' id='word_1_144' title='bbox 480 2859 632 2915; x_wconf 87' lang='lat' dir='ltr'><strong>mine</strong></span> <span class='ocrx_word' id='word_1_145' title='bbox 674 2858 835 2933; x_wconf 88' lang='lat' dir='ltr'><strong>quod</strong></span> <span class='ocrx_word' id='word_1_146' title='bbox 884 2859 1322 2935; x_wconf 76' lang='lat' dir='ltr'><strong>Aristophanem</strong></span> <span class='ocrx_word' id='word_1_147' title='bbox 1355 2863 1642 2931; x_wconf 80' lang='lat' dir='ltr'><strong>continet3</strong></span> <span class='ocrx_word' id='word_1_148' title='bbox 1675 2861 1757 2915; x_wconf 82' lang='lat' dir='ltr'><strong>ibi</strong></span> <span class='ocrx_word' id='word_1_149' title='bbox 1808 2873 2043 2937; x_wconf 78' lang='lat' dir='ltr'><strong>praeter·</strong></span> 
     </span>
     <span class='ocr_line' id='line_1_28' title="bbox 480 2954 2042 3031; baseline 0.003 -21"><span class='ocrx_word' id='word_1_150' title='bbox 480 2956 645 3013; x_wconf 78' lang='lat' dir='ltr'><strong>missa</strong></span> <span class='ocrx_word' id='word_1_151' title='bbox 664 2956 923 3030; x_wconf 81' lang='lat' dir='ltr'><strong>quaedam</strong></span> <span class='ocrx_word' id='word_1_152' title='bbox 948 2957 1289 3031; x_wconf 86' lang='lat' dir='ltr'><strong>supplentur</strong></span> <span class='ocrx_word' id='word_1_153' title='bbox 1310 2958 1371 3011; x_wconf 87' lang='lat' dir='ltr'><strong>in</strong></span> <span class='ocrx_word' id='word_1_154' title='bbox 1392 2954 1505 3013; x_wconf 87' lang='lat' dir='ltr'><strong>fine</strong></span> <span class='ocrx_word' id='word_1_155' title='bbox 1522 2958 1831 3014; x_wconf 80' lang='lat' dir='ltr'><strong>voluminis</strong></span> <span class='ocrx_word' id='word_1_156' title='bbox 1849 2958 1950 3031; x_wconf 85' lang='lat' dir='ltr'><strong>huj</strong></span> <span class='ocrx_word' id='word_1_157' title='bbox 1959 2978 2042 3015; x_wconf 82' lang='lat' dir='ltr'><strong>us.</strong></span> 
     </span>
    </p>
   </div>
   <div class='ocr_carea' id='block_1_17' title="bbox 1190 3114 1344 3125">
    <p class='ocr_par' dir='ltr' id='par_1_18' title="bbox 1190 3114 1344 3125">
     <span class='ocr_line' id='line_1_29' title="bbox 1190 3114 1344 3125; baseline 0 0"><span class='ocrx_word' id='word_1_158' title='bbox 1190 3114 1344 3125; x_wconf 95' lang='lat' dir='ltr'><strong> </strong></span> 
     </span>
    </p>
   </div>
   <div class='ocr_carea' id='block_1_18' title="bbox 1042 3170 1496 3421">
    <p class='ocr_par' dir='ltr' id='par_1_19' title="bbox 1042 3170 1496 3421">
     <span class='ocr_line' id='line_1_30' title="bbox 1112 3170 1413 3281; baseline 0 -2"><span class='ocrx_word' id='word_1_159' title='bbox 1112 3170 1413 3281; x_wconf 68' lang='lat' dir='ltr'><strong>Lxxvn.</strong></span> 
     </span>
     <span class='ocr_line' id='line_1_31' title="bbox 1042 3354 1496 3421; baseline 0 0"><span class='ocrx_word' id='word_1_160' title='bbox 1042 3354 1496 3421; x_wconf 86' lang='lat' dir='ltr'><strong>DIPHILUS.</strong></span> 
     </span>
    </p>
   </div>
   <div class='ocr_carea' id='block_1_19' title="bbox 482 3512 2054 4821">
    <p class='ocr_par' dir='ltr' id='par_1_20' title="bbox 482 3512 2054 4821">
     <span class='ocr_line' id='line_1_32' title="bbox 570 3512 2045 3590; baseline 0.002 -24"><span class='ocrx_word' id='word_1_161' title='bbox 570 3540 591 3564; x_wconf 71' lang='lat' dir='ltr'><strong>a</strong></span> <span class='ocrx_word' id='word_1_162' title='bbox 627 3516 682 3569; x_wconf 85' lang='lat' dir='ltr'><strong>ls</strong></span> <span class='ocrx_word' id='word_1_163' title='bbox 708 3514 961 3589; x_wconf 82' lang='lat' dir='ltr'><strong>Sinopen</strong></span> <span class='ocrx_word' id='word_1_164' title='bbox 991 3516 1239 3590; x_wconf 77' lang='lat' dir='ltr'><strong>patriam</strong></span> <span class='ocrx_word' id='word_1_165' title='bbox 1266 3512 1501 3583; x_wconf 82' lang='lat' dir='ltr'><strong>habuit,</strong></span> <span class='ocrx_word' id='word_1_166' title='bbox 1537 3513 1740 3569; x_wconf 86' lang='lat' dir='ltr'><strong>urbem</strong></span> <span class='ocrx_word' id='word_1_167' title='bbox 1768 3512 2045 3569; x_wconf 84' lang='lat' dir='ltr'><strong>bonarum</strong></span> 
     </span>
     <span class='ocr_line' id='line_1_33' title="bbox 482 3598 2043 3675; baseline -0.004 -15"><span class='ocrx_word' id='word_1_168' title='bbox 482 3605 687 3660; x_wconf 83' lang='lat' dir='ltr'><strong>artium</strong></span> <span class='ocrx_word' id='word_1_169' title='bbox 718 3602 919 3657; x_wconf 87' lang='lat' dir='ltr'><strong>studiis</strong></span> <span class='ocrx_word' id='word_1_170' title='bbox 948 3600 1263 3658; x_wconf 86' lang='lat' dir='ltr'><strong>florentem.</strong></span> <span class='ocrx_word' id='word_1_171' title='bbox 1298 3602 1504 3658; x_wconf 85' lang='lat' dir='ltr'><strong>Strabo</strong></span> <span class='ocrx_word' id='word_1_172' title='bbox 1537 3620 1603 3656; x_wconf 69' lang='grc' dir='ltr'><strong>ια</strong></span> <span class='ocrx_word' id='word_1_173' title='bbox 1625 3642 1640 3671; x_wconf 92' lang='grc'><strong>,</strong></span> <span class='ocrx_word' id='word_1_174' title='bbox 1675 3620 1735 3675; x_wconf 92' lang='lat' dir='ltr'><strong>p.</strong></span> <span class='ocrx_word' id='word_1_175' title='bbox 1774 3600 1912 3670; x_wconf 75' lang='lat'><strong>546,</strong></span> <span class='ocrx_word' id='word_1_176' title='bbox 1943 3598 2043 3655; x_wconf 79' lang='grc' dir='ltr'><strong>ἄν-</strong></span> 
     </span>
     <span class='ocr_line' id='line_1_34' title="bbox 484 3686 2049 3767; baseline 0 -22"><span class='ocrx_word' id='word_1_177' title='bbox 484 3692 618 3765; x_wconf 83' lang='grc' dir='ltr'><strong>δρας.</strong></span> <span class='ocrx_word' id='word_1_178' title='bbox 638 3686 693 3745; x_wconf 75' lang='grc' dir='ltr'><strong>δὲ</strong></span> <span class='ocrx_word' id='word_1_179' title='bbox 722 3686 993 3765; x_wconf 70' lang='grc' dir='ltr'><strong>ἐξήνεγκεν</strong></span> <span class='ocrx_word' id='word_1_180' title='bbox 1046 3687 1326 3765; x_wconf 84' lang='lat' dir='ltr'><strong>(Sinope)</strong></span> <span class='ocrx_word' id='word_1_181' title='bbox 1370 3686 1594 3767; x_wconf 74' lang='grc' dir='ltr'><strong>ἀγαθοὺς</strong></span> <span class='ocrx_word' id='word_1_182' title='bbox 1638 3690 1742 3744; x_wconf 82' lang='grc' dir='ltr'><strong>τῶν</strong></span> <span class='ocrx_word' id='word_1_183' title='bbox 1772 3686 1867 3761; x_wconf 76' lang='grc' dir='ltr'><strong>μὲν</strong></span> <span class='ocrx_word' id='word_1_184' title='bbox 1902 3688 2049 3766; x_wconf 82' lang='grc' dir='ltr'><strong>φιλο-</strong></span> 
     </span>
     <span class='ocr_line' id='line_1_35' title="bbox 484 3772 2052 3855; baseline -0.001 -22"><span class='ocrx_word' id='word_1_185' title='bbox 484 3777 656 3855; x_wconf 77' lang='grc' dir='ltr'><strong>σόφων</strong></span> <span class='ocrx_word' id='word_1_186' title='bbox 695 3774 915 3851; x_wconf 79' lang='grc' dir='ltr'><strong>Διογένη</strong></span> <span class='ocrx_word' id='word_1_187' title='bbox 952 3777 1041 3833; x_wconf 85' lang='grc' dir='ltr'><strong>τὸν</strong></span> <span class='ocrx_word' id='word_1_188' title='bbox 1080 3775 1307 3835; x_wconf 81' lang='grc' dir='ltr'><strong>Κυνικὸν</strong></span> <span class='ocrx_word' id='word_1_189' title='bbox 1326 3819 1342 3848; x_wconf 93' lang='grc'><strong>,</strong></span> <span class='ocrx_word' id='word_1_190' title='bbox 1387 3774 1477 3833; x_wconf 76' lang='grc' dir='ltr'><strong>καὶ</strong></span> <span class='ocrx_word' id='word_1_191' title='bbox 1516 3773 1779 3850; x_wconf 84' lang='grc' dir='ltr'><strong>Τιμόθεον</strong></span> <span class='ocrx_word' id='word_1_192' title='bbox 1818 3772 1907 3831; x_wconf 82' lang='grc' dir='ltr'><strong>τὸν</strong></span> <span class='ocrx_word' id='word_1_193' title='bbox 1935 3776 2052 3834; x_wconf 86' lang='grc' dir='ltr'><strong>Πα-</strong></span> 
     </span>
     <span class='ocr_line' id='line_1_36' title="bbox 482 3860 2052 3943; baseline 0.001 -24"><span class='ocrx_word' id='word_1_194' title='bbox 482 3864 674 3942; x_wconf 77' lang='grc' dir='ltr'><strong>τρίωνα</strong></span> <span class='ocrx_word' id='word_1_195' title='bbox 712 3865 769 3939; x_wconf 73' lang='lat'><strong>(3³</strong></span> <span class='ocrx_word' id='word_1_196' title='bbox 792 3864 926 3922; x_wconf 83' lang='lat' dir='ltr'><strong>fort.</strong></span> <span class='ocrx_word' id='word_1_197' title='bbox 968 3864 1055 3923; x_wconf 80' lang='grc' dir='ltr'><strong>τὸν</strong></span> <span class='ocrx_word' id='word_1_198' title='bbox 1094 3862 1304 3943; x_wconf 55' lang='lat' dir='ltr'><strong>Ilm-pff</strong></span> <span class='ocrx_word' id='word_1_199' title='bbox 1339 3860 1495 3933; x_wconf 84' lang='grc' dir='ltr'><strong>ὄντα,</strong></span> <span class='ocrx_word' id='word_1_200' title='bbox 1528 3866 1707 3921; x_wconf 80' lang='lat' dir='ltr'><strong>Patris</strong></span> <span class='ocrx_word' id='word_1_201' title='bbox 1750 3867 1809 3919; x_wconf 87' lang='lat' dir='ltr'><strong>in</strong></span> <span class='ocrx_word' id='word_1_202' title='bbox 1834 3864 2052 3937; x_wconf 87' lang='lat' dir='ltr'><strong>Achaja</strong></span> 
     </span>
     <span class='ocr_line' id='line_1_37' title="bbox 485 3948 2052 4029; baseline -0.001 -20"><span class='ocrx_word' id='word_1_203' title='bbox 485 3953 811 4011; x_wconf 87' lang='lat' dir='ltr'><strong>oriundum.</strong></span> <span class='ocrx_word' id='word_1_204' title='bbox 830 3952 996 4009; x_wconf 75' lang='lat' dir='ltr'><strong>Both.</strong></span> <span class='ocrx_word' id='word_1_205' title='bbox 1018 3954 1061 4029; x_wconf 89' lang='lat'><strong>),</strong></span> <span class='ocrx_word' id='word_1_206' title='bbox 1086 3954 1188 4009; x_wconf 79' lang='grc' dir='ltr'><strong>τῶν</strong></span> <span class='ocrx_word' id='word_1_207' title='bbox 1210 3950 1264 4008; x_wconf 85' lang='grc' dir='ltr'><strong>δὲ</strong></span> <span class='ocrx_word' id='word_1_208' title='bbox 1284 3952 1515 4022; x_wconf 80' lang='grc' dir='ltr'><strong>ποιητῶν</strong></span> <span class='ocrx_word' id='word_1_209' title='bbox 1536 3948 1751 4029; x_wconf 76' lang='grc' dir='ltr'><strong>Δίφιλον</strong></span> <span class='ocrx_word' id='word_1_210' title='bbox 1777 3952 1863 4009; x_wconf 87' lang='grc' dir='ltr'><strong>τὸν</strong></span> <span class='ocrx_word' id='word_1_211' title='bbox 1892 3974 2052 4026; x_wconf 82' lang='grc' dir='ltr'><strong>κωμι-</strong></span> 
     </span>
     <span class='ocr_line' id='line_1_38' title="bbox 484 4038 2052 4118; baseline 0 -21"><span class='ocrx_word' id='word_1_212' title='bbox 484 4041 593 4099; x_wconf 82' lang='grc' dir='ltr'><strong>κόν.</strong></span> <span class='ocrx_word' id='word_1_213' title='bbox 620 4048 951 4115; x_wconf 80' lang='lat' dir='ltr'><strong>Anonymus</strong></span> <span class='ocrx_word' id='word_1_214' title='bbox 974 4044 1059 4098; x_wconf 88' lang='lat' dir='ltr'><strong>De</strong></span> <span class='ocrx_word' id='word_1_215' title='bbox 1086 4042 1253 4100; x_wconf 88' lang='lat' dir='ltr'><strong>Com.</strong></span> <span class='ocrx_word' id='word_1_216' title='bbox 1282 4061 1343 4115; x_wconf 89' lang='lat' dir='ltr'><strong>p.</strong></span> <span class='ocrx_word' id='word_1_217' title='bbox 1382 4060 1459 4097; x_wconf 82' lang='lat' dir='ltr'><strong>xv</strong></span> <span class='ocrx_word' id='word_1_218' title='bbox 1493 4060 1507 4096; x_wconf 90' lang='lat'><strong>:</strong></span> <span class='ocrx_word' id='word_1_219' title='bbox 1536 4039 1750 4118; x_wconf 77' lang='grc' dir='ltr'><strong>Δίφιλος</strong></span> <span class='ocrx_word' id='word_1_220' title='bbox 1786 4038 2052 4107; x_wconf 82' lang='grc' dir='ltr'><strong>Σινωπεὺς</strong></span> 
     </span>
     <span class='ocr_line' id='line_1_39' title="bbox 484 4120 2045 4208; baseline 0.002 -23"><span class='ocrx_word' id='word_1_221' title='bbox 484 4126 622 4186; x_wconf 77' lang='grc' dir='ltr'>κατὰ</span> <span class='ocrx_word' id='word_1_222' title='bbox 653 4128 741 4186; x_wconf 86' lang='grc' dir='ltr'><strong>τὸν</strong></span> <span class='ocrx_word' id='word_1_223' title='bbox 778 4127 932 4185; x_wconf 79' lang='grc' dir='ltr'><strong>αὐτὸν</strong></span> <span class='ocrx_word' id='word_1_224' title='bbox 969 4127 1154 4208; x_wconf 87' lang='grc' dir='ltr'><strong>χρόνον</strong></span> <span class='ocrx_word' id='word_1_225' title='bbox 1198 4126 1397 4196; x_wconf 76' lang='grc' dir='ltr'>ἐδίδαξε</span> <span class='ocrx_word' id='word_1_226' title='bbox 1436 4127 1729 4207; x_wconf 79' lang='grc' dir='ltr'><strong>Μενάνδρῳ</strong></span> <span class='ocrx_word' id='word_1_227' title='bbox 1758 4120 1942 4203; x_wconf 84' lang='lat' dir='ltr'><strong>(circa</strong></span> <span class='ocrx_word' id='word_1_228' title='bbox 1992 4148 2045 4189; x_wconf 79' lang='lat' dir='ltr'><strong>a.</strong></span> 
     </span>
     <span class='ocr_line' id='line_1_40' title="bbox 488 4214 2051 4295; baseline 0.001 -24"><span class='ocrx_word' id='word_1_229' title='bbox 488 4216 597 4285; x_wconf 83' lang='lat'><strong>337</strong></span> <span class='ocrx_word' id='word_1_230' title='bbox 643 4227 771 4271; x_wconf 85' lang='lat' dir='ltr'><strong>ante</strong></span> <span class='ocrx_word' id='word_1_231' title='bbox 816 4218 947 4274; x_wconf 81' lang='lat' dir='ltr'><strong>chr.</strong></span> <span class='ocrx_word' id='word_1_232' title='bbox 991 4217 1171 4292; x_wconf 87' lang='lat' dir='ltr'><strong>nat.),</strong></span> <span class='ocrx_word' id='word_1_233' title='bbox 1218 4216 1436 4295; x_wconf 71' lang='grc' dir='ltr'>τελευτᾷ</span> <span class='ocrx_word' id='word_1_234' title='bbox 1486 4214 1532 4271; x_wconf 83' lang='grc' dir='ltr'><strong>δ’</strong></span> <span class='ocrx_word' id='word_1_235' title='bbox 1567 4215 1619 4272; x_wconf 80' lang='grc' dir='ltr'><strong>ἐν</strong></span> <span class='ocrx_word' id='word_1_236' title='bbox 1665 4215 1905 4294; x_wconf 82' lang='grc' dir='ltr'><strong>Σμύρνῃ.</strong></span> <span class='ocrx_word' id='word_1_237' title='bbox 1939 4218 2051 4291; x_wconf 91' lang='lat' dir='ltr'><strong>Qui</strong></span> 
     </span>
     <span class='ocr_line' id='line_1_41' title="bbox 485 4304 2053 4379; baseline 0.001 -20"><span class='ocrx_word' id='word_1_238' title='bbox 485 4322 615 4359; x_wconf 87' lang='lat' dir='ltr'><strong>eum</strong></span> <span class='ocrx_word' id='word_1_239' title='bbox 652 4304 1125 4379; x_wconf 77' lang='lat' dir='ltr'><strong>praestantissimis</strong></span> <span class='ocrx_word' id='word_1_240' title='bbox 1174 4323 1337 4360; x_wconf 84' lang='lat' dir='ltr'><strong>novae</strong></span> <span class='ocrx_word' id='word_1_241' title='bbox 1382 4304 1677 4359; x_wconf 82' lang='lat' dir='ltr'><strong>comoediae</strong></span> <span class='ocrx_word' id='word_1_242' title='bbox 1722 4306 2053 4360; x_wconf 89' lang='lat' dir='ltr'><strong>auctoribus</strong></span> 
     </span>
     <span class='ocr_line' id='line_1_42' title="bbox 484 4390 2054 4467; baseline 0.001 -20"><span class='ocrx_word' id='word_1_243' title='bbox 484 4403 777 4459; x_wconf 84' lang='lat' dir='ltr'><strong>accenset,</strong></span> <span class='ocrx_word' id='word_1_244' title='bbox 820 4410 997 4465; x_wconf 88' lang='lat' dir='ltr'><strong>quum</strong></span> <span class='ocrx_word' id='word_1_245' title='bbox 1029 4394 1386 4465; x_wconf 85' lang='lat' dir='ltr'><strong>aliquatenus</strong></span> <span class='ocrx_word' id='word_1_246' title='bbox 1422 4392 1621 4447; x_wconf 83' lang='lat' dir='ltr'><strong>mediae</strong></span> <span class='ocrx_word' id='word_1_247' title='bbox 1650 4390 1857 4447; x_wconf 81' lang='lat' dir='ltr'><strong>referat</strong></span> <span class='ocrx_word' id='word_1_248' title='bbox 1900 4395 2054 4467; x_wconf 85' lang='lat' dir='ltr'><strong>inge-</strong></span> 
     </span>
     <span class='ocr_line' id='line_1_43' title="bbox 483 4480 2052 4555; baseline 0.001 -20"><span class='ocrx_word' id='word_1_249' title='bbox 483 4481 643 4535; x_wconf 88' lang='lat' dir='ltr'><strong>nium</strong></span> <span class='ocrx_word' id='word_1_250' title='bbox 672 4480 935 4554; x_wconf 79' lang='lat' dir='ltr'><strong>mythicis</strong></span> <span class='ocrx_word' id='word_1_251' title='bbox 967 4482 1339 4555; x_wconf 82' lang='lat' dir='ltr'><strong>argumentis,</strong></span> <span class='ocrx_word' id='word_1_252' title='bbox 1379 4498 1503 4553; x_wconf 84' lang='lat' dir='ltr'><strong>quae</strong></span> <span class='ocrx_word' id='word_1_253' title='bbox 1548 4480 1901 4553; x_wconf 83' lang='lat' dir='ltr'><strong>frequentat3</strong></span> <span class='ocrx_word' id='word_1_254' title='bbox 1935 4498 2052 4553; x_wconf 88' lang='lat' dir='ltr'><strong>quo</strong></span> 
     </span>
     <span class='ocr_line' id='line_1_44' title="bbox 482 4566 2054 4644; baseline -0.001 -19"><span class='ocrx_word' id='word_1_255' title='bbox 482 4570 735 4643; x_wconf 82' lang='lat' dir='ltr'><strong>pertinet</strong></span> <span class='ocrx_word' id='word_1_256' title='bbox 780 4568 952 4625; x_wconf 85' lang='lat' dir='ltr'><strong>etiam</strong></span> <span class='ocrx_word' id='word_1_257' title='bbox 1000 4569 1189 4625; x_wconf 83' lang='lat' dir='ltr'><strong>sabula</strong></span> <span class='ocrx_word' id='word_1_258' title='bbox 1228 4568 1461 4644; x_wconf 82' lang='lat' dir='ltr'><strong>Sappho</strong></span> <span class='ocrx_word' id='word_1_259' title='bbox 1514 4568 1801 4643; x_wconf 85' lang='lat' dir='ltr'><strong>inscripta.</strong></span> <span class='ocrx_word' id='word_1_260' title='bbox 1836 4566 2054 4624; x_wconf 85' lang='lat' dir='ltr'><strong>Eodem</strong></span> 
     </span>
     <span class='ocr_line' id='line_1_45' title="bbox 485 4656 2054 4731; baseline 0 -18"><span class='ocrx_word' id='word_1_261' title='bbox 485 4660 789 4731; x_wconf 77' lang='lat' dir='ltr'><strong>Anonymo</strong></span> <span class='ocrx_word' id='word_1_262' title='bbox 818 4666 1053 4712; x_wconf 88' lang='lat' dir='ltr'><strong>auctore</strong></span> <span class='ocrx_word' id='word_1_263' title='bbox 1095 4656 1295 4713; x_wconf 89' lang='lat' dir='ltr'><strong>docuit</strong></span> <span class='ocrx_word' id='word_1_264' title='bbox 1338 4668 1560 4713; x_wconf 81' lang='lat' dir='ltr'><strong>centum</strong></span> <span class='ocrx_word' id='word_1_265' title='bbox 1606 4656 1949 4726; x_wconf 87' lang='lat' dir='ltr'><strong>comoedias,</strong></span> <span class='ocrx_word' id='word_1_266' title='bbox 1993 4659 2054 4713; x_wconf 86' lang='lat' dir='ltr'><strong>in</strong></span> 
     </span>
     <span class='ocr_line' id='line_1_46' title="bbox 485 4746 2048 4821; baseline 0.001 -20"><span class='ocrx_word' id='word_1_267' title='bbox 485 4746 697 4821; x_wconf 86' lang='lat' dir='ltr'><strong>quibus</strong></span> <span class='ocrx_word' id='word_1_268' title='bbox 721 4755 882 4801; x_wconf 85' lang='lat' dir='ltr'><strong>erant</strong></span> <span class='ocrx_word' id='word_1_269' title='bbox 924 4763 1065 4820; x_wconf 83' lang='lat' dir='ltr'><strong>quas</strong></span> <span class='ocrx_word' id='word_1_270' title='bbox 1103 4746 1223 4821; x_wconf 87' lang='lat' dir='ltr'><strong>ipse</strong></span> <span class='ocrx_word' id='word_1_271' title='bbox 1254 4746 1315 4800; x_wconf 90' lang='lat' dir='ltr'><strong>in</strong></span> <span class='ocrx_word' id='word_1_272' title='bbox 1347 4763 1513 4802; x_wconf 86' lang='lat' dir='ltr'><strong>scena</strong></span> <span class='ocrx_word' id='word_1_273' title='bbox 1542 4747 1681 4821; x_wconf 84' lang='lat' dir='ltr'><strong>egit,</strong></span> <span class='ocrx_word' id='word_1_274' title='bbox 1712 4756 1851 4802; x_wconf 89' lang='lat' dir='ltr'><strong>teste</strong></span> <span class='ocrx_word' id='word_1_275' title='bbox 1890 4748 2048 4820; x_wconf 76' lang='lat' dir='ltr'><strong>Lyn·</strong></span> 
     </span>
    </p>
   </div>
   <div class='ocr_carea' id='block_1_20' title="bbox 2137 2093 3686 2520">
    <p class='ocr_par' dir='ltr' id='par_1_21' title="bbox 2137 2093 3686 2520">
     <span class='ocr_line' id='line_1_47' title="bbox 2137 2093 3684 2172; baseline 0.003 -23"><span class='ocrx_word' id='word_1_276' title='bbox 2137 2111 2253 2170; x_wconf 79' lang='lat' dir='ltr'><strong>prae</strong></span> <span class='ocrx_word' id='word_1_277' title='bbox 2291 2093 2417 2148; x_wconf 88' lang='lat' dir='ltr'><strong>aliis</strong></span> <span class='ocrx_word' id='word_1_278' title='bbox 2448 2093 2871 2164; x_wconf 84' lang='lat' dir='ltr'><strong>meretricibus,</strong></span> <span class='ocrx_word' id='word_1_279' title='bbox 2910 2093 3065 2150; x_wconf 80' lang='lat' dir='ltr'><strong>velut</strong></span> <span class='ocrx_word' id='word_1_280' title='bbox 3085 2095 3388 2168; x_wconf 68' lang='lat' dir='ltr'><strong>Myrrhina</strong></span> <span class='ocrx_word' id='word_1_281' title='bbox 3419 2099 3684 2172; x_wconf 76' lang='lat' dir='ltr'><strong>(Alciphr.</strong></span> 
     </span>
     <span class='ocr_line' id='line_1_48' title="bbox 2141 2179 3685 2258; baseline 0.001 -19"><span class='ocrx_word' id='word_1_282' title='bbox 2141 2179 2322 2258; x_wconf 85' lang='lat' dir='ltr'><strong>Epist.</strong></span> <span class='ocrx_word' id='word_1_283' title='bbox 2355 2200 2409 2252; x_wconf 78' lang='grc' dir='ltr'><strong>ι,</strong></span> <span class='ocrx_word' id='word_1_284' title='bbox 2441 2179 2576 2255; x_wconf 85' lang='grc'><strong>37),</strong></span> <span class='ocrx_word' id='word_1_285' title='bbox 2604 2181 2994 2238; x_wconf 83' lang='lat' dir='ltr'><strong>Gnathaenam.</strong></span> <span class='ocrx_word' id='word_1_286' title='bbox 3027 2182 3344 2254; x_wconf 86' lang='lat' dir='ltr'><strong>Orationis,</strong></span> <span class='ocrx_word' id='word_1_287' title='bbox 3373 2204 3493 2258; x_wconf 85' lang='lat' dir='ltr'><strong>qua</strong></span> <span class='ocrx_word' id='word_1_288' title='bbox 3519 2187 3685 2241; x_wconf 80' lang='lat' dir='ltr'><strong>nteha-</strong></span> 
     </span>
     <span class='ocr_line' id='line_1_49' title="bbox 2139 2271 3686 2350; baseline 0.004 -26"><span class='ocrx_word' id='word_1_289' title='bbox 2139 2279 2254 2338; x_wconf 86' lang='lat' dir='ltr'><strong>tur,</strong></span> <span class='ocrx_word' id='word_1_290' title='bbox 2284 2288 2352 2326; x_wconf 87' lang='lat' dir='ltr'><strong>ea</strong></span> <span class='ocrx_word' id='word_1_291' title='bbox 2372 2281 2456 2326; x_wconf 91' lang='lat' dir='ltr'><strong>est</strong></span> <span class='ocrx_word' id='word_1_292' title='bbox 2495 2271 2677 2340; x_wconf 77' lang='lat' dir='ltr'><strong>ratio,</strong></span> <span class='ocrx_word' id='word_1_293' title='bbox 2709 2281 2775 2326; x_wconf 89' lang='lat' dir='ltr'><strong>ut</strong></span> <span class='ocrx_word' id='word_1_294' title='bbox 2801 2282 2859 2328; x_wconf 86' lang='lat' dir='ltr'><strong>et</strong></span> <span class='ocrx_word' id='word_1_295' title='bbox 2901 2272 3280 2345; x_wconf 83' lang='lat' dir='ltr'><strong>simplicitatis</strong></span> <span class='ocrx_word' id='word_1_296' title='bbox 3319 2285 3380 2329; x_wconf 85' lang='lat' dir='ltr'><strong>et</strong></span> <span class='ocrx_word' id='word_1_297' title='bbox 3423 2277 3686 2350; x_wconf 64' lang='lat' dir='ltr'><strong>elegant&#39;ae</strong></span> 
     </span>
     <span class='ocr_line' id='line_1_50' title="bbox 2137 2357 3686 2436; baseline 0.001 -21"><span class='ocrx_word' id='word_1_298' title='bbox 2137 2359 2305 2416; x_wconf 88' lang='lat' dir='ltr'><strong>laude</strong></span> <span class='ocrx_word' id='word_1_299' title='bbox 2334 2357 2797 2430; x_wconf 76' lang='lat' dir='ltr'><strong>coinmeudetur3</strong></span> <span class='ocrx_word' id='word_1_300' title='bbox 2831 2376 2951 2414; x_wconf 85' lang='lat' dir='ltr'><strong>nou</strong></span> <span class='ocrx_word' id='word_1_301' title='bbox 2980 2358 3186 2423; x_wconf 82' lang='lat' dir='ltr'><strong>desunt</strong></span> <span class='ocrx_word' id='word_1_302' title='bbox 3227 2371 3424 2418; x_wconf 84' lang='lat' dir='ltr'><strong>tamen</strong></span> <span class='ocrx_word' id='word_1_303' title='bbox 3443 2405 3461 2432; x_wconf 91' lang='lat'><strong>,</strong></span> <span class='ocrx_word' id='word_1_304' title='bbox 3497 2364 3686 2436; x_wconf 74' lang='lat' dir='ltr'><strong>quaeab</strong></span> 
     </span>
     <span class='ocr_line' id='line_1_51' title="bbox 2139 2446 3685 2520; baseline 0.001 -18"><span class='ocrx_word' id='word_1_305' title='bbox 2139 2448 2530 2520; x_wconf 88' lang='lat' dir='ltr'><strong>antiquiorum</strong></span> <span class='ocrx_word' id='word_1_306' title='bbox 2556 2447 2880 2502; x_wconf 87' lang='lat' dir='ltr'><strong>Atticorum</strong></span> <span class='ocrx_word' id='word_1_307' title='bbox 2911 2446 3194 2504; x_wconf 82' lang='lat' dir='ltr'><strong>munditie</strong></span> <span class='ocrx_word' id='word_1_308' title='bbox 3216 2461 3278 2504; x_wconf 84' lang='lat' dir='ltr'><strong>et</strong></span> <span class='ocrx_word' id='word_1_309' title='bbox 3297 2452 3560 2506; x_wconf 81' lang='lat' dir='ltr'><strong>castitate</strong></span> <span class='ocrx_word' id='word_1_310' title='bbox 3585 2453 3685 2506; x_wconf 86' lang='lat' dir='ltr'><strong>lon-</strong></span> 
     </span>
    </p>
   </div>
   <div class='ocr_carea' id='block_1_21' title="bbox 2139 2533 3686 2698">
    <p class='ocr_par' dir='ltr' id='par_1_22' title="bbox 2139 2533 3686 2698">
     <span class='ocr_line' id='line_1_52' title="bbox 2143 2533 3686 2610; baseline 0.003 -21"><span class='ocrx_word' id='word_1_311' title='bbox 2143 2535 2270 2610; x_wconf 83' lang='lat' dir='ltr'><strong>gius</strong></span> <span class='ocrx_word' id='word_1_312' title='bbox 2295 2533 2582 2590; x_wconf 85' lang='lat' dir='ltr'><strong>recedant.</strong></span> <span class='ocrx_word' id='word_1_313' title='bbox 2622 2559 2645 2583; x_wconf 82' lang='grc' dir='ltr'><strong>υ</strong></span> <span class='ocrx_word' id='word_1_314' title='bbox 2693 2535 2871 2590; x_wconf 74' lang='lat' dir='ltr'><strong>Mein.</strong></span> <span class='ocrx_word' id='word_1_315' title='bbox 2890 2576 2909 2609; x_wconf 89' lang='lat'><strong>,</strong></span> <span class='ocrx_word' id='word_1_316' title='bbox 2935 2536 3036 2610; x_wconf 82' lang='lat' dir='ltr'><strong>qui</strong></span> <span class='ocrx_word' id='word_1_317' title='bbox 3065 2535 3234 2592; x_wconf 87' lang='lat' dir='ltr'><strong>docte</strong></span> <span class='ocrx_word' id='word_1_318' title='bbox 3271 2537 3346 2594; x_wconf 89' lang='lat' dir='ltr'><strong>de</strong></span> <span class='ocrx_word' id='word_1_319' title='bbox 3389 2537 3686 2594; x_wconf 75' lang='lat' dir='ltr'><strong>fabularum</strong></span> 
     </span>
     <span class='ocr_line' id='line_1_53' title="bbox 2139 2622 3348 2698; baseline 0.002 -21"><span class='ocrx_word' id='word_1_320' title='bbox 2139 2623 2314 2678; x_wconf 86' lang='lat' dir='ltr'><strong>titulis</strong></span> <span class='ocrx_word' id='word_1_321' title='bbox 2340 2622 2606 2679; x_wconf 84' lang='lat' dir='ltr'><strong>disseruit</strong></span> <span class='ocrx_word' id='word_1_322' title='bbox 2631 2623 2778 2678; x_wconf 83' lang='lat' dir='ltr'><strong>nist.</strong></span> <span class='ocrx_word' id='word_1_323' title='bbox 2807 2623 2932 2680; x_wconf 88' lang='lat' dir='ltr'><strong>crit.</strong></span> <span class='ocrx_word' id='word_1_324' title='bbox 2967 2641 3030 2698; x_wconf 88' lang='lat' dir='ltr'><strong>p.</strong></span> <span class='ocrx_word' id='word_1_325' title='bbox 3057 2623 3348 2698; x_wconf 69' lang='lat'><strong>449-457.</strong></span> 
     </span>
    </p>
   </div>
   <div class='ocr_carea' id='block_1_22' title="bbox 2715 2758 3118 2818">
    <p class='ocr_par' dir='ltr' id='par_1_23' title="bbox 2715 2758 3118 2818">
     <span class='ocr_line' id='line_1_54' title="bbox 2715 2758 3118 2818; baseline -0.002 0"><span class='ocrx_word' id='word_1_326' title='bbox 2715 2760 2766 2817; x_wconf 92' lang='lat'><strong>1.</strong></span> <span class='ocrx_word' id='word_1_327' title='bbox 2811 2758 3118 2818; x_wconf 77' lang='grc' dir='ltr'><strong>ΑΓΝΟῙΑ.</strong></span> 
     </span>
    </p>
   </div>
   <div class='ocr_carea' id='block_1_23' title="bbox 2141 2879 3686 3055">
    <p class='ocr_par' dir='ltr' id='par_1_24' title="bbox 2141 2879 3686 3055">
     <span class='ocr_line' id='line_1_55' title="bbox 2223 2879 3686 2956; baseline 0 -19"><span class='ocrx_word' id='word_1_328' title='bbox 2223 2883 2393 2938; x_wconf 83' lang='lat' dir='ltr'><strong>Erant</strong></span> <span class='ocrx_word' id='word_1_329' title='bbox 2427 2882 2526 2956; x_wconf 89' lang='lat' dir='ltr'><strong>qui</strong></span> <span class='ocrx_word' id='word_1_330' title='bbox 2575 2881 2724 2937; x_wconf 86' lang='lat' dir='ltr'><strong>hanc</strong></span> <span class='ocrx_word' id='word_1_331' title='bbox 2769 2880 3018 2937; x_wconf 83' lang='lat' dir='ltr'><strong>fabulam</strong></span> <span class='ocrx_word' id='word_1_332' title='bbox 3057 2879 3326 2943; x_wconf 74' lang='lat' dir='ltr'><strong>Calliadae</strong></span> <span class='ocrx_word' id='word_1_333' title='bbox 3369 2884 3686 2944; x_wconf 78' lang='lat' dir='ltr'><strong>tribuerent,</strong></span> 
     </span>
     <span class='ocr_line' id='line_1_56' title="bbox 2141 2980 2824 3055; baseline 0.003 -20"><span class='ocrx_word' id='word_1_334' title='bbox 2141 2991 2321 3054; x_wconf 78' lang='lat' dir='ltr'><strong>poetae</strong></span> <span class='ocrx_word' id='word_1_335' title='bbox 2346 2980 2576 3036; x_wconf 86' lang='lat' dir='ltr'><strong>aliunde</strong></span> <span class='ocrx_word' id='word_1_336' title='bbox 2603 2982 2824 3055; x_wconf 79' lang='lat' dir='ltr'><strong>ignoto·</strong></span> 
     </span>
    </p>
   </div>
   <div class='ocr_carea' id='block_1_24' title="bbox 2901 3109 2954 3144">
    <p class='ocr_par' dir='ltr' id='par_1_25' title="bbox 2901 3109 2954 3144">
     <span class='ocr_line' id='line_1_57' title="bbox 2901 3109 2954 3144; baseline -0.019 0"><span class='ocrx_word' id='word_1_337' title='bbox 2901 3109 2954 3144; x_wconf 87' lang='lat'><strong>1.</strong></span> 
     </span>
    </p>
   </div>
   <div class='ocr_carea' id='block_1_25' title="bbox 2145 3198 3686 3369">
    <p class='ocr_par' dir='ltr' id='par_1_26' title="bbox 2145 3198 3686 3369">
     <span class='ocr_line' id='line_1_58' title="bbox 2221 3198 3684 3279; baseline 0 -22"><span class='ocrx_word' id='word_1_338' title='bbox 2221 3203 2428 3261; x_wconf 79' lang='lat' dir='ltr'><strong>Athen.</strong></span> <span class='ocrx_word' id='word_1_339' title='bbox 2453 3224 2511 3278; x_wconf 87' lang='lat'><strong>9,</strong></span> <span class='ocrx_word' id='word_1_340' title='bbox 2537 3223 2597 3278; x_wconf 91' lang='lat' dir='ltr'><strong>p.</strong></span> <span class='ocrx_word' id='word_1_341' title='bbox 2631 3210 2767 3271; x_wconf 75' lang='lat'><strong>401,</strong></span> <span class='ocrx_word' id='word_1_342' title='bbox 2801 3206 2848 3258; x_wconf 80' lang='lat' dir='ltr'>A</span> <span class='ocrx_word' id='word_1_343' title='bbox 2877 3222 2892 3257; x_wconf 75' lang='grc' dir='ltr'><em>τ</em></span> <span class='ocrx_word' id='word_1_344' title='bbox 2923 3202 3212 3258; x_wconf 74' lang='grc' dir='ltr'><strong>καλοῦνται</strong></span> <span class='ocrx_word' id='word_1_345' title='bbox 3241 3198 3302 3258; x_wconf 77' lang='grc' dir='ltr'><strong>δέ</strong></span> <span class='ocrx_word' id='word_1_346' title='bbox 3329 3225 3470 3269; x_wconf 78' lang='grc' dir='ltr'><strong>τινες</strong></span> <span class='ocrx_word' id='word_1_347' title='bbox 3495 3204 3576 3258; x_wconf 74' lang='grc' dir='ltr'><strong>καὶ</strong></span> <span class='ocrx_word' id='word_1_348' title='bbox 3611 3224 3684 3279; x_wconf 73' lang='grc' dir='ltr'><strong>χε-</strong></span> 
     </span>
     <span class='ocr_line' id='line_1_59' title="bbox 2145 3286 3686 3369; baseline 0 -23"><span class='ocrx_word' id='word_1_349' title='bbox 2145 3288 2370 3347; x_wconf 82' lang='grc' dir='ltr'><strong>λιδονίαι</strong></span> <span class='ocrx_word' id='word_1_350' title='bbox 2395 3288 2612 3363; x_wconf 74' lang='grc' dir='ltr'><strong>λαγωοί.</strong></span> <span class='ocrx_word' id='word_1_351' title='bbox 2653 3288 2972 3365; x_wconf 79' lang='grc' dir='ltr'><strong>μνημονεύει</strong></span> <span class='ocrx_word' id='word_1_352' title='bbox 2994 3286 3038 3347; x_wconf 80' lang='grc' dir='ltr'><strong>δ’</strong></span> <span class='ocrx_word' id='word_1_353' title='bbox 3063 3289 3240 3347; x_wconf 77' lang='grc' dir='ltr'><strong>αὐτῶν</strong></span> <span class='ocrx_word' id='word_1_354' title='bbox 3259 3288 3530 3369; x_wconf 72' lang='grc' dir='ltr'><strong>Δίφιλοςῆ</strong></span> <span class='ocrx_word' id='word_1_355' title='bbox 3555 3290 3686 3349; x_wconf 75' lang='grc' dir='ltr'>Καλ-</span> 
     </span>
    </p>
   </div>
   <div class='ocr_carea' id='block_1_26' title="bbox 2019 3373 2840 3463">
    <p class='ocr_par' dir='ltr' id='par_1_27' title="bbox 2019 3373 2840 3463">
     <span class='ocr_line' id='line_1_60' title="bbox 2019 3373 2840 3463; baseline 0.005 -31"><span class='ocrx_word' id='word_1_356' title='bbox 2019 3458 2026 3463; x_wconf 90' lang='lat'><strong>.</strong></span> <span class='ocrx_word' id='word_1_357' title='bbox 2139 3375 2321 3447; x_wconf 77' lang='grc' dir='ltr'><strong>λιᾶδης</strong></span> <span class='ocrx_word' id='word_1_358' title='bbox 2351 3380 2405 3435; x_wconf 72' lang='grc' dir='ltr'><strong>ἓν</strong></span> <span class='ocrx_word' id='word_1_359' title='bbox 2433 3373 2630 3457; x_wconf 66' lang='grc' dir='ltr'><strong>Ἀγνοίᾳ</strong></span> <span class='ocrx_word' id='word_1_360' title='bbox 2658 3376 2840 3449; x_wconf 77' lang='grc' dir='ltr'><strong>οὕτως,</strong></span> 
     </span>
    </p>
   </div>
   <div class='ocr_carea' id='block_1_27' title="bbox 2333 3500 3416 3596">
    <p class='ocr_par' dir='ltr' id='par_1_28' title="bbox 2333 3500 3416 3596">
     <span class='ocr_line' id='line_1_61' title="bbox 2333 3500 3416 3596; baseline -0.002 -22"><span class='ocrx_word' id='word_1_361' title='bbox 2333 3550 2426 3557; x_wconf 93' lang='grc'><strong>-</strong></span> <span class='ocrx_word' id='word_1_362' title='bbox 2462 3535 2517 3575; x_wconf 86' lang='grc' dir='ltr'><strong>α.</strong></span> <span class='ocrx_word' id='word_1_363' title='bbox 2548 3508 2622 3575; x_wconf 87' lang='grc' dir='ltr'><strong>Τί</strong></span> <span class='ocrx_word' id='word_1_364' title='bbox 2643 3519 2858 3596; x_wconf 81' lang='grc' dir='ltr'><strong>τοῦτο;</strong></span> <span class='ocrx_word' id='word_1_365' title='bbox 2892 3500 3170 3584; x_wconf 79' lang='grc' dir='ltr'><strong>ποδαπὸς</strong></span> <span class='ocrx_word' id='word_1_366' title='bbox 3197 3506 3416 3591; x_wconf 49' lang='grc' dir='ltr'><strong>οὗτος</strong></span> 
     </span>
    </p>
   </div>
   <div class='ocr_carea' id='block_1_28' title="bbox 2139 3606 3741 4817">
    <p class='ocr_par' dir='ltr' id='par_1_29' title="bbox 2239 3606 3680 3811">
     <span class='ocr_line' id='line_1_62' title="bbox 2239 3606 3680 3707; baseline -0.001 -25"><span class='ocrx_word' id='word_1_367' title='bbox 2239 3620 2299 3701; x_wconf 88' lang='grc' dir='ltr'><strong>β.</strong></span> <span class='ocrx_word' id='word_1_368' title='bbox 2363 3608 2753 3692; x_wconf 75' lang='grc' dir='ltr'><strong>Χελιδόνειος</strong></span> <span class='ocrx_word' id='word_1_369' title='bbox 2801 3620 2833 3680; x_wconf 86' lang='grc' dir='ltr'>ὀ</span> <span class='ocrx_word' id='word_1_370' title='bbox 2887 3610 3210 3690; x_wconf 79' lang='grc' dir='ltr'><strong>δασύπους·</strong></span> <span class='ocrx_word' id='word_1_371' title='bbox 3273 3620 3533 3707; x_wconf 79' lang='grc' dir='ltr'>γλυκεῖα</span> <span class='ocrx_word' id='word_1_372' title='bbox 3559 3606 3680 3681; x_wconf 59' lang='grc' dir='ltr'><strong>δ’·ιᾶ</strong></span> 
     </span>
     <span class='ocr_line' id='line_1_63' title="bbox 3392 3724 3678 3811; baseline -0.021 0"><span class='ocrx_word' id='word_1_373' title='bbox 3392 3724 3678 3811; x_wconf 57' lang='grc' dir='ltr'><strong>μίμαρκυς.</strong></span> 
     </span>
    </p>

    <p class='ocr_par' dir='ltr' id='par_1_30' title="bbox 2139 3860 3741 4817">
     <span class='ocr_line' id='line_1_64' title="bbox 2139 3860 3679 3938; baseline -0.005 -17"><span class='ocrx_word' id='word_1_374' title='bbox 2139 3865 2350 3921; x_wconf 87' lang='lat' dir='ltr'><strong>Vitiose</strong></span> <span class='ocrx_word' id='word_1_375' title='bbox 2382 3864 2515 3918; x_wconf 86' lang='lat' dir='ltr'><strong>libri</strong></span> <span class='ocrx_word' id='word_1_376' title='bbox 2549 3862 2777 3938; x_wconf 73' lang='grc' dir='ltr'><strong>γλαυκία</strong></span> <span class='ocrx_word' id='word_1_377' title='bbox 2817 3860 2886 3931; x_wconf 81' lang='grc' dir='ltr'><strong>δ’,</strong></span> <span class='ocrx_word' id='word_1_378' title='bbox 2925 3861 3084 3937; x_wconf 81' lang='lat' dir='ltr'><strong>quod</strong></span> <span class='ocrx_word' id='word_1_379' title='bbox 3125 3862 3458 3917; x_wconf 76' lang='lat' dir='ltr'><strong>emendavit</strong></span> <span class='ocrx_word' id='word_1_380' title='bbox 3493 3864 3679 3917; x_wconf 57' lang='lat' dir='ltr'><strong>Mein:</strong></span> 
     </span>
     <span class='ocr_line' id='line_1_65' title="bbox 2151 3948 3741 4027; baseline -0.006 -16"><span class='ocrx_word' id='word_1_381' title='bbox 2151 3976 2176 4002; x_wconf 72' lang='grc' dir='ltr'><strong>α</strong></span> <span class='ocrx_word' id='word_1_382' title='bbox 2229 3948 2558 4010; x_wconf 84' lang='grc' dir='ltr'><strong>Χελιδόνειον</strong></span> <span class='ocrx_word' id='word_1_383' title='bbox 2595 3953 2848 4027; x_wconf 86' lang='lat' dir='ltr'><strong>leporem</strong></span> <span class='ocrx_word' id='word_1_384' title='bbox 2899 3949 3069 4020; x_wconf 86' lang='lat' dir='ltr'><strong>dicit,</strong></span> <span class='ocrx_word' id='word_1_385' title='bbox 3125 3949 3457 4005; x_wconf 83' lang='lat' dir='ltr'><strong>hirundinis</strong></span> <span class='ocrx_word' id='word_1_386' title='bbox 3505 3951 3674 4013; x_wconf 76' lang='lat' dir='ltr'><strong>instar.</strong></span> <span class='ocrx_word' id='word_1_387' title='bbox 3740 3958 3741 4023; x_wconf 26' lang='grc' dir='ltr'>ζ</span> 
     </span>
     <span class='ocr_line' id='line_1_66' title="bbox 2141 4034 3741 4117; baseline -0.006 -21"><span class='ocrx_word' id='word_1_388' title='bbox 2141 4042 2434 4117; x_wconf 89' lang='lat' dir='ltr'><strong>superiore</strong></span> <span class='ocrx_word' id='word_1_389' title='bbox 2465 4050 2627 4115; x_wconf 85' lang='lat' dir='ltr'><strong>parte</strong></span> <span class='ocrx_word' id='word_1_390' title='bbox 2653 4040 2840 4114; x_wconf 87' lang='lat' dir='ltr'><strong>pulla,</strong></span> <span class='ocrx_word' id='word_1_391' title='bbox 2885 4049 3083 4095; x_wconf 82' lang='lat' dir='ltr'><strong>ventre</strong></span> <span class='ocrx_word' id='word_1_392' title='bbox 3114 4038 3249 4093; x_wconf 87' lang='lat' dir='ltr'><strong>albo</strong></span> <span class='ocrx_word' id='word_1_393' title='bbox 3269 4078 3290 4107; x_wconf 89' lang='lat'><strong>,</strong></span> <span class='ocrx_word' id='word_1_394' title='bbox 3333 4050 3400 4093; x_wconf 89' lang='lat' dir='ltr'><strong>ut</strong></span> <span class='ocrx_word' id='word_1_395' title='bbox 3443 4048 3523 4095; x_wconf 70' lang='lat' dir='ltr'><strong>est</strong></span> <span class='ocrx_word' id='word_1_396' title='bbox 3547 4034 3674 4109; x_wconf 80' lang='lat' dir='ltr'><strong>apud</strong></span> <span class='ocrx_word' id='word_1_397' title='bbox 3740 4070 3741 4073; x_wconf 51' lang='lat'><em>=</em></span> 
     </span>
     <span class='ocr_line' id='line_1_67' title="bbox 2144 4123 3674 4195; baseline -0.004 -13"><span class='ocrx_word' id='word_1_398' title='bbox 2144 4131 2456 4185; x_wconf 84' lang='lat' dir='ltr'><strong>Varronem</strong></span> <span class='ocrx_word' id='word_1_399' title='bbox 2482 4130 2569 4183; x_wconf 90' lang='lat' dir='ltr'><strong>De</strong></span> <span class='ocrx_word' id='word_1_400' title='bbox 2595 4146 2658 4183; x_wconf 91' lang='lat' dir='ltr'><strong>re</strong></span> <span class='ocrx_word' id='word_1_401' title='bbox 2700 4137 2840 4182; x_wconf 86' lang='lat' dir='ltr'><strong>rust.</strong></span> <span class='ocrx_word' id='word_1_402' title='bbox 2882 4123 2940 4194; x_wconf 88' lang='grc'><strong>3,</strong></span> <span class='ocrx_word' id='word_1_403' title='bbox 2993 4144 3093 4195; x_wconf 72' lang='lat'><strong>12,</strong></span> <span class='ocrx_word' id='word_1_404' title='bbox 3121 4124 3226 4179; x_wconf 89' lang='lat' dir='ltr'><strong>ubi</strong></span> <span class='ocrx_word' id='word_1_405' title='bbox 3267 4144 3327 4183; x_wconf 78' lang='lat' dir='ltr'><strong>v.</strong></span> <span class='ocrx_word' id='word_1_406' title='bbox 3377 4124 3674 4181; x_wconf 83' lang='lat' dir='ltr'><strong>Schneider.</strong></span> 
     </span>
     <span class='ocr_line' id='line_1_68' title="bbox 2140 4206 3670 4290; baseline -0.008 -19"><span class='ocrx_word' id='word_1_407' title='bbox 2140 4234 2196 4290; x_wconf 89' lang='lat' dir='ltr'><strong>p.</strong></span> <span class='ocrx_word' id='word_1_408' title='bbox 2231 4214 2367 4285; x_wconf 82' lang='lat'><strong>557.</strong></span> <span class='ocrx_word' id='word_1_409' title='bbox 2397 4218 2553 4272; x_wconf 87' lang='lat' dir='ltr'><strong>Eust.</strong></span> <span class='ocrx_word' id='word_1_410' title='bbox 2581 4214 2654 4270; x_wconf 85' lang='lat' dir='ltr'><strong>ad</strong></span> <span class='ocrx_word' id='word_1_411' title='bbox 2677 4213 2882 4287; x_wconf 78' lang='lat' dir='ltr'><strong>Odyss.</strong></span> <span class='ocrx_word' id='word_1_412' title='bbox 2919 4231 2976 4289; x_wconf 89' lang='lat' dir='ltr'><strong>p.</strong></span> <span class='ocrx_word' id='word_1_413' title='bbox 3013 4210 3196 4285; x_wconf 74' lang='lat'><strong>1925,</strong></span> <span class='ocrx_word' id='word_1_414' title='bbox 3241 4209 3316 4275; x_wconf 65' lang='lat'><strong>43</strong></span> <span class='ocrx_word' id='word_1_415' title='bbox 3353 4230 3370 4265; x_wconf 75' lang='lat' dir='ltr'><strong>t</strong></span> <span class='ocrx_word' id='word_1_416' title='bbox 3401 4209 3567 4268; x_wconf 74' lang='grc' dir='ltr'><strong>ἰστέον</strong></span> <span class='ocrx_word' id='word_1_417' title='bbox 3609 4206 3670 4263; x_wconf 72' lang='grc' dir='ltr'><strong>ὅτι</strong></span> 
     </span>
     <span class='ocr_line' id='line_1_69' title="bbox 2141 4294 3741 4381; baseline -0.008 -20"><span class='ocrx_word' id='word_1_418' title='bbox 2141 4302 2449 4381; x_wconf 83' lang='grc' dir='ltr'><strong>παρώνυμοι</strong></span> <span class='ocrx_word' id='word_1_419' title='bbox 2489 4300 2716 4381; x_wconf 82' lang='grc' dir='ltr'><strong>χελιδόνι</strong></span> <span class='ocrx_word' id='word_1_420' title='bbox 2745 4299 2892 4377; x_wconf 74' lang='grc' dir='ltr'>παρὰ</span> <span class='ocrx_word' id='word_1_421' title='bbox 2918 4301 2992 4376; x_wconf 81' lang='grc' dir='ltr'><strong>τῷ</strong></span> <span class='ocrx_word' id='word_1_422' title='bbox 3027 4296 3450 4376; x_wconf 54' lang='lat' dir='ltr'><strong>Ammon-opiam</strong></span> <span class='ocrx_word' id='word_1_423' title='bbox 3501 4294 3675 4375; x_wconf 73' lang='grc' dir='ltr'><strong>χελιξο-</strong></span> <span class='ocrx_word' id='word_1_424' title='bbox 3740 4356 3741 4373; x_wconf 29' lang='grc'><strong>,</strong></span> 
     </span>
     <span class='ocr_line' id='line_1_70' title="bbox 2140 4384 3741 4465; baseline -0.006 -17"><span class='ocrx_word' id='word_1_425' title='bbox 2140 4390 2248 4448; x_wconf 75' lang='lat' dir='ltr'><strong>viat</strong></span> <span class='ocrx_word' id='word_1_426' title='bbox 2277 4389 2494 4465; x_wconf 82' lang='grc' dir='ltr'><strong>λαγωοί.</strong></span> <span class='ocrx_word' id='word_1_427' title='bbox 2537 4396 2760 4448; x_wconf 78' lang='grc' dir='ltr'><strong>τοιοῦτοι</strong></span> <span class='ocrx_word' id='word_1_428' title='bbox 2788 4388 2844 4445; x_wconf 77' lang='grc' dir='ltr'><strong>δὲ</strong></span> <span class='ocrx_word' id='word_1_429' title='bbox 2871 4385 2996 4453; x_wconf 82' lang='grc' dir='ltr'>ἴσως</span> <span class='ocrx_word' id='word_1_430' title='bbox 3037 4389 3084 4443; x_wconf 78' lang='grc' dir='ltr'><strong>οἱ</strong></span> <span class='ocrx_word' id='word_1_431' title='bbox 3122 4385 3234 4445; x_wconf 82' lang='grc' dir='ltr'><strong>ἄνω</strong></span> <span class='ocrx_word' id='word_1_432' title='bbox 3261 4384 3360 4461; x_wconf 74' lang='grc' dir='ltr'><strong>μὲν</strong></span> <span class='ocrx_word' id='word_1_433' title='bbox 3393 4388 3426 4417; x_wconf 68' lang='lat'><strong>⁴¹</strong></span> <span class='ocrx_word' id='word_1_434' title='bbox 3457 4384 3650 4464; x_wconf 67' lang='grc' dir='ltr'><strong>μέλανες</strong></span> <span class='ocrx_word' id='word_1_435' title='bbox 3740 4398 3741 4461; x_wconf 43' lang='grc' dir='ltr'><strong>ᾗ</strong></span> 
     </span>
     <span class='ocr_line' id='line_1_71' title="bbox 2140 4471 3672 4547; baseline -0.007 -10"><span class='ocrx_word' id='word_1_436' title='bbox 2140 4477 2208 4537; x_wconf 78' lang='grc' dir='ltr'><strong>τὰ</strong></span> <span class='ocrx_word' id='word_1_437' title='bbox 2237 4477 2293 4537; x_wconf 76' lang='grc' dir='ltr'><strong>δὲ</strong></span> <span class='ocrx_word' id='word_1_438' title='bbox 2317 4477 2464 4536; x_wconf 76' lang='grc' dir='ltr'>κάτω</span> <span class='ocrx_word' id='word_1_439' title='bbox 2489 4477 2791 4537; x_wconf 79' lang='grc' dir='ltr'><strong>ὑπόλευκοι.</strong></span> <span class='ocrx_word' id='word_1_440' title='bbox 2831 4502 2857 4527; x_wconf 75' lang='lat'><strong>¹·</strong></span> <span class='ocrx_word' id='word_1_441' title='bbox 2889 4480 3074 4533; x_wconf 86' lang='lat' dir='ltr'><strong>Immo</strong></span> <span class='ocrx_word' id='word_1_442' title='bbox 3116 4471 3449 4547; x_wconf 76' lang='grc' dir='ltr'><strong>ὑπομέλανες</strong></span> <span class='ocrx_word' id='word_1_443' title='bbox 3575 4471 3672 4527; x_wconf 42' lang='lat' dir='ltr'><strong>ku*</strong></span> 
     </span>
     <span class='ocr_line' id='line_1_72' title="bbox 2143 4560 3741 4640; baseline -0.009 -15"><span class='ocrx_word' id='word_1_444' title='bbox 2143 4566 2244 4626; x_wconf 80' lang='grc' dir='ltr'><strong>κοί.</strong></span> <span class='ocrx_word' id='word_1_445' title='bbox 2273 4570 2730 4625; x_wconf 86' lang='lat' dir='ltr'><strong>Permiscuerunt</strong></span> <span class='ocrx_word' id='word_1_446' title='bbox 2748 4566 2899 4640; x_wconf 82' lang='lat' dir='ltr'><strong>haec,</strong></span> <span class='ocrx_word' id='word_1_447' title='bbox 2927 4566 3157 4639; x_wconf 90' lang='lat' dir='ltr'><strong>opinor,</strong></span> <span class='ocrx_word' id='word_1_448' title='bbox 3195 4562 3499 4617; x_wconf 84' lang='lat' dir='ltr'><strong>oscitantes</strong></span> <span class='ocrx_word' id='word_1_449' title='bbox 3523 4560 3674 4615; x_wconf 83' lang='lat' dir='ltr'><strong>libra·</strong></span> <span class='ocrx_word' id='word_1_450' title='bbox 3740 4578 3741 4637; x_wconf 43' lang='grc' dir='ltr'>ᾗ</span> 
     </span>
     <span class='ocr_line' id='line_1_73' title="bbox 2140 4638 3741 4729; baseline -0.009 -17"><span class='ocrx_word' id='word_1_451' title='bbox 2140 4656 2250 4727; x_wconf 87' lang='lat' dir='ltr'><strong>rii,</strong></span> <span class='ocrx_word' id='word_1_452' title='bbox 2281 4665 2337 4712; x_wconf 87' lang='lat' dir='ltr'><strong>et</strong></span> <span class='ocrx_word' id='word_1_453' title='bbox 2363 4656 2536 4712; x_wconf 89' lang='lat' dir='ltr'><strong>semel</strong></span> <span class='ocrx_word' id='word_1_454' title='bbox 2573 4655 2782 4729; x_wconf 87' lang='lat' dir='ltr'><strong>scripta</strong></span> <span class='ocrx_word' id='word_1_455' title='bbox 2823 4664 3047 4707; x_wconf 87' lang='lat' dir='ltr'><strong>mutare</strong></span> <span class='ocrx_word' id='word_1_456' title='bbox 3089 4652 3402 4706; x_wconf 85' lang='lat' dir='ltr'><strong>noluerunt</strong></span> <span class='ocrx_word' id='word_1_457' title='bbox 3447 4658 3587 4704; x_wconf 83' lang='lat' dir='ltr'><strong>metu</strong></span> <span class='ocrx_word' id='word_1_458' title='bbox 3621 4645 3674 4697; x_wconf 89' lang='lat' dir='ltr'><strong>li·</strong></span> <span class='ocrx_word' id='word_1_459' title='bbox 3740 4638 3741 4689; x_wconf 66' lang='lat'><em>3</em></span> 
     </span>
     <span class='ocr_line' id='line_1_74' title="bbox 2145 4730 3741 4817; baseline -0.007 -17"><span class='ocrx_word' id='word_1_460' title='bbox 2145 4755 2304 4801; x_wconf 84' lang='lat' dir='ltr'><strong>turae.</strong></span> <span class='ocrx_word' id='word_1_461' title='bbox 2335 4744 2534 4802; x_wconf 78' lang='lat' dir='ltr'><strong>Niveos</strong></span> <span class='ocrx_word' id='word_1_462' title='bbox 2567 4743 2790 4817; x_wconf 87' lang='lat' dir='ltr'><strong>lepores</strong></span> <span class='ocrx_word' id='word_1_463' title='bbox 2817 4740 2958 4795; x_wconf 79' lang='lat' dir='ltr'><strong>dixit</strong></span> <span class='ocrx_word' id='word_1_464' title='bbox 2985 4740 3256 4813; x_wconf 81' lang='lat' dir='ltr'><strong>Calpurn.</strong></span> <span class='ocrx_word' id='word_1_465' title='bbox 3299 4738 3493 4811; x_wconf 85' lang='lat' dir='ltr'><strong>Eclog.</strong></span> <span class='ocrx_word' id='word_1_466' title='bbox 3519 4754 3570 4806; x_wconf 82' lang='lat'><strong>7,</strong></span> <span class='ocrx_word' id='word_1_467' title='bbox 3593 4730 3668 4783; x_wconf 75' lang='grc'><strong>58.</strong></span> <span class='ocrx_word' id='word_1_468' title='bbox 3740 4734 3741 4737; x_wconf 68' lang='grc'>’</span> 
     </span>
    </p>
   </div>
   <div class='ocr_carea' id='block_1_29' title="bbox 485 4820 3741 4909">
    <p class='ocr_par' dir='ltr' id='par_1_31' title="bbox 485 4820 3741 4909">
     <span class='ocr_line' id='line_1_75' title="bbox 485 4820 3741 4909; baseline -0.007 -19"><span class='ocrx_word' id='word_1_469' title='bbox 485 4852 587 4891; x_wconf 90' lang='lat' dir='ltr'><strong>ceo</strong></span> <span class='ocrx_word' id='word_1_470' title='bbox 634 4834 823 4891; x_wconf 87' lang='lat' dir='ltr'><strong>Samio</strong></span> <span class='ocrx_word' id='word_1_471' title='bbox 875 4852 965 4909; x_wconf 89' lang='lat' dir='ltr'><strong>ap.</strong></span> <span class='ocrx_word' id='word_1_472' title='bbox 1014 4836 1219 4893; x_wconf 81' lang='lat' dir='ltr'><strong>Athen.</strong></span> <span class='ocrx_word' id='word_1_473' title='bbox 1278 4833 1373 4905; x_wconf 83' lang='lat'><strong>13,</strong></span> <span class='ocrx_word' id='word_1_474' title='bbox 1408 4853 1471 4909; x_wconf 89' lang='lat' dir='ltr'><strong>p.</strong></span> <span class='ocrx_word' id='word_1_475' title='bbox 1521 4832 1631 4891; x_wconf 82' lang='lat'><strong>583</strong></span> <span class='ocrx_word' id='word_1_476' title='bbox 1655 4876 1670 4906; x_wconf 90' lang='lat'><strong>,</strong></span> <span class='ocrx_word' id='word_1_477' title='bbox 1707 4836 1773 4893; x_wconf 80' lang='lat' dir='ltr'><strong>F.</strong></span> <span class='ocrx_word' id='word_1_478' title='bbox 1829 4834 2058 4890; x_wconf 81' lang='lat' dir='ltr'><strong>Amavit</strong></span> <span class='ocrx_word' id='word_1_479' title='bbox 2143 4833 2282 4889; x_wconf 85' lang='lat' dir='ltr'><strong>Rari</strong></span> <span class='ocrx_word' id='word_1_480' title='bbox 2305 4832 2529 4906; x_wconf 87' lang='lat' dir='ltr'><strong>lepores</strong></span> <span class='ocrx_word' id='word_1_481' title='bbox 2557 4830 2739 4905; x_wconf 86' lang='lat' dir='ltr'><strong>nigri,</strong></span> <span class='ocrx_word' id='word_1_482' title='bbox 2781 4845 2968 4902; x_wconf 87' lang='lat' dir='ltr'><strong>neque</strong></span> <span class='ocrx_word' id='word_1_483' title='bbox 2997 4826 3067 4883; x_wconf 88' lang='lat' dir='ltr'><strong>de</strong></span> <span class='ocrx_word' id='word_1_484' title='bbox 3107 4827 3175 4880; x_wconf 87' lang='lat' dir='ltr'><strong>iis</strong></span> <span class='ocrx_word' id='word_1_485' title='bbox 3211 4825 3484 4900; x_wconf 75' lang='lat' dir='ltr'><strong>cogitavit</strong></span> <span class='ocrx_word' id='word_1_486' title='bbox 3511 4820 3670 4877; x_wconf 74' lang='lat' dir='ltr'><strong>Eusu-</strong></span> <span class='ocrx_word' id='word_1_487' title='bbox 3740 4844 3741 4847; x_wconf 32' lang='lat'>¹</span> 
     </span>
    </p>
   </div>
   <div class='ocr_carea' id='block_1_30' title="bbox 492 4930 3648 4963">
    <p class='ocr_par' dir='ltr' id='par_1_32' title="bbox 492 4930 3648 4963">
     <span class='ocr_line' id='line_1_76' title="bbox 492 4930 3648 4963; baseline 0 887"><span class='ocrx_word' id='word_1_488' title='bbox 492 4930 3648 4963; x_wconf 95' lang='lat' dir='ltr'><strong> </strong></span> 
     </span>
    </p>
   </div>
   <div class='ocr_carea' id='block_1_31' title="bbox 1931 5000 2257 5057">
    <p class='ocr_par' dir='ltr' id='par_1_33' title="bbox 1931 5000 2257 5057">
     <span class='ocr_line' id='line_1_77' title="bbox 1931 5000 2257 5057; baseline -0.009 -2"><span class='ocrx_word' id='word_1_489' title='bbox 1931 5000 2233 5057; x_wconf 76' lang='lat' dir='ltr'><strong>INSCITIA</strong></span> <span class='ocrx_word' id='word_1_490' title='bbox 2246 5040 2257 5052; x_wconf 94' lang='lat'><strong>.</strong></span> 
     </span>
    </p>
   </div>
   <div class='ocr_carea' id='block_1_32' title="bbox 559 5210 1364 5285">
    <p class='ocr_par' dir='ltr' id='par_1_34' title="bbox 559 5210 1364 5285">
     <span class='ocr_line' id='line_1_78' title="bbox 559 5210 1364 5285; baseline 0 -18"><span class='ocrx_word' id='word_1_491' title='bbox 559 5240 629 5251; x_wconf 94' lang='lat'><strong>—</strong></span> <span class='ocrx_word' id='word_1_492' title='bbox 656 5226 707 5267; x_wconf 93' lang='lat' dir='ltr'><strong>a.</strong></span> <span class='ocrx_word' id='word_1_493' title='bbox 737 5210 880 5283; x_wconf 87' lang='lat' dir='ltr'><strong>Quid</strong></span> <span class='ocrx_word' id='word_1_494' title='bbox 900 5211 1038 5268; x_wconf 82' lang='lat' dir='ltr'><strong>hoc?</strong></span> <span class='ocrx_word' id='word_1_495' title='bbox 1063 5212 1213 5285; x_wconf 83' lang='lat' dir='ltr'><strong>cujas</strong></span> <span class='ocrx_word' id='word_1_496' title='bbox 1237 5210 1364 5268; x_wconf 78' lang='lat' dir='ltr'><strong>hie?</strong></span> 
     </span>
    </p>
   </div>
   <div class='ocr_carea' id='block_1_33' title="bbox 2072 5194 3612 5278">
    <p class='ocr_par' dir='ltr' id='par_1_35' title="bbox 2072 5194 3612 5278">
     <span class='ocr_line' id='line_1_79' title="bbox 2072 5194 3612 5278; baseline -0.015 -11"><span class='ocrx_word' id='word_1_497' title='bbox 2072 5194 2086 5275; x_wconf 90' lang='grc' dir='ltr'>Ι</span> <span class='ocrx_word' id='word_1_498' title='bbox 2138 5209 2193 5265; x_wconf 85' lang='lat' dir='ltr'><strong>b.</strong></span> <span class='ocrx_word' id='word_1_499' title='bbox 2227 5205 2790 5278; x_wconf 61' lang='lat' dir='ltr'><strong>Clielidoniuslepus3</strong></span> <span class='ocrx_word' id='word_1_500' title='bbox 2815 5202 2990 5259; x_wconf 87' lang='lat' dir='ltr'><strong>dulcis</strong></span> <span class='ocrx_word' id='word_1_501' title='bbox 3009 5207 3190 5257; x_wconf 81' lang='lat' dir='ltr'><strong>autem</strong></span> <span class='ocrx_word' id='word_1_502' title='bbox 3215 5206 3296 5255; x_wconf 83' lang='lat' dir='ltr'><strong>est</strong></span> <span class='ocrx_word' id='word_1_503' title='bbox 3323 5197 3612 5263; x_wconf 67' lang='lat' dir='ltr'><strong>mimams.</strong></span> 
     </span>
    </p>
   </div>
   <div class='ocr_carea' id='block_1_34' title="bbox 3738 971 3743 1788">
    <p class='ocr_par' dir='ltr' id='par_1_36' title="bbox 3738 971 3743 1788">
     <span class='ocr_line' id='line_1_80' title="bbox 3738 971 3743 1788; baseline 0 0"><span class='ocrx_word' id='word_1_504' title='bbox 3738 971 3743 1788; x_wconf 95' lang='lat' dir='ltr'><strong> </strong></span> 
     </span>
    </p>
   </div>
  </div>
 </body>
</html>
