3809 5850
1375 405 1770 470 CRATthJs
1812 407 2121 469 JUNlott.

3242 430 3354 480 5³5

193 541 251 604 ὡς
278 537 526 596 καὶταῦτα
554 535 664 606 εἴδη
689 533 1036 612 χιτωνίσκων.
1079 533 1314 614 Ἔχητε,
1351 540 1428 596 ad
1461 541 1710 598 venden-
1803 567 1828 592 α
1862 541 2069 599 Similis
2098 524 2505 599 ⁴vaticiniorum
2545 545 2705 600 color
2737 547 2890 622 apud
2930 551 3358 624 Aristophanem

197 630 328 703 dum,
349 638 489 702 puto.

508 767 606 826 IV.
656 767 1322 830 ΠΥΘΑΓΟΡΙΖΟΥΣΑ.

255 901 395 974 Diog.
423 902 602 957 Laert.
644 897 703 973 8,
741 899 842 971 37,
875 910 933 956 et
963 900 1098 956 hinc
1133 901 1334 958 Suidas
1368 920 1424 959 ν.
1465 899 1701 980 Ξενοφά-

191 1010 262 1054 νης
285 1009 296 1041 :
321 985 505 1067 ἔσκωψε
529 987 582 1046 δὲ
607 986 760 1046 αὐτὸν
790 989 1236 1066 (Pythagoram)
1263 991 1368 1067 Κρ.
1397 987 1492 1065 μὲν
1515 992 1570 1048 ἐν
1595 994 1706 1051 Πυ-

192 1071 499 1152 θαγοριζούσῃ·
521 1074 656 1133 ἀλλὰ
677 1075 767 1134 καὶ
789 1077 842 1132 ἐν
863 1075 1226 1156 Ταραντίνοις,
1256 1089 1367 1138 etc.
1403 1105 1430 1129 κ
1458 1080 1698 1140 Aldobr.

189 1164 602 1236 Pythagor-nasa.
637 1161 822 1224 Etiam
858 1167 1045 1226 Alexis
1067 1167 1292 1242 scripsit
1320 1163 1704 1246 Πυθαγορίζου·

191 1271 286 1308 σαν.
327 1252 576 1328 Diogenis
619 1253 755 1308 libri
801 1253 918 1309 sere
966 1253 1377 1333 Πυθαγορικοῖς,
1421 1255 1699 1314 Arundel.

191 1340 545 1418 Πυθαγορικαῖς.
576 1343 832 1398 Fortasse
868 1331 1236 1398 scribendum
1277 1356 1360 1400 est
1399 1343 1703 1422 Πυθαγορί-

188 1427 328 1498 ζουσι,
349 1431 613 1486 attitulas
631 1430 834 1486 fabulae
866 1430 1038 1487 fuerit
1067 1431 1114 1489 Ι]
1135 1435 1392 1510 υθαγορ
1413 1431 1703 1503 ίζοντες,

187 1503 316 1587 quod
334 1535 398 1574 ex
423 1517 622 1576 codice
636 1521 684 1576 V
705 1517 892 1575 edidit
915 1517 1338 1594 Bernhardy-us.
1372 1546 1398 1573 ι
1421 1523 1474 1576 E
1495 1523 1580 1578 M.

627 1655 696 1715 V.
740 1656 1226 1717 ΤΑΡΑΝΤΙΝΟΙ.

245 1779 396 1855 Diog.
422 1783 603 1844 Laert.
638 1783 854 1842 ibidem
899 1803 913 1841 ε
947 1781 1084 1842 ἀλλὰ
1131 1782 1219 1840 καὶ
1263 1786 1316 1842 ἐν
1358 1783 1700 1860 Ταραντίνοις

183 1863 308 1940 φησὶν
329 1865 477 1935 οὕτως
491 1891 504 1903 ·

259 1971 384 2059 ἒθος
418 1983 574 2051 ἐστὶν
614 1991 855 2072 αὐτοῖς,
893 1981 967 2051 ἄν
989 1983 1098 2052 τιν’
1137 1981 1386 2060 ἰδιώτην
1417 1989 1591 2054 ποθὲν

256 2083 501 2157 λάὸωσιν
535 2091 882 2159 εἰσελθόντα
899 2143 917 2180 ,
951 2088 1415 2187 διαπειρώμενον

257 2203 354 2271 τῆς
391 2205 509 2263 τῶν
558 2198 763 2291 λόγων
806 2198 1006 2291 ρῶμης
1050 2196 1198 2293 (γε)
1233 2199 1556 2291 ταράττειν
1603 2199 1708 2266 καὶ

1522 2333 1706 2374 κυκαν

254 2411 368 2481 τοῖς
397 2405 763 2495 ἀντιθέτοις,
797 2416 932 2486 τοῖς
971 2412 1188 2498 πέρασι
1207 2461 1225 2492 ,
1265 2419 1394 2488 τοῖς
1434 2416 1706 2502 παρισώ·

1518 2543 1665 2607 μασι
1683 2568 1701 2602 ,

177 2605 208 2674 5
249 2619 356 2690 τοῖς
395 2616 768 2696 ἀποπλάνοις
785 2669 803 2706 ,
845 2628 973 2699 τοῖς
1009 2621 1313 2714 μεγέθεσιν
1332 2671 1350 2707 ,
1395 2617 1705 2688 νουὸυστι-

1557 2737 1702 2806 κῶς.

175 2828 326 2886 Etiam
351 2850 442 2908 ap.
468 2835 710 2894 Suidam
739 2839 782 2899 1.
816 2858 899 2908 c.,
928 2841 1028 2913 qui
1053 2857 1112 2897 v.
1150 2859 1174 2895 1
1205 2836 1294 2896 ἐὰν
1323 2839 1393 2898 ἶδ.
1426 2838 1501 2898 V.
1531 2859 1563 2895 α
1591 2840 1708 2897 δια-

169 2917 469 2993 πειρωμένοις
494 2928 529 2981 J
532 2944 619 2989 os.
637 2928 906 3003 Scaliger.
933 2931 1112 2985 Versu
1134 2928 1165 2984 3
1191 2928 1462 2985 excidisse
1481 2928 1710 2986 videtur

172 2998 216 3071 γὲ
237 3023 340 3062 non
363 3012 478 3069 sine
495 3014 839 3072 detrimento
853 3034 1254 3075 numerorum.

663 3144 772 3204 vt.
817 3144 1176 3204 ΤΙΤΑΝΕΣ.

227 3246 418 3310 Athen.
459 3254 518 3329 6,
549 3274 610 3329 p.
652 3262 786 3326 241,
815 3254 894 3325 C,
924 3255 996 3313 de
1033 3254 1268 3329 Corydo
1311 3257 1560 3331 parasito
1596 3258 1704 3314 Co·

165 3333 410 3475 ῐΤιιὶεοιῚιω
434 3344 764 3401 testimonia
787 3342 1028 3401 afferens
1055 3360 1072 3402 τ
1120 3343 1222 3420 Κρ.
1252 3342 1296 3401 δ’
1325 3345 1353 3399 ὁ
1381 3339 1625 3420 νεώτερος
1653 3345 1705 3401 ἐν

205 3428 347 3494 πᾶσι,

329 3582 418 3594 -—
445 3539 754 3637 Κόρυδον,
790 3547 892 3611 τὸν
926 3546 1344 3635 χαλκότυπον,
1370 3540 1702 3636 πεφύλαξο,

245 3642 306 3717 ἦν
341 3650 444 3738 μέν
475 3676 570 3715 σοι
597 3658 826 3740 νομιεῖς
855 3649 1035 3716 αὐτὸν
1068 3644 1256 3741 μηδὲν
1278 3646 1663 3738 καταλείψειν
1684 3676 1698 3689 ·

243 3744 372 3837 μηδ’
407 3750 552 3841 ὄψον
585 3764 760 3847 κοινῇ
794 3752 951 3846 μετὰ
980 3756 1192 3820 τούτου
1226 3755 1478 3820 πώποτε
1508 3748 1705 3821 δαίσει

239 3864 335 3920 τοῦ
371 3852 648 3951 Κορύδου
691 3857 1002 3952 (προλέγω
1039 3856 1165 3950 σοι)
1185 3886 1198 3899 ·
1227 3862 1354 3949 ἔχει
1385 3857 1500 3951 γὰρ
1529 3869 1705 3950 χεῖρα

1385 3965 1699 4058 κραταιὰν,

162 4058 194 4125 5
239 4072 494 4153 χαλκῆν,
527 4069 886 4161 ἀκάματον,
920 4071 1075 4137 πολὺ
1115 4067 1424 4161 κρείσσονα
1451 4081 1558 4135 τοῦ
1589 4096 1702 4137 πυ-

1344 4176 1436 4265 ρὸς
1485 4181 1696 4243 αὐτοῦ.

708 4354 1126 4410 TARENTtNl.

215 4434 322 4493 Mos
339 4452 532 4497 eorum
557 4448 678 4509 est,
707 4440 756 4498 si
779 4456 944 4514 quem
967 4442 1282 4513 imperitum
1301 4483 1318 4511 ‚

214 4523 588 4601 undecumque
628 4529 941 4602 ingressum
966 4531 1030 4585 in
1070 4528 1296 4600 urbemi,
1323 4526 1708 4596 offenderunt,

213 4611 546 4683 explorandae
586 4617 708 4688 eius
749 4614 1099 4688 eloquentiae,
1142 4615 1426 4673 hominem
1465 4631 1710 4672 commo-

1218 4706 1377 4771 [νει-ο
1399 4719 1464 4760 ac
1491 4702 1712 4759 turbare

213 4783 514 4857 antithetiS,
549 4786 929 4856 finitionibus,
961 4786 1221 4846 membris
1249 4788 1522 4847 similibus
1554 4794 1706 4855 (ora-

1396 4876 1706 4944 [tionum)‚

161 4954 186 5002 5
215 4960 616 5030 evagationibus
635 5000 652 5028 ,
695 4960 1162 5033 magnitudinibus
1181 5004 1196 5033 ,
1227 4963 1436 5020 callide.

671 5102 680 5109 .
752 5050 1080 5105 TlTANES.

215 5130 474 5203 Coi-ydem
493 5174 508 5199 ‚
535 5132 694 5189 ferro
718 5149 1026 5205 percussum
1041 5178 1058 5205 ,
1085 5152 1214 5193 cave
1228 5176 1244 5205 ‚

214 5218 480 5291 siquidem
503 5220 734 5293 putabis
751 5264 766 5289 ‚
783 5222 882 5278 tibi
911 5239 1037 5303 eum
1071 5224 1202 5281 nihil
1229 5224 1544 5283 relicturum
1565 5242 1710 5295 esse;

1796 635 1902 705 Eq.
1932 640 2081 706 1⁰49
2104 629 2307 708 (996),
2325 644 2382 688 et
2401 635 2699 688 Horatium
2718 635 2830 691 Sat.
2866 655 2919 708 1,
2942 656 3001 712 9,
3033 637 3126 693 31.
3150 665 3175 690 n
3201 643 3355 700 EM.

1795 722 1907 792 Qui
1936 739 2005 777 ex
2033 739 2150 776 uno
2172 720 2372 777 codice
2404 723 2446 778 C
2479 722 2659 778 edidit
2682 721 3033 800 χαλκοτύπον,
3068 728 3152 783 his
3184 747 3361 784 anno·

1795 809 1921 864 tatis
1946 829 1957 862 :
1995 832 2020 859 ι
2048 808 2269 864 fabrum
2288 810 2589 865 ferrarium
2608 829 2711 866 cur
2734 810 2888 866 dicat
2910 814 3221 887 Corydum,
3244 836 3363 872 non

1792 899 2098 972 perspicio·
2142 899 2291 953 Num
2333 894 2665 975 χαλκότυπον
2709 898 2818 973 (sic
2853 901 3024 976 PVL)
3075 906 3361 980 explican-
3468 897 3483 914 ⁰

1794 984 1931 1040 dum
1981 985 2185 1062 χαλκοῦ
2236 982 2649 1064 κεκρατημένον,
2694 1005 2765 1042 ex
2813 1007 2923 1044 aere
2980 990 3193 1047 sactum
3244 995 3362 1049 sive

1793 1091 2046 1146 aeneum,
2075 1083 2313 1148 propter
2346 1076 2586 1130 invictas
2616 1076 2852 1131 manus?
2885 1103 2907 1126 n
2944 1078 3097 1133 Nihil
3128 1091 3364 1135 contor-

1795 1163 1904 1217 tius
1928 1161 2259 1236 duriusque.
2281 1165 2457 1219 Recte
2482 1175 2665 1220 tamen
2688 1165 2763 1220 ad
2783 1167 3073 1240 vulgatum
3098 1165 3363 1246 χαλκότυ-

1795 1269 1890 1306 πον
1916 1249 2086 1305 rediit
2113 1253 2201 1304 vir
2224 1250 2462 1326 doctus3
2486 1251 2584 1306 sed
2611 1252 2724 1306 hoc
2762 1254 2932 1328 longe
2964 1255 3121 1311 aliud
3146 1255 3361 1332 signifi-

1795 1355 1925 1392 care
1974 1337 2224 1393 arbitror
2244 1380 2260 1409 ,
2312 1339 2427 1394 scil.
2490 1337 2826 1414 stigmaitiam
2843 1384 2858 1410 ,
2925 1341 3149 1398 ardenti
3208 1343 3360 1399 ferro

1793 1437 1977 1480 ustum
1998 1466 2013 1492 ,
2043 1435 2109 1478 ut
2133 1426 2423 1481 juvenalis
2444 1435 2575 1480 utar
2603 1429 2791 1482 verbis
2824 1430 2941 1482 Sat.
2982 1435 3070 1497 14,
3116 1449 3209 1485 αα.
3240 1433 3359 1487 Ma·

1794 1511 1989 1568 leficus
2011 1515 2184 1586 igitur
2208 1513 2314 1570 fuit
2335 1515 2437 1570 iste
2468 1514 2755 1587 Corydus‚
2794 1516 3069 1592 furtisque
3096 1517 3372 1593 frequen-⁰

1798 1599 1949 1655 tibus
1989 1600 2248 1674 infamis,
2290 1619 2321 1656 a
2359 1601 2569 1674 quibus
2595 1603 2992 1676 perpetrandis
3024 1623 3097 1660 ne
3130 1607 3188 1660 vi
3228 1610 3363 1680 qui-

1796 1687 1927 1743 dem
1972 1687 2319 1758 abstinebat,
2360 1703 2477 1762 quo
2518 1692 2764 1766 pertinet
2811 1689 2927 1767 χεὶρ
2969 1689 3219 1768 κραταιὰ,
3250 1705 3359 1754 etc.

1795 1777 2026 1847 Facete,
2057 1779 2159 1851 qui
2201 1778 2319 1833 haec
2365 1777 2539 1848 dicit,
2574 1781 3041 1836 interlocutorem
3082 1783 3362 1839 abstinere

1787 1863 1953 1936 jubet
1980 1867 2325 1922 commercio
2356 1867 2482 1922 talis
2514 1866 2848 1942 nebulonis„
2895 1869 2940 1924 si
2975 1868 3207 1943 quidem
3243 1872 3363 1944 ipse

1797 1952 1995 2009 credat
2012 1996 2028 2025 ,
2055 1971 2183 2008 eum
2198 1995 2215 2024 ,
2241 1956 2494 2026 quamvis
2510 1956 2588 2010 sic
2613 1954 2879 2026 ditatum,
2908 1957 3052 2011 nihil
3082 1957 3190 2012 sibi
3222 1956 3362 2013 olim

1796 2040 2111 2096 hereditate
2155 2041 2487 2096 relicturum
2530 2061 2647 2097 esse
2677 2039 2773 2116 (ἢν
2808 2041 2947 2116 μέν,
2989 2062 3105 2100 non
3135 2041 3245 2118 μή,
3278 2066 3361 2102 σοι
3424 2057 3431 2062 ’

1795 2125 2190 2206 καταλείψειν).
2214 2131 2393 2185 Versu
2412 2149 2444 2183 a
2471 2129 2603 2184 libri
2624 2124 2688 2197 ἢν
2711 2126 2785 2198 μή
2814 2150 2917 2200 σοι,
2940 2143 3069 2200 σω,
3090 2150 3361 2206 perverso

1796 2234 1997 2290 sensu,
2027 2216 2507 2291 quemadmodum
2540 2219 2708 2273 etiam
2736 2220 2907 2277 Arist.
2939 2221 3175 2292 Lysistr.
3220 2219 3360 2292 876,

1797 2305 2035 2380 aliisque
2058 2306 2397 2379 scriptorum
2421 2304 2563 2360 locis
2592 2301 2688 2378 μὲν
2714 2316 2765 2361 et
2788 2302 2863 2378 μὴ
2893 2317 3241 2364 commutata
3269 2310 3363 2364 in-

1797 2395 2005 2449 venias.
2034 2393 2286 2450 Lobeck.
2319 2392 2392 2448 ad
2434 2393 2645 2466 Phryn.
2688 2411 2745 2467 p.
2780 2393 2917 2464 458,
2957 2394 3016 2451 οὗ
3055 2392 3130 2467 μή
3159 2415 3239 2451 σοι
3271 2417 3363 2451 νο-

1798 2481 1954 2554 μιεῖς.
1986 2483 2051 2536 V.
2084 2479 2115 2536 3
2144 2477 2325 2535 τούτου
2350 2480 2439 2534 vel
2474 2481 2886 2535 contemnentis
2922 2491 3033 2549 est,
3064 2493 3127 2536 nt
3160 2485 3360 2555 passim

1797 2555 1941 2630 οὗτος
1981 2567 2135 2642 apud
2186 2569 2618 2641 Aristophanem
2642 2609 2657 2638 ,
2694 2567 3067 2642 Sophoclem,
3108 2581 3239 2640 etc„
3278 2573 3364 2626 vel

1801 2655 2057 2711 additum
2075 2697 2090 2724 ‚
2123 2667 2186 2710 ut
2207 2657 2382 2711 homo
2404 2657 2777 2730 distinguatur
2800 2656 2872 2711 ab
2891 2675 2993 2712 ave
3012 2661 3365 2733 cognomini.

1801 2743 2124 2818 Lobeckius
2146 2740 2279 2815 μετὰ
2302 2741 2441 2799 τοῦδ’
2460 2741 2729 2799 οὐπώποτε
2752 2743 2801 2801 8.
2828 2747 2893 2800 V.
2926 2743 2958 2800 5
2988 2747 3161 2819 vulgo
3186 2744 3363 2823 κρείσ-
3464 2816 3469 2822 ⁴

1797 2849 1905 2898 σω,
1936 2831 2037 2886 sed
2076 2850 2217 2887 voce
2250 2828 2523 2908 κρείσσονα
2546 2834 2731 2904 posita
2758 2832 3145 2888 hexametrum
3189 2853 3365 2890 venu-

1795 2919 2095 2974 stissimum
2115 2962 2131 2989 ,
2175 2920 2498 2975 bucolicum
2516 2964 2531 2989 ,
2554 2932 2737 2993 poetae
2772 2921 3007 2977 restitui.

2337 3062 2466 3121 Vll.
2516 3063 2817 3121 ΧΕΙΡΩΝ.

1877 3222 2085 3279 Athen.
2126 3240 2217 3291 11,
2248 3240 2311 3297 p.
2353 3222 2503 3289 460,
2543 3224 2586 3278 F
2606 3263 2622 3291 ,
2650 3223 2721 3279 de
2760 3220 3003 3299 κυλικείῳ
3028 3222 3301 3279 disserens
3341 3244 3351 3276 z

1799 3308 1904 3387 Κρ.
1935 3308 1979 3365 δ’
2008 3311 2036 3365 ὃ
2062 3306 2307 3387 νεώτερος
2330 3308 2383 3366 ἐν
2412 3308 2657 3388 Χείρωνι,

1995 3492 2089 3503 --
2120 3460 2453 3539 Πολλοστῷ
2481 3450 2537 3520 δ’
2558 3457 2683 3521 ἔτει

1895 3564 1961 3626 ἐκ
1991 3568 2113 3625 τῶν
2157 3558 2459 3651 πολεμίων
2489 3554 2691 3627 οἴκαδ’
2722 3562 2851 3634 ἥκω
2872 3585 2885 3599 ·
2922 3555 3221 3654 ξυγγενεῖς
3241 3611 3258 3644 ,

1895 3664 2000 3729 καὶ
2032 3664 2361 3757 φράτορας,
2396 3664 2500 3733 καὶ
2533 3660 2841 3758 δημότας,
2878 3668 3056 3756 εὑρὼν
3086 3666 3260 3757 μόλις

1894 3770 1977 3847 εἰς
2002 3772 2075 3835 τὸ
2102 3779 2401 3837 κυλικεῖον
2435 3769 2759 3867 ἐνεγράφην
2779 3796 2794 3811 ·
2830 3773 2969 3848 Ζεὺς
2999 3774 3134 3837 ἔστι
3164 3798 3263 3864 μοι

1799 3869 1838 3941 5
1893 3878 2107 3965 ἕρκειος
2127 3927 2144 3958 ,
2177 3878 2308 3942 ἔστι
2343 3877 2621 3969 φράτριος
2641 3902 2655 3915 ·
2690 3875 2774 3942 τὰ
2803 3879 2953 3948 τέλη
2984 3883 3165 3943 τελῶ.

1797 4022 1976 4074 Versu
2000 4037 2033 4073 α
2054 4030 2258 4095 praeter
2276 4022 2659 4076 necessitatem
2686 4021 2859 4077 Mein.
2890 4016 3034 4089 ἥκων
3058 4062 3077 4093 ,
3102 4019 3369 4075 Jacobsio

1796 4106 2355 4181 Specim.,animadv.
2385 4106 2459 4162 ad
2481 4116 2626 4163 auct.
2647 4118 2782 4165 vett.
2801 4125 2864 4181 p.
2899 4126 2921 4161 1
2940 4126 2961 4161 1
2976 4126 2997 4161 1
3032 4116 3089 4162 et
3114 4108 3371 4161 Porsono

1801 4192 1947 4250 Λᾶν.
1978 4212 2041 4266 p.
2082 4192 2187 4247 123
2229 4192 2578 4248 auctoribus,
2626 4196 2693 4253 V.
2746 4192 2777 4274 3
2806 4191 3065 4272 φράτερας
3108 4193 3239 4251 cod.
3283 4193 3371 4250 Ad

1881 4372 2058 4427 neque
2084 4370 2327 4427 unquam
2352 4358 2643 4427 opsonium
2678 4372 2803 4414 eum
2842 4358 2947 4414 hoc
2976 4356 3191 4430 Corydo
3222 4372 3370 4411 oom-

2178 4470 2183 4473 ·
3104 4436 3371 4513 'linunica

1871 4528 2141 4601 (praedico
2162 4528 2290 4595 tibi)
2317 4546 2331 4583 :
2365 4544 2493 4585 nam
2517 4529 2683 4587 habet
2700 4546 2927 4587 manum
2952 4528 3173 4596 fortem,

1802 4620 1834 4669 5
1867 4630 2107 4681 aeneam,
2153 4614 2785 4688 infatigabilem‚·ipsum
2834 4618 3015 4687 ignem
3054 4618 3215 4687 longe
3252 4616 3369 4671 vin-

2796 4736 2813 4759 .
3099 4706 3367 4769 [centem.

2441 4792 2731 4848 CHlRON.

1869 4904 1941 4917 --
1969 4876 2268 4948 Multisque
2286 4878 2486 4933 exactis
2514 4877 2677 4933 annis

1871 4964 1942 5019 ab
1966 4964 2207 5021 hostibus
2233 4980 2481 5021 reversus
2508 4964 2655 5021 domi
2681 4964 2909 5029 adsum3
2931 4971 2986 5020 et
3008 4962 3325 5035 propinquis

1873 5053 1955 5105 vix
1984 5039 2215 5106 inventis
2238 5050 2645 5123 curialibusque
2676 5058 2733 5107 et
2761 5049 3139 5121 popularibuS,

1872 5138 1931 5193 in
1964 5139 2195 5195 abacum
2225 5138 2516 5210 inscriptus
2544 5154 2667 5195 sum
2695 5157 2708 5193 ε
2738 5143 2983 5210 (itaque)
3014 5140 3044 5191 J
3052 5136 3265 5209 uppiter
3288 5145 3371 5190 est

1801 5232 1831 5280 5
1871 5225 2235 5294 domestieuS‚
2265 5233 2345 5282 est
2374 5226 2625 5293 curialis-‚3
2648 5224 2849 5282 tributa
2877 5224 3047 5283 solvo.
3194 5222 3368 5291 [mihi

2502 5330 2511 5339 ·
3107 5324 3159 5363 aa
