3809 5850
1588 378 1993 441 CRATINUS.
3329 400 3394 450 71

183 511 289 583 ipse
312 504 655 584 πυροπίπην,
701 518 845 563 teste
874 508 1135 581 Peyrono
1170 526 1303 563 ann.
1336 509 1411 565 ad
1445 512 1631 584 Etym.
1664 513 1745 571 M.-
1844 510 2088 578 Καπνίας
2124 514 2434 573 ἐπεκαλεῖτο
2471 514 2558 573 διὰ
2595 514 2654 573 τὸ
2693 515 2856 591 μηδὲν
2902 518 3146 598 λαμπρὸν
3195 520 3410 601 γράφειν

180 619 231 673 p.
250 598 398 671 999)
418 595 507 652 τὸν
532 592 847 673 παράγοντα
863 594 955 651 καὶ
983 594 1469 675 παρακρουόμενον,
1490 596 1581 655 καὶ
1605 598 1749 655 ἀνα-
1843 600 1859 679 (
1886 602 1988 658 sed
2009 626 2032 651 α
2051 622 2160 677 pro
2179 605 2310 660 'luce
2335 604 2552 661 fumum
2575 628 2599 655 ι
2615 606 2808 683 dare).

164 684 411 742 ,πείθοντα
436 686 593 761 (haec
620 684 743 741 duo
770 686 1100 759 glossemata
1116 686 1280 741 verbi
1308 683 1652 763 παράγοντα)
1683 684 1750 744 τὰ

184 772 441 851 μειράκια,
453 776 637 830 τοῦτον
650 770 705 829 δὲ
720 774 749 829 6
764 773 873 851 Κρ.
892 771 1231 851 πυρροπίπην
1252 772 1451 850 (immo
1477 796 1519 830 π
1529 798 1558 832 υ
1572 796 1599 851 ρ
1613 794 1693 831 οπ
1704 773 1752 831 ί-

182 884 259 931 πη
272 865 317 935 ν)
340 859 511 936 λέγει,
536 856 779 917 τουτέστι
806 857 895 917 τὸν
906 858 1115 939 φύλακα
1136 865 1230 919 τοῦ
1258 859 1424 931 σίτου,
1440 863 1510 926 ὡς
1538 862 1751 938 (malim

182 950 303 1024 καὶ)
332 952 404 1014 εἰς
426 947 487 1006 τὸ
514 955 829 1026 πρυτανεῖον
852 946 1154 1028 παρέχοντα
1182 949 1400 1030 ἄρτους.
1426 954 1609 1009 Etiam
1636 956 1751 1009 Eu·

181 1040 409 1095 stathius
424 1040 706 1095 invenisse
718 1038 949 1094 videtur
968 1038 1302 1119 πυρροπίπης
1318 1084 1336 1116 ,
1362 1043 1465 1116 qui
1488 1042 1563 1097 ad
1580 1042 1745 1101 Iliad.

188 1147 273 1197 11,
306 1146 371 1201 p.
400 1124 545 1195 851,
577 1124 703 1181 56:
752 1123 954 1193 παίζων
982 1128 1012 1183 6
1051 1126 1283 1202 κωμικὸς
1325 1126 1751 1207 πυρροπίπην

180 1213 407 1271 σκώπτει
436 1211 556 1271 τινὰ
594 1214 665 1277 ὥς
704 1210 1025 1271 ὀπιπεύοντα
1062 1213 1183 1281 τοὺς
1214 1212 1439 1293 πυρρούς
1460 1238 1473 1251 ·
1505 1227 1564 1272 et
1584 1216 1659 1273 ad
1692 1236 1751 1285 7,

178 1322 231 1377 p.
248 1304 389 1377 679,
414 1303 493 1377 39
524 1322 543 1358 ι
568 1299 682 1358 ὅθεν
706 1300 725 1379 (
746 1299 855 1358 ἀπὸ
880 1306 971 1359 τοῦ
998 1301 1303 1381 ὀπιπεύειν)
1328 1303 1419 1361 καὶ
1440 1306 1469 1361 6
1498 1326 1626 1383 παρ
1642 1308 1669 1361 θ
1690 1326 1752 1361 ε-

180 1412 205 1445 ν
222 1388 463 1461 οπίπης
494 1390 697 1467 (Iliad.
724 1410 748 1446 1
765 1410 787 1445 1
800 1432 818 1461 ‚
840 1390 953 1447 385
974 1387 1010 1465 ),
1032 1389 1123 1449 καὶ
1140 1395 1169 1449 6
1186 1390 1523 1473 πυρροπίπης
1542 1390 1755 1471 &inupti

180 1479 255 1555 τῷ
276 1480 521 1555 κωμικῷ·
543 1488 603 1535 et
627 1478 704 1534 ad
735 1477 793 1550 3,
822 1497 885 1553 p.
921 1478 1055 1548 380,
1100 1499 1169 1535 12
1206 1500 1219 1535 :
1264 1478 1677 1558 καθολικώτερον
1698 1478 1753 1537 δὲ

180 1564 241 1621 τὸ
260 1588 421 1639 γυνα
438 1564 685 1641 ιμανής
712 1566 731 1641 (
755 1566 919 1623 Iliad.
958 1566 1012 1638 3,
1060 1568 1135 1642 39
1160 1564 1179 1646 )
1221 1572 1311 1625 τοῦ
1341 1566 1753 1645 παρθενοπίπης,

182 1656 251 1717 ὡς
288 1654 380 1711 καὶ
403 1658 501 1711 τοῦ
528 1651 929 1732 πυρροπίπη
950 1676 975 1719 ς
1010 1657 1039 1711 ὁ
1080 1676 1172 1711 πα
1189 1654 1499 1735 ιδοφιλῆς
1517 1704 1529 1715 .
1572 1659 1757 1713 Minus

180 1757 307 1820 apte
336 1744 475 1801 libri
498 1743 659 1821 apud
689 1744 1043 1801 Eustathium
1068 1742 1435 1803 ὀπιπτεύοντα.

908 1876 930 1912 1
944 1857 1035 1925 48.

264 1968 427 2023 Idem
474 1968 553 2023 ad
592 1965 742 2024 Plut.
788 1966 864 2022 66
911 1985 927 2024 :
976 1963 1056 2022 ὅτι
1103 1967 1162 2023 οὗ
1202 1964 1327 2043 πρὸς
1366 1964 1457 2024 ἕνα
1501 1963 1655 2039 μόνον
1697 1962 1757 2021 τὸ

180 2044 227 2112 ὦ
256 2058 435 2125 ’τᾶν,
468 2051 609 2113 ἀλλὰ
650 2054 743 2111 καὶ
770 2052 899 2133 πρὸς
942 2052 1053 2111 δύο.
1104 2053 1196 2111 καὶ
1242 2054 1345 2130 Κρ.
1396 2078 1421 2104 α
1460 2042 1628 2164 Ἀἵρά
1654 2074 1757 2127 γε,

182 2131 227 2198 ὦ
266 2144 441 2212 ’τέν,
483 2140 879 2213 ἐθελήσετε,
911 2168 936 2191 ²·
964 2145 1199 2199 Rectius
1226 2143 1428 2201 Suidas
1450 2162 1506 2201 v.
1555 2140 1759 2213 Ωτᾶν,

186 2229 507 2301 ἐθελήσετον.
529 2232 791 2290 Scribam
812 2228 1071 2287 firmiore
1093 2243 1278 2287 metro

580 2379 661 2393 —·
702 2336 832 2438 Ᾰρα
851 2356 1019 2438 γοῦν,

282 2450 331 2517 ὦ
366 2457 535 2537 ’τᾶν,
562 2452 949 2535 ἐθελήσετονς

915 2586 1041 2651 149.

268 2693 427 2749 Idem
464 2694 541 2749 ad
568 2696 677 2749 Av.
718 2690 909 2749 1536:
956 2698 1313 2767 σωματοποιεῖ
1351 2688 1445 2761 τὴν
1472 2688 1760 2749 Βασιλείαν

202 2778 315 2836 αὐτὸ
334 2776 395 2837 τὸ
431 2787 659 2857 πρᾶγμα
687 2780 759 2845 ὡς
787 2786 1033 2855 γυναῖκα.
1073 2778 1381 2857 Εὐφρόνιος,
1412 2776 1491 2836 ὅτι
1524 2776 1647 2844 Διὸς
1670 2781 1758 2836 θυ·

196 2868 353 2946 γάτηρ
376 2870 411 2939 ἡ
432 2864 769 2928 Βασιλεία...
798 2862 909 2924 ἔστι
934 2864 988 2923 δὲ
1012 2864 1101 2924 καὶ
1121 2863 1267 2944 παρὰ
1294 2864 1539 2946 Κρατίνῳ
1556 2868 1591 2936 ἡ
1622 2868 1711 2925 Βα
1730 2898 1759 2907 -

198 2957 435 3015 σιλεία.

916 3066 1041 3123 150.

270 3180 429 3235 ldem
454 3178 532 3234 ad
558 3179 715 3234 Nuh.
750 3177 866 3248 788
887 3218 904 3246 ,
934 3177 1355 3252 ἐπιλησμότατον
1392 3175 1554 3234 ;·ἔδει
1600 3176 1760 3233 εἰπεῖν

196 3263 727 3342 ἑπιλησμονίστατον.
752 3259 952 3330 Ἄλεξις
982 3263 1034 3320 δὲ
1064 3262 1347 3339 ἐπιλήσμη
1372 3262 1500 3342 φησὶ
1522 3307 1539 3336 ,
1576 3263 1679 3341 Κρ.
1706 3259 1761 3319 δὲ

198 3354 389 3424 ἑπιλη
404 3351 663 3428 σμοσύν
678 3375 737 3422 η.
766 3355 857 3408 Ita
878 3351 1087 3412 suidas
1109 3373 1155 3411 ε.
1186 3373 1241 3412 v.
1272 3350 1758 3428 Ἐπιλησμότατον.

196 3443 379 3499 Codex
398 3445 545 3500 Rav,
568 3440 913 3516 ἕπιλτζσμονι,
944 3461 1055 3517 pro
1080 3461 1197 3516 quo
1240 3443 1587 3499 Abreschius
1611 3457 1761 3518 pro-

195 3535 375 3603 posuit
426 3531 535 3588 ἐπι
548 3530 673 3600 λησ
684 3526 890 3603 μονὴ,
945 3531 1432 3586 consentientibus
1476 3531 1653 3588 Mein.
1706 3541 1763 3585 et

193 3619 394 3694 Bergk.
420 3617 773 3678 Commentt.
798 3636 860 3691 p.
888 3615 1025 3675 256.
1050 3615 1381 3673 Dindorfius
1410 3613 1759 3690 ἕπιλησμόνη.

920 3727 1049 3782 151.

267 3841 429 3897 Idem
476 3839 556 3894 ad
606 3839 953 3913 Thesmoph.
1000 3847 1119 3912 940
1170 3859 1182 3892 :
1228 3835 1357 3914 πρὸς
1403 3835 1609 3894 σανίσιν
1658 3839 1765 3895 ἐδε-

192 3925 445 4000 σμεύοντο
470 3923 749 3997 πολλάκις,
772 3926 843 3991 ὣς
864 3923 956 3982 καὶ
980 3927 1084 4001 Κρ.
1110 3925 1279 3995 δηλοῖ.
1314 3950 1337 3975 α
1358 3928 1443 3981 De
1470 3945 1631 3982 more
1648 3945 1765 3983 ma-

192 4014 379 4072 leficos
426 4016 633 4088 ligneis
692 4014 901 4068 tabulis
948 4014 1214 4088 alligandi
1256 4032 1312 4067 v.
1362 4014 1635 4071 Fritzsch.
1695 4015 1769 4070 ad

191 4103 537 4178 Thesmoph.
566 4121 628 4176 p.
651 4101 786 4161 360.
828 4127 851 4151 ι
887 4103 969 4156 M.

920 4211 1050 4269 152.

264 4325 433 4380 Idem
454 4325 534 4382 ad
557 4328 729 4399 Vesp.
762 4323 865 4379 151
910 4343 922 4377 :
957 4321 1043 4379 τὸν
1068 4321 1452 4397 ὑπεκλυόμενον
1485 4311 1619 4380 οἶνον
1643 4319 1771 4401 φασί

180 4433 317 4475 τινες
366 4411 677 4470 καπνίαν
717 4408 979 4486 λέγεσθαι·
1016 4412 1069 4469 ἐν
1108 4409 1165 4467 δὲ
1210 4417 1317 4476 τοῖς
1342 4409 1465 4488 περὶ
1502 4409 1769 4489 Κρατίνου

180 4497 501 4578 διώρισται,
544 4495 629 4554 ὅτι
655 4495 745 4554 τὸν
768 4496 1021 4556 ἀπόθετον
1060 4495 1097 4568 ἢ
1122 4497 1349 4555 παλαιόν
1368 4519 1381 4533 ·
1412 4495 1493 4555 διὸ
1520 4495 1615 4555 καὶ
1643 4496 1771 4556 Ἐκ-

180 4587 445 4664 muniz-qv
484 4584 739 4644 Καπνίαν
769 4585 1008 4644 καλοῦσι.
1057 4589 1143 4644 De
1176 4587 1291 4642 hoc
1326 4589 1673 4662 cognomine
1712 4607 1766 4642 ν.

178 4695 363 4752 supra
402 4695 473 4752 p.
504 4683 562 4744 4.
596 4675 846 4748 Hesych.
885 4693 942 4729 ν.
996 4673 1237 4738 Καπνίας
1283 4697 1294 4728 ;
1344 4673 1769 4753 Ἐκφαντίδης...

968 4849 1083 4898 148.

294 4961 369 4971 -
402 4937 489 4986 An
514 4929 705 5000 igitur,

180 5017 385 5082 amice,
410 5015 721 5073 volebatis?

730 5139 747 5148 ·
930 5109 1043 5158 153.

186 5189 397 5247 nacta.
432 5189 681 5255 excoria‚
715 5188 899 5259 pulsa!

2564 715 2694 775 153.

1912 825 2083 973 ὶῐιὲἕω
2103 825 2180 881 ad
2201 829 2312 905 Av.
2334 824 2478 897 365,
2504 823 2646 896 ἕλκε,
2663 824 2832 897 τίλλε,
2857 834 3000 897 παῖε,
3025 827 3182 907 δεῖρε,
3205 825 3363 887 κόπτε
3392 850 3404 884 ;

1841 934 1912 971 κα
2019 935 2068 991 ρ.
2123 928 2136 939 ·

2039 1027 2304 1119 Σφοὶττε,
2349 1020 2528 1123 δεῖρε,
2554 1026 2780 1096 adme!

1842 1144 2004 1223 Δαῖρε
2033 1148 2219 1202 scribo
2258 1168 2271 1204 τ
2310 1168 2368 1204 v.
2403 1168 2536 1204 ann.
2573 1150 2646 1206 ad
2667 1150 2821 1205 Nub.
2858 1150 2994 1216 436.

2569 1262 2693 1332 154.

1925 1375 2084 1430 Idem
2113 1376 2186 1431 ad
2229 1378 2397 1451 Vesp.
2435 1376 2547 1433 352
2581 1394 2596 1435 z
2627 1374 2738 1435 ἔστι
2770 1376 2823 1435 δὲ
2861 1376 3088 1454 θηρίδιόν
3128 1400 3178 1435 τι
3221 1380 3406 1459 μικρόν

1848 1458 2128 1539 (σίρφος).
2183 1463 2283 1540 Κρ.
2315 1460 2370 1518 δὲ
2413 1458 2672 1541 μύρμηκά
2721 1486 2848 1543 φησι
2891 1462 2981 1521 τὸν
3020 1462 3227 1543 σέρφον.
3269 1468 3316 1523 οἱ
3359 1465 3413 1522 δὲ

1846 1542 2064 1626 ζωύφιον
2108 1548 2452 1616 κωνωπῶδες.
2501 1548 2702 1630 Σέρφος
2731 1564 2814 1608 est
2843 1553 3084 1617 formica
3113 1555 3290 1622 alata,
3323 1556 3414 1609 vel

1846 1638 2094 1693 culicum
2117 1656 2309 1712 genus.
2349 1664 2372 1685 a
2417 1640 2678 1697 Fortasse
2719 1637 2931 1718 Κράτης
2973 1640 3270 1715 legendum
3313 1653 3412 1710 est,

1844 1736 1910 1781 ut
1937 1728 2336 1800 grammaticus
2365 1728 2730 1803 intelligatur,
2757 1739 2821 1784 ut
2849 1730 3032 1785 voluit
3053 1730 3350 1788 Dobraeus.
3389 1756 3413 1777 v·

2567 1902 2694 1959 155.

1928 2014 2088 2071 Idem
2117 2014 2193 2070 ad
2233 2014 2368 2073 Pac.
2405 2024 2509 2085 741
2558 2008 2584 2073 ξ’
2606 2016 2897 2083 ἐπεπόλαζε
2946 2014 3062 2093 γὰρ.
3083 2015 3200 2073 τότε
3246 2020 3414 2073 ταῦτα

1850 2100 1867 2181 (
1894 2103 2172 2175 ejusmodi
2223 2115 2554 2177 argumenta
2605 2104 3091 2181 comoediarum),
3145 2103 3416 2181 Ἡρακλῆς

1848 2194 2067 2263 πεινῶν,
2101 2188 2190 2247 καὶ
2237 2188 2480 2257 Διόνυσος
2509 2191 2706 2271 sente,
2735 2192 2826 2251 καὶ
2863 2190 3044 2271 μοιχὸς
3079 2191 3242 2270 Ζεὺς,
3279 2192 3414 2253 ὥστε

1849 2276 1941 2335 καὶ
1973 2278 2145 2344 αὐτοῖς
2175 2278 2344 2335 δοκεῖν
2375 2276 2645 2356 ἄχθεσθαι.
2669 2280 2776 2357 Κρ.

1963 2386 2094 2458 Ῠπὸ
2128 2384 2189 2457 δ’
2227 2386 2568 2486 Ῑῖῐρακλέους
2595 2404 2919 2471 πεινῶντος
2947 2392 3098 2487 ἄγαν

1949 2508 2146 2564 ταῦτα
2175 2498 2280 2564 καὶ
2314 2502 2700 2577 σκώπτοντος
2734 2505 2800 2567 οὐ
2834 2502 3050 2586 βιωτόν
3081 2506 3267 2567 ἐστιν.

1850 2628 2125 2684 Mendose
2162 2628 2296 2683 libri
2336 2624 2542 2697 αὐτοὺς,
2576 2640 2633 2685 et
2659 2630 2816 2704 apud
2852 2632 3142 2686 Cratinum
3175 2628 3412 2705 ἄγειν....

1854 2712 2090 2794 βοιωτὸν,
2118 2717 2220 2772 sed
2249 2716 2395 2775 Ven.
2420 2716 2537 2793 ἄγει
2567 2729 2624 2773 et
2649 2729 2803 2773 recte
2829 2716 3037 2795 βιωτόν.
3067 2720 3286 2789 Ταῦτα,
3313 2726 3413 2787 sic,

1852 2816 1918 2860 ut
1934 2806 2040 2879 Eq.
2073 2824 2095 2860 1
2113 2824 2136 2859 1
2153 2824 2175 2860 1
2191 2848 2206 2875 ,
2229 2805 2330 2861 ubi
2358 2824 2414 2859 v.
2443 2824 2574 2861 ann.
2603 2808 2893 2862 Posterior
2914 2808 3123 2863 horum
3155 2826 3419 2863 versuum

1852 2904 1937 2951 est
1954 2906 2302 2970 asynartetus
2319 2937 2336 2966 ,
2356 2897 2455 2972 qui
2476 2908 2694 2954 constat
2713 2916 2782 2954 ex
2812 2897 3038 2955 duobus
3063 2896 3248 2955 troch.
3275 2898 3413 2955 dim.

1852 2984 2372 3059 brachycalecticis..

2579 3073 2709 3128 156.

1932 3185 2125 3242 Schol.
2179 3186 2410 3240 Pindari
2456 3187 2688 3260 Olymp.
2735 3187 2796 3256 6,
2859 3186 2996 3256 152,
3053 3187 3117 3244 Et
3166 3184 3419 3264 φεύγομεν

1854 3270 2112 3330 Βοιωτίαν
2137 3261 2203 3327 ὗν
2233 3289 2246 3330 :
2275 3270 2357 3328 ὅτι
2399 3269 2483 3328 διὰ
2515 3269 2610 3340 τὴν
2640 3269 2912 3348 ἀγροικίαν
2950 3271 3042 3328 καὶ
3083 3271 3178 3342 τὴν
3207 3273 3423 3349 ἀναγω-

1853 3357 1974 3437 γίαν
2019 3357 2080 3416 τὸ
2129 3357 2354 3416 παλαιὸν
2384 3360 2432 3415 οἱ
2480 3356 2702 3416 Βοιωτοὶ
2729 3349 2814 3423 ὗες
2853 3359 3158 3430 ἐκαλοῦντο,
3187 3358 3424 3436 καθάπερ

1854 3445 1946 3504 καὶ
1974 3444 2128 3510 αὐτὸς
2157 3473 2180 3496 «ι
2211 3435 2320 3506 q'His
2349 3442 2434 3502 ὅτε
2464 3443 2591 3510 σύας
2627 3444 2686 3501 τὸ
2725 3441 2974 3502 Βοιώτιον
3003 3444 3142 3510 ἔθνος
3171 3444 3368 3522 ἔλεγον·
3397 3469 3432 3496 υ·

1854 3535 1944 3592 καὶ
1973 3536 2076 3613 Κρ.

1961 3650 2150 3717 Οὗτοι
2217 3641 2276 3714 δ’
2319 3650 2468 3716 εἰσὶν
2522 3645 2906 3732 συοὲοιωτοὶ,
2959 3642 3422 3741 κρουπεζοφόρον

2977 3757 3145 3846 γένος
3170 3746 3420 3848 ἀνδρῶν.

1858 3889 1944 3942 Ita
1975 3885 2211 3942 Porson.
2262 3885 2479 3958 praefat.
2515 3886 2762 3941 Hecubae
2800 3905 2858 3960 p.
2901 3883 2993 3955 57,
3035 3903 3212 3957 quum
3253 3886 3426 3960 vulgo

1858 3975 2143 4048 legeretur
2186 3969 2552 4029 συοὸοιωτικὸν
2590 3969 2875 4050 πεζοφόρον
2896 4016 2913 4044 ,
2941 3973 3082 4028 etin
3118 3973 3250 4030 cod.
3281 3973 3430 4032 Vra-

1859 4063 2039 4116 tislav.
2061 4061 2133 4118 D.
2157 4057 2520 4116 συοὸοιωτικαὶ
2543 4057 2862 4138 πεζοφόρων.
2889 4059 3132 4134 Hesych.
3161 4057 3426 4118 Συοὸοιω-

1858 4147 1939 4206 τοί
1967 4170 1979 4203 :
2009 4149 2056 4205 oi
2081 4147 2302 4206 Βοιωτοὶ
2329 4147 2466 4212 σύες.
2495 4150 2730 4204 photius
2750 4157 2815 4224 p.
2841 4148 2975 4219 557,
2999 4168 3055 4207 α.
3093 4145 3388 4206 Συὸοιωτοί
3414 4168 3427 4206 ;

1862 4235 1978 4302 σύες
2004 4235 2106 4314 γὰρ
2136 4236 2405 4293 ἐκαλοῦντ’
2433 4238 2480 4293 οἱ
2509 4233 2676 4293 πάλαι
2723 4235 2966 4316 Βοιωτοί.
3003 4237 3161 4292 Idem
3188 4257 3250 4312 p.
3295 4235 3430 4306 180,

1864 4345 1932 4381 21
1955 4368 1971 4400 ,
2003 4321 2304 4402 Κρουπέζαι
2331 4346 2344 4379 t
2385 4321 2562 4391 ξύλινα
2587 4321 2979 4399 ὑποδήματα...
3005 4323 3052 4381 οῖ
3083 4323 3136 4380 δὲ
3161 4321 3430 4401 κρόταλον,

1862 4409 1890 4469 ὃ
1939 4415 2170 4487 (malim
2207 4402 2286 4491 ᾧ)
2331 4414 2670 4492 ἐπιψοφοῗὶσιν
2715 4415 2761 4470 οἱ
2799 4411 3052 4483 αὐληταὶ,
3090 4410 3148 4468 τὸ
3179 4410 3429 4489 βάταλον.

1862 4501 2064 4555 Pollux
2091 4520 2148 4570 7,
2184 4501 2256 4570 87
2291 4518 2305 4557 ε
2339 4497 2781 4578 κρουπεζοφόρους
2812 4499 2860 4555 δ’
2890 4489 3002 4556 εἶπε
3031 4496 3149 4564 τοὺς
3181 4496 3434 4563 Βοιωτοὺς

1865 4587 1968 4664 Κρ.
2005 4583 2090 4642 διὰ
2109 4585 2174 4642 τὰ
2204 4588 2256 4642 ἐν
2281 4587 2538 4664 αὔλητικῇ
2568 4585 2862 4665 κρούματα.
2905 4613 2928 4637 «ι
2958 4589 3216 4661 Respicit
3241 4588 3434 4642 locum

1864 4676 2098 4730 fortasse
2122 4677 2292 4730 etiam
2315 4675 2649 4732 Plutarchus
2677 4677 2761 4731 De
2795 4694 2892 4730 esu
2919 4693 3076 4730 carn.
3101 4695 3162 4748 p.
3189 4675 3329 4748 995,
3363 4675 3432 4742 Ε,

2596 4849 2717 4899 154.

1818 4867 1829 4995 ί
1870 4935 2098 5003 Propter
2119 4929 2412 4986 Herculem
2439 4927 2750 4987 famelicum

1868 5017 1948 5073 sic
1973 5025 2026 5072 et
2047 5015 2372 5072 irridentem·
2394 5033 2505 5073 11011
2527 5027 2611 5073 est
2639 5017 2956 5074 vitalis-vita.

2594 5110 2712 5162 156.

1877 5194 1946 5248 1Ιί
1975 5201 2102 5250 sunt
2128 5210 2250 5249 sues
2271 5195 2444 5250 Boeoti
2467 5237 2480 5262 ,
2507 5193 2906 5251 scabelliferum
2935 5205 3105 5264 genus
3135 5190 3392 5244 virorum.
