3809 5850
410 398 481 449 74
1392 378 1805 439 COMOEDIAE
1846 372 2178 435 VETEms
2223 372 2635 445 RELlQUlAE.

1138 534 1264 585 ¹77·

493 633 651 689 Idem
670 631 752 687 ib.
775 648 839 705 p.
870 646 987 704 929
1010 627 1123 705 ἀφ’
1148 616 1193 704 ᾧ
1218 648 1348 685 τε...
1377 622 1468 681 καὶ
1491 624 1732 701 δριστικῷ
1762 620 1982 680 συντάσ-
2061 676 2070 687 ,

412 742 598 795 σεται,
632 718 721 776 καὶ
746 714 1135 795 ᾶπαρεμφάτῳ.
1166 713 1494 783 Θουκυδίδης
1536 714 1635 787 (4,
1670 711 1811 787 30),
1845 737 1869 761 n
1902 708 1980 789 ἐφ,

413 798 457 887 ᾧ
485 806 694 887 φυλακῇ
716 806 780 882 τῇ
810 800 996 883 μετρίᾳ
1020 799 1359 879 τηρήσονται.
1396 826 1420 851 »
1452 798 1541 857 καὶ
1572 801 1675 879 Κρ.

512 915 624 1011 Ἐφ’
664 917 712 1001 ᾧ
744 914 805 983 τ’
839 920 1103 1008 ἐμαυτὴν
1136 908 1555 1007 συγκαθεύδειν
1577 924 1667 1001 τῷ
1699 913 1909 1006 πατρί.

416 1052 671 1106 Fortasse
698 1046 876 1103 verba
906 1046 1171 1120 Pelopiae,
1203 1064 1328 1119 quae
1370 1064 1503 1101 cum
1540 1045 1782 1119 Thyeste
1824 1052 1985 1119 patre

418 1136 730 1193 concubuit
764 1152 779 1193 ε
810 1154 869 1192 ν.
901 1135 1117 1210 Hygia.
1152 1134 1293 1191 Fab.
1326 1132 1423 1205 87.

1044 1246 1175 1317 178.
1230 1266 1362 1320 179.

500 1361 663 1420 Idem
680 1361 795 1415 vol.
828 1378 886 1428 ο,
906 1378 971 1435 p.
1006 1358 1179 1429 1168,
1210 1356 1390 1417 Κάθου
1418 1354 1508 1414 καὶ
1538 1354 1739 1425 κάθησο
1767 1376 1781 1414 :
1814 1352 1984 1431 ἀμφό-

420 1468 545 1524 τερα
574 1444 845 1516 ἑλληνικά.
877 1444 1247 1527 Ἀριστοφάνης
1272 1470 1296 1495 «
1324 1444 1447 1522 Οὐχ
1465 1440 1582 1522 ὅτι(
1608 1440 1737 1521 ὅπερ
1762 1444 1940 1499 Mein.
1969 1442 1986 1517 )

420 1537 607 1599 ἐκεῖνος
630 1530 840 1612 ἔλαχεν·
864 1532 1102 1610 οἰμώζων
1131 1532 1316 1592 κάθου.
1344 1558 1367 1585 ⁸
1400 1535 1503 1610 Kp.

517 1652 648 1725 Τὴν
679 1656 851 1743 χεῖρα
892 1654 973 1742 μὴ
1012 1644 1320 1735 ’πίὸαλλε,
1357 1652 1439 1740 μὴ
1474 1647 1679 1714 κλάων
1711 1646 1889 1737 κάθῃ.

424 1785 493 1837 Et
524 1782 725 1855 paucis
769 1780 1079 1853 interjectis
1116 1801 1127 1835 :
1170 1779 1381 1855 λέγουσι
1424 1774 1477 1835 δὲ
1512 1776 1603 1835 καὶ
1632 1776 1952 1843 καθίζανε
1975 1821 1986 1833 .

424 1866 839 1946 Φερεκράτης...
870 1870 975 1946 Κρ.

524 1986 600 2051 Εἰ
631 1994 869 2078 πρῶτος
901 1984 1123 2068 ἔλθοις,
1150 1981 1255 2050 καὶ
1280 1978 1624 2061 καθίζεσθαι
1655 1978 1889 2061 idemq.

1050 2114 1185 2170 180.
1237 2112 1368 2168 181.

506 2228 667 2284 Idem
692 2229 773 2284 ib.
802 2248 861 2304 p.
896 2226 1044 2286 1366
1072 2246 1085 2281 :
1132 2226 1181 2283 οἱ
1218 2222 1444 2283 Ἀττικοὶ
1488 2218 1750 2299 μόλυὸδον
1778 2220 1871 2279 καὶ
1902 2242 1998 2296 μο-

428 2314 687 2374 λύὸδινον·
717 2314 777 2373 τὸ
796 2314 850 2373 δὲ
880 2314 1109 2393 μόλυὸον
1140 2315 1158 2393 (
1182 2316 1328 2373 male
1354 2314 1487 2371 libri
1510 2310 1809 2389 μολυὸοῦν)
1834 2308 1996 2389 ἐσχά-

432 2426 533 2469 τως
563 2400 853 2483 βάρὸαρον.

526 2554 624 2567 ——-
656 2514 711 2585 ὁ
732 2518 1010 2611 Φορμίων
1040 2510 1113 2583 δὲ
1142 2525 1296 2611 τρεῖς
1324 2520 1568 2591 στήσειν
1592 2518 1705 2607 ἔφη

533 2615 847 2717 τρίποδας,
876 2626 1067 2691 ἔπειτ’
1092 2626 1298 2697 ἔθηκεν
1327 2624 1432 2689 ἕνα
1466 2614 1849 2715 μολύῧδινον.

438 2754 543 2829 Κρ.

532 2868 867 2936 Φαίνεσθαι
903 2878 1157 2964 χρυσῆν,
1184 2863 1216 2898 ⁴*
1242 2874 1375 2934 κατ’
1400 2865 1609 2963 ἅγρους
1636 2860 1697 2935 δ’
1738 2866 1897 2947 αὖθις
1931 2865 2003 2935 αὖ

1610 2966 2002 3069 μολυὲδίνην.

436 3112 637 3182 Apage
660 3107 764 3162 ista
802 3102 921 3162 κατ’
946 3102 1159 3185 ἄγρους,
1186 3125 1313 3181 qnae
1350 3106 1545 3162 fucum
1580 3106 1841 3162 fecerunt
1872 3106 2008 3160 viris

438 3195 651 3250 doctis!
686 3194 1019 3250 Ponendum
1045 3191 1305 3270 κατάκρ
1322 3215 1354 3250 α
1370 3215 1420 3264 ς,
1440 3199 1663 3270 penitus
1680 3234 1698 3263 ,
1730 3193 2005 3266 funditus,

439 3301 566 3355 quae
600 3300 711 3337 vox
748 3283 925 3356 paulo
968 3284 1157 3338 rarior
1185 3284 1431 3339 habetur
1472 3282 1625 3358 apud
1658 3271 2008 3358 Sophoclem

439 3371 521 3426 Cr.
540 3370 702 3426 Iliad.
728 3370 819 3439 13,
842 3389 978 3441 772.
993 3368 1249 3428 Phialam
1272 3373 1461 3448 specie
1482 3389 1733 3446 auream,
1750 3391 1813 3428 re
1828 3381 2007 3427 totam

444 3458 813 3534 plumbeam,
843 3461 933 3515 vel
980 3461 1200 3534 aliquid
1239 3460 1535 3532 ejusmodi,
1566 3461 1659 3520 Cr.
1691 3461 1883 3516 dicere
1918 3462 2008 3514 vi-

441 3549 631 3607 detur.
660 3581 738 3591 —
772 3549 1175 3606 Phormionem
1213 3552 1527 3625 intelligam
1572 3551 1808 3606 divitem
1850 3550 2010 3605 illum

442 3640 868 3710 Atheniensem,
899 3639 971 3694 de
1003 3659 1120 3713 quo
1152 3641 1561 3696 Demosthenes
1590 3640 1734 3696 Mid.
1762 3659 1822 3714 p.
1869 3637 2005 3694 565.

442 3729 587 3782 Eum
620 3727 1051 3800 intelligendum
1094 3747 1214 3783 esse
1250 3731 1419 3784 etiam
1453 3729 1651 3802 Mein.‚
1680 3729 1788 3782 nisi
1819 3726 2008 3797 fallor,

443 3815 805 3882 existimavit,
830 3814 1098 3887 supplens
1117 3816 1213 3870 ille
1244 3818 1493 3895 ἀργυροῦς
1522 3811 1859 3892 (τρίποδας).
1889 3817 2011 3890 Ego

444 3899 641 3956 addidi
668 3901 697 3956 δ
716 3911 772 3956 et
804 3897 882 3956 δέ.
915 3901 1154 3956 Codices
1180 3899 1466 3977 Φορμίων·
1494 3902 1651 3980 Τρεῖς
1676 3902 1773 3981 ἔφη
1803 3900 2012 3972 στήσειν

444 4007 525 4063 τρ.
557 3988 645 4043 Ad
664 3989 1061 4063 Trophonium
1082 3989 1253 4045 refert
1279 3991 1451 4046 Mein.

1168 4101 1299 4160 182.

528 4213 731 4268 Pollux
760 4231 819 4287 7,
856 4213 957 4269 161
998 4233 1010 4266 :
1056 4211 1375 4291 κεράμιον
1422 4213 1701 4293 οἰνηρὸν
1730 4213 2014 4294 Ἡρόδοτος

448 4297 537 4356 καὶ
567 4300 668 4380 Κρ.
708 4301 824 4356 Nisi
846 4301 959 4356 hoc
984 4301 1346 4360 referendum
1375 4303 1449 4360 ad
1476 4305 1689 4380 Pytinae
1717 4305 1917 4380 fragm.
1957 4307 2014 4365 8.

462 4687 1957 4698 ————-——-———-———————-——

1172 4745 1297 4794 177.

456 4827 532 4880 Ea
560 4822 890 4894 conditione,
926 4833 989 4882 ut
1008 4841 1133 4882 cum
1155 4835 1305 4898 patre
1322 4827 1766 4884 concumberent.

1176 4921 1197 4972 1
1213 4923 1295 4970 78.

456 5003 597 5056 Cave
616 5015 843 5058 manum
870 5001 1098 5074 injicias,
1132 5019 1199 5058 ne
1222 5003 1476 5060 considas
1497 5003 1733 5075 plorans.

482 5111 491 5122 ·
1178 5096 1199 5147 1
1212 5097 1296 5146 7⁰.

457 5176 509 5232 Si
539 5177 745 5248 primus
765 5178 1019 5246 venisses»,
1046 5179 1207 5236 etiam
1228 5179 1405 5235 locuni
1435 5183 1723 5251 reperisses
1738 5179 1801 5235 ad
1830 5179 2018 5236 seden-

1846 5091 2046 5158 [dum.·

2793 504 2922 562 Vll.

2679 654 3036 720 CRATES.

2158 811 2440 870 Cratetem
2467 810 2866 867 Atheniensem
2884 848 2899 876 ,
2923 808 3166 879 antiquae
3187 805 3482 861 comoediae
3507 826 3647 881 poe-

2079 911 2194 955 tam
2211 940 2227 968 ,
2291 899 2510 959 Cratini
2571 898 2708 953 olim
2771 897 3102 952 histrionem
3155 894 3323 949 fuisse
3377 906 3651 950 testantur

2077 988 2400 1044 scholiastes
2421 988 2712 1061 Aristoph.
2739 988 2848 1059 Eq.
2881 984 2993 1051 534
3029 1004 3042 1038 ε
3095 978 3375 1059 κωμῳδίας
3403 972 3467 1051 ἦν
3497 1004 3650 1052 ποιη-
3746 1020 3749 1053 ,

2079 1074 2203 1149 τὴς,
2231 1073 2286 1140 ὃς
2305 1076 2514 1152 πρῶτον
2547 1073 2858 1153 ὑπεκρίνατο
2879 1069 3013 1152 (τὰ)
3043 1069 3304 1147 Κρατίνου
3322 1112 3340 1142 ,
3369 1068 3462 1127 καὶ
3497 1070 3654 1135 αὐτὸς

2079 1162 2291 1242 ὕστερον
2329 1160 2550 1233 ποιητὴς
2579 1160 2780 1238 ἐγένετο
2797 1206 2814 1237 ,
2843 1172 2898 1219 et
2929 1166 3262 1234 Anonymus
3307 1162 3394 1215 De
3423 1178 3650 1215 comoe-

2081 1252 2178 1308 dia
2203 1272 2264 1327 p.
2297 1271 2376 1309 xv
2405 1270 2419 1310 :
2449 1254 2631 1309 τοῦτον
2655 1246 2942 1329 ὑποκριτήν
2977 1270 3106 1322 φασι
3129 1245 3394 1323 γεγονέναι
3421 1247 3482 1304 τὸ
3505 1251 3652 1325 πρῶ·

2081 1363 2168 1398 τον
2185 1386 2201 1415 ,
2231 1339 2283 1407 ὃς
2311 1339 2630 1411 ἐπιὸέὸληκε
2659 1337 2926 1417 Κρατίνῳ.
2959 1337 3290 1413 Olympiadi
3319 1339 3602 1393 Lxxxn
3611 1340 3652 1407 1,

2085 1438 2118 1497 4
2153 1431 2498 1488 adscribitur
2521 1431 2595 1486 ab
2637 1429 2884 1485 Eusebio
2903 1468 2920 1497 ,
2951 1446 3068 1501 quo
3097 1445 3254 1481 anno
3272 1428 3522 1501 primam
3563 1428 3654 1483 sa·-

2082 1520 2276 1575 bulam
2321 1520 2538 1577 docuit.
2587 1518 2844 1593 Singulos
2867 1516 3127 1571 homines
3167 1515 3476 1571 lacessendi
3505 1534 3654 1570 con-

2085 1608 2438 1663 suetudinem
2482 1608 2576 1662 ille
2601 1607 2722 1661 fere
2777 1606 2990 1678 omisit,
3031 1605 3240 1659 hilaria
3271 1606 3450 1678 magis
3487 1616 3548 1659 et
3577 1606 3654 1659 ad

2084 1697 2493 1773 generaliorem
2527 1712 2756 1751 morum
2790 1695 3076 1769 picturam
3105 1694 3450 1767 pertinentia
3481 1712 3658 1767 argu-

2085 1796 2275 1841 menta
2317 1784 2648 1859 praeferens,
2680 1780 2902 1839 καθόλου
2929 1780 3112 1853 λόγους
3149 1778 3184 1849 ἢ
3211 1780 3435 1853 μύθους,
3460 1794 3530 1838 ut
3569 1786 3657 1839 lo-

2087 1873 2284 1944 quitur
2313 1870 2646 1927 Aristoteles
2674 1873 2795 1925 Art.
2821 1872 2984 1927 Poet.
3019 1888 3144 1943 cap.
3195 1866 3252 1940 5,
3297 1888 3330 1925 a
3367 1871 3659 1925 Meinekio

2093 1960 2236 2017 Hist.
2269 1960 2396 2016 crit.
2429 1977 2492 2034 p.
2529 1956 2716 2031 59-60
2743 1958 2958 2031 optime
2985 1958 3289 2031 expositus.
3321 1959 3662 2029 Anonymus

2090 2050 2285 2120 etiam,
2309 2048 2380 2103 de
2399 2044 2744 2105 pherecrate
2774 2046 3018 2119 loquens
3040 2086 3058 2116 ‚
3081 2046 3319 2108 Cratetis
3351 2046 3662 2116 imitatore,
3761 2072 3763 2077 ·

2089 2154 2150 2211 p.
2183 2156 2260 2193 xv
2311 2156 2324 2192 :
2357 2133 2586 2205 ἐζήλωκε
2619 2132 2906 2213 Κράτητα,
2941 2131 3033 2191 καὶ
3065 2124 3133 2191 αῧ
3163 2138 3252 2191 τοῦ
3289 2132 3383 2210 μὲν
3408 2134 3663 2211 λοιδορεῖν

2093 2222 2324 2295 ἀπέστη,
2361 2222 2654 2300 πράγματα
2683 2221 2736 2279 δὲ
2766 2222 3134 2298 εἰσηγούμενος
3161 2220 3320 2279 καινὰ
3357 2221 3661 2296 ηὐδοκίμει,

2090 2311 2360 2388 γενόμενος
2371 2308 2626 2389 εὑρετικὸς
2635 2308 2831 2385 μύθων.
2847 2312 3062 2367 Eodem
3073 2322 3232 2385 teste,
3243 2314 3378 2366 item
3389 2312 3664 2368 Athenaeo

2102 2422 2192 2472 10,
2225 2420 2286 2475 p.
2335 2408 2472 2477 429,
2515 2405 2585 2472 A,
2620 2402 2839 2476 primus
2874 2408 3001 2475 post
3040 2401 3444 2475 Epicharmum
3469 2402 3668 2459 Crates

2095 2490 2286 2545 ebrios
2313 2490 2615 2547 induxerat
2645 2492 2714 2567 in·
2747 2486 2955 2547 Γείτοσι
3005 2489 3214 2547 fabula.
3259 2490 3362 2545 llle
3401 2508 3536 2544 eum
3575 2510 3668 2564 γε·

2095 2575 2234 2633 λοῑον
2252 2575 2343 2634 καὶ
2365 2574 2543 2655 ἱλαρὸν
2557 2588 2784 2651 poetam
2803 2587 2991 2633 vocat.
3009 2577 3416 2650 Aristophanes
3429 2594 3668 2651 quoqne
3770 2602 3771 2605 ¹

2097 2668 2286 2721 verbis
2313 2666 2447 2721 licet
2488 2666 2679 2738 aliquo
2727 2666 2925 2722 ironiae
2961 2665 3157 2721 colore
3189 2666 3424 2739 aspersis
3467 2664 3666 2721 laudat

2099 2766 2286 2809 tamen
2305 2795 2320 2820 ‚
2350 2754 2538 2826 Equit.
2571 2752 2686 2809 538
2715 2772 2729 2808 :
3395 2758 3402 2763 ‘

2175 2862 2230 2930 ὃς
2253 2860 2356 2921 α’πὸ
2378 2869 2602 2943 σμικρᾶς
2627 2861 2862 2934 δαπάνης
2883 2864 3018 2940 ὑμᾶς
3037 2861 3312 2942 ἀριστίζων
3333 2860 3666 2938 ἀπέπεμπεν,

2178 2949 2283 3010 ἀπὸ
2329 2949 2700 3032 κραμὸοτάτου
2749 2949 3006 3026 στόματος
3059 2950 3272 3026 μάττων
3323 2949 3668 3018 ἀστειοτάτας

3413 3041 3665 3104 ἐπινοίας.

2101 3157 2214 3212 Ubi
2233 3156 2448 3212 scholia
2482 3176 2494 3210 :
2523 3153 2828 3232 ὀλιγόστιχα
2854 3152 3130 3228 ποιήματα
3154 3152 3377 3232 γράψας·
3407 3167 3466 3210 et
3496 3176 3508 3209 :
3544 3177 3668 3230 σμι·

2099 3239 2200 3321 κρὰ
2229 3240 2408 3312 ἐποίει,
2429 3240 2520 3298 καὶ
2540 3240 2725 3319 ἔτερπε
2753 3238 2871 3306 τοὺς
2893 3237 3175 3318 ἀκροατὰς,
3201 3241 3414 3320 γράφων
3439 3240 3591 3310 ἡδέα·
3618 3259 3676 3299 et

2101 3327 2470 3406 κραμὸοτάτου
2518 3351 2531 3386 z
2581 3327 2843 3400 ἡδυτάτου
2861 3370 2876 3398 ,
2929 3325 3280 3406 ξηροτάτου...
3338 3329 3676 3408 αὗτοσχέδιος

2099 3415 2202 3495 γὰρ
2230 3407 2290 3487 ἦν
2317 3414 2522 3495 περὶτὰ
2551 3415 2800 3496 δράματα
2821 3461 2837 3488 ,
2861 3419 3008 3472 sicut
3030 3419 3433 3492 Aristophanes
3461 3419 3520 3472 in
3543 3421 3678 3474 alte-

2105 3507 2178 3560 ris
2208 3505 2803 3580 Thesmophoriazusis
2843 3523 3060 3561 novum
3105 3506 3399 3579 quoddam
3437 3509 3681 3562 Cratetis

2104 3595 2394 3648 inventum
2441 3587 2914 3670 παραὸεὸλημένον
2947 3592 3102 3650 dicit.
3139 3596 3565 3661 Verumtamen,
3615 3609 3680 3650 ut

2103 3693 2320 3738 ceteros
2345 3682 2461 3738 sere
2485 3692 2684 3755 poetas
2713 3681 2990 3750 comicos,
3025 3683 3105 3740 ita
3131 3681 3410 3736 Cratetem
3439 3701 3680 3756 quoque

2103 3771 2391 3844 popularis
2412 3789 2562 3826 aurae
2587 3771 3018 3826 inconstantiam
3039 3781 3334 3843 expertum
3355 3789 3470 3826 esse
3513 3773 3682 3846 signi-

2103 3855 2235 3914 ficat
2256 3857 2657 3932 Aristophanes
2681 3861 2788 3931 Eq.
2821 3856 2930 3928 537
2967 3878 2980 3912 :

2186 3967 2296 4035 οἵας
2321 3967 2376 4027 δὲ
2408 3969 2622 4049 Κράτης
2650 3968 2805 4048 ὀργὰς
2831 3971 2978 4044 ὑμῶν
3003 3967 3260 4048 ἠνέσχετο
3297 3969 3388 4027 καὶ
3417 3975 3684 4049 στυφελι-

3495 4063 3686 4136 σμούς·

2109 4184 2166 4230 ct
2193 4171 2306 4240 540
2342 4193 2355 4227 :

2188 4273 2373 4362 χοῦτος
2389 4281 2565 4360 μέντοι
2591 4283 2745 4360 μόνος
2772 4283 3049 4364 ἀντήρκει,
3074 4281 3190 4342 τοτὲ
3215 4282 3310 4360 μὲν
3331 4283 3544 4344 πίπτων
3567 4291 3690 4348 τοτὲ

3463 4375 3512 4430 δ’
3543 4379 3686 4456 ‘’fik‘'-

2112 4487 2230 4543 Ubi
2267 4487 2427 4561 quod
2471 4488 2801 4544 scholiastes
2825 4499 3022 4544 narrat
3061 4489 3342 4544 Cratetem
3378 4490 3692 4566 largitione

2113 4585 2495 4650 spectatorum
2535 4577 2886 4632 voluntatem
2925 4587 2978 4632 et
3017 4577 3350 4651 applausum
3377 4578 3488 4634 sibi
3520 4583 3688 4638 redc-

2841 4747 2956 4797 180.

2115 4827 2380 4885 Phormio
2408 4836 2518 4884 tres
2547 4833 2908 4900 (argenteos)
2939 4841 3000 4884 se
3031 4827 3434 4885 collocaturum
3465 4845 3586 4886 esse
3616 4833 3698 4888 di-

3537 4936 3600 4974 ce

2114 5003 2372 5074 tripodaS,
2399 5001 2596 5058 deinde
2613 5017 2788 5058 unum
2809 5002 2997 5058 statuit
3021 5001 3356 5073 plumbeum.
3503 4921 3520 4986 ἱ
3603 4920 3698 4976 bat

2843 5095 2965 5144 181.

2120 5183 2387 5251 Apparere
2415 5193 2656 5246 auream,
2684 5175 2808 5233 dein
2843 5193 3026 5234 rursus
3049 5185 3218 5234 totam
3243 5175 3585 5249 plumbeam.
