3809 5850
305 317 416 365 6212

393 445 502 506 Τὸν
537 433 711 505 παῖδ’
745 437 864 506 α”νω
887 435 1220 506 σπεύδοντα
1249 443 1392 530 πρὸς
1427 441 1494 505 τὸ
1526 443 1830 510 τελώνιον,

797 615 898 674 lx.
951 615 1356 674 ΑΟΚΡΙΔΕΣ.

385 783 406 804 ιι
445 758 640 810 Minus
667 767 816 810 recte
837 755 1128 810 Fabricius
1145 753 1402 812 Bibl.Gr.
1435 774 1492 822 2,
1523 775 1579 829 p.
1609 755 1866 828 489,·L0-

297 851 396 900 cri.
435 847 458 898 1
469 844 756 916 agebatur
794 843 1024 915 quidem
1052 843 1188 896 olim
1230 844 1478 917 Λοκροῖσι
1499 885 1514 912 ,
1546 841 1644 896 sed
1675 841 1860 896 codex

301 937 342 986 Λ
375 928 607 1005 Λοκρίσι.
649 955 674 981 a·
705 933 753 984 E
773 933 860 986 M.

375 1027 578 1080 Athen.
625 1025 692 1097 3,
729 1044 766 1098 p
825 1025 924 1096 87,
955 1025 996 1079 F
1029 1041 1042 1081 :
1074 1024 1120 1079 οἱ
1151 1021 1405 1101 τράχηλοι
1453 1023 1556 1078 τῶν
1587 1025 1863 1100 πορφυρῶν

298 1113 556 1170 εὐθετοῦσι
585 1110 713 1188 πρὸς
739 1109 830 1174 τὰς
859 1113 964 1168 τῶν
1009 1108 1296 1187 στομάχων
1339 1108 1609 1175 διαθέσεις.
1653 1133 1860 1184 μνημο-

297 1204 429 1260 νεύει
459 1201 510 1260 δ’
529 1204 697 1260 αὐτῶν
727 1204 866 1262 Ποσ.
899 1204 950 1258 ἐν
984 1199 1228 1277 Λοκρίσιν
1260 1197 1443 1268 οὕτως,

395 1329 524 1424 ἤρα
556 1331 837 1426 παρεῖναί
867 1339 924 1425 γ’
963 1337 1272 1426 ἐγχέλεια,
1301 1327 1618 1424 καράὸους,

393 1443 618 1534 κόγχας
641 1491 658 1524 ,
693 1437 919 1532 ἐχίνους
947 1439 1324 1531 προσφάτους
1352 1490 1369 1522 ,
1405 1440 1678 1530 μηκώνια
1695 1489 1712 1521 ,

393 1548 633 1628 πίννας,
677 1549 1010 1640 τραχήλους
1028 1596 1047 1630 ,
1097 1549 1271 1638 μύας.

298 1681 368 1734 V.
405 1699 424 1734 1
459 1680 590 1735 libri
618 1677 902 1758 περαίνειν,
928 1701 952 1728 α
973 1677 1133 1752 quod
1147 1679 1439 1733 absumere
1467 1679 1868 1752 interpretatur

298 1768 612 1842 Sclnweigh.
651 1771 867 1824 Vereor
903 1777 967 1821 ut
1011 1777 1200 1836 recte3
1237 1767 1345 1822 nisi
1387 1775 1718 1839 corruptum
1750 1775 1862 1832 est,

298 1856 450 1911 idem
499 1874 616 1911 esse
655 1866 874 1927 putem,
923 1854 1084 1930 quod
1141 1851 1389 1931 πορίζειν,
1440 1871 1788 1927 comparare.
1836 1875 1859 1902 u

295 1945 471 2000 Mein.
519 1941 936 2009 Verosimilius,
977 1941 1207 2015 opinor,
1259 1959 1384 1998 nos.
1444 1938 1670 1996 Ibidem
1716 1934 1865 2016 ἔγχε’·

297 2031 411 2086 λεια
450 2027 762 2086 Porsonus.
807 2029 968 2084 Libri
1012 2024 1271 2104 ἐγχέλυα,
1313 2024 1594 2105 ἐγχέλυσι,
1623 2023 1858 2104 ἐγχέλια.

296 2117 537 2178 l’hotius
575 2118 708 2175 [εκ.
748 2135 808 2191 p.
865 2115 1012 2190 598,
1050 2113 1389 2192 Τράχηλοιε
1422 2116 1525 2172 τῶν
1565 2111 1864 2172 θαλασσίων

295 2203 596 2282 πορφυρῶν.
630 2199 792 2267 οὕτως
826 2203 963 2261 Ποσ.
1001 2204 1250 2276 Etymol.
1289 2204 1365 2257 M.
1395 2222 1455 2277 p.
1489 2201 1631 2273 764,
1659 2201 1780 2268 48:
1813 2199 1866 2256 ἐν

295 2293 372 2370 τῷ
397 2293 657 2370 ῥητορικῷ
679 2289 867 2368 λεξικῷ
885 2287 1150 2366 τράχηλον
1179 2279 1326 2369 εὗρον
1348 2287 1625 2365 σημαίνειν
1648 2289 1750 2344 τῶν
1777 2290 1864 2345 Θα·

295 2379 534 2436 λασσίων
552 2379 856 2458 πορφυρῶν.
874 2375 1012 2433 οὕτω
1035 2377 1225 2436 Ποσ.·
1251 2377 1360 2436 Eas
1383 2377 1754 2435 validioribus
1785 2377 1863 2431 ci·

293 2469 382 2524 bis
430 2477 688 2524 accenset
737 2466 1000 2524 laudatus
1051 2485 1086 2521 a
1129 2467 1367 2522 Casaub.
1409 2466 1702 2521 Petronius
1747 2465 1862 2520 Sat.

295 2575 421 2630 cap.
479 2553 588 2610 130
621 2573 636 2613 z
683 2573 819 2610 mat·
845 2556 982 2608 cibis
1010 2555 1384 2610 valide‘on‘bus
1422 2565 1646 2626 pastus,
1685 2555 1749 2607 id
1781 2563 1870 2606 est

297 2645 476 2698 beclbe's
491 2685 510 2716 ,
538 2641 998 2714 cochlearumque
1024 2647 1152 2694 sine
1163 2647 1296 2711 jure
1325 2641 1623 2695 cervicibus
1645 2682 1656 2704 ,
1705 2639 1869 2692 hausi

286 2737 520 2805 parcius
535 2749 769 2788 merum.
792 2730 970 2784 Recte
995 2729 1168 2802 igitur
1190 2729 1488 2782 Salmasius
1509 2729 1704 2784 Exere.
1719 2727 1860 2782 Plin.

291 2837 354 2896 p..
391 2836 503 2892 792
529 2811 853 2893 τραχήλους,
881 2825 945 2869 ut
974 2812 1216 2887 μηκώνια
1241 2834 1297 2869 v,
1333 2834 1365 2869 α
1399 2824 1861 2880 commemorata,

293 2925 408 2963 non
432 2907 734 2982 proprium
777 2904 1016 2979 piscium
1051 2921 1226 2979 genus
1255 2921 1372 2960 esse
1391 2947 1408 2977 ,
1441 2902 1568 2973 sed,
1599 2903 1731 2977 quia
1762 2919 1866 2978 per

294 3014 354 3051 se
378 2995 794 3068 coquebantur,
827 2993 957 3047 ideo
993 2994 1226 3049 seorsim
1259 2994 1575 3049 nominasse
1603 2990 1862 3065 Posidip-

295 3104 432 3157 pum
463 3084 705 3140 monuit.
735 3107 758 3129 υ
790 3082 974 3136 blein.

671 3230 738 3287 X.
789 3228 1480 3287 ΜΕΤΑΦΙΞΡΟΜΕΝΟΙ.

1057 3396 1106 3431 1.

377 3492 656 3563 Diogenes
680 3490 865 3544 Laert.
901 3508 957 3557 7,
993 3508 1062 3559 ²7
1103 3508 1117 3543 :
1151 3486 1252 3557 ἤδη
1279 3455 1350 3545 31⁶
1363 3485 1456 3544 καὶ
1481 3488 1554 3551 εἰς
1577 3486 1866 3565 παροιμίαν

295 3574 479 3653 σχεδὸν
507 3575 776 3655 ἐχώρησεν
801 3577 1040 3653 (Zeno).
1076 3574 1283 3652 ἐλέγετο
1301 3580 1422 3653 γοῦν
1453 3576 1535 3633 ἐπ’
1561 3576 1704 3653 αὐτῷ
1729 3602 1753 3625 «ι
1773 3580 1864 3633 τοῦ

293 3663 576 3743 φιλοσόφου
604 3662 844 3735 Ζήνωνος
873 3661 1296 3743 ἐγκρατέστερος,
1333 3690 1356 3715 1·
1387 3662 1524 3722 ἀλλὰ
1546 3663 1634 3731 καὶ
1664 3664 1860 3724 Ποσεί-

295 3752 480 3815 διππος
510 3749 985 3829 Μεταφερομένοις,

391 3870 402 3877 ’
487 3906 581 3913 —-
609 3858 760 3931 ἦστ’
793 3869 852 3931 ἐν
869 3869 1117 3958 ἡμέραις
1135 3860 1286 3934 δέκα

395 3966 545 4035 εἶναι
568 3963 781 4037 ’δοκεῖν
813 3973 1082 4049 Ζήνωνος
1116 3975 1591 4064 ἐγκρατέστερον.

753 4152 1389 4207 TlNTlNNABULUM.

297 4236 529 4289 Puerum
560 4234 664 4289 cito
693 4236 1076 4292 ascendentem
1105 4236 1172 4293 ad
1204 4237 1569 4307 portitorium.

891 4324 1261 4378 LOCRmES.

292 4413 528 4480 Tempus
558 4408 776 4480 quidem
805 4408 992 4465 adesse
1021 4408 1318 4481 anguillas,
1353 4408 1574 4463 carabos
1591 4447 1604 4469 .

293 4496 556 4561 concba8‚
586 4494 808 4551 echinos
829 4504 1096 4561 recenteS‚
1127 4510 1414 4567 papavera,

294 4586 483 4657 pinnas
502 4624 516 4648 ,
545 4584 806 4649 ωτνίοεε,
840 4584 1076 4640 mitulos.

739 4742 747 4751 ἢ
923 4672 1228 4727 ΜΠΤΑΤΙ.

435 4758 513 4812 Ut
539 4755 728 4813 decem
752 4757 946 4813 diebus

295 4846 514 4899 zenone
536 4847 930 4915 temperantior
951 4858 1070 4900 esse
1087 4842 1379 4899 videretur.

937 4933 1288 4993 MYRMEX.

1061 5029 1106 5073 1.

299 5100 576 5173 Quidquid
603 5102 834 5161 sortunae
858 5105 988 5161 deos
1012 5105 1178 5161 homo
1201 5112 1468 5177 precetur,

1361 303 1598 364 ΝΟΜ]
1644 303 2057 364 couossmAE
2104 262 2517 382 naucum.

2708 458 2761 495 α.

2038 551 2239 608 Athen.
2276 550 2332 620 3,
2376 571 2435 626 p.
2486 550 2634 622 118,
2672 550 2719 608 B
2758 571 2771 608 :
2824 549 3082 610 Κυὸίων
3114 551 3168 608 δὲ
3212 554 3537 628 μνημονεύει

1960 637 2097 698 Ποσ.
2134 639 2187 696 ἐν
2218 639 2640 718 Μεταφερομένῳ
2682 639 2847 716 (sic).

2036 848 2415 903 Antiatticista
2440 867 2501 922 p.
2539 865 2671 916 102,
2702 847 2801 916 323
2828 848 2876 906 l(
2896 844 3169 922 ύπριον.
3152 865 3169 880 ·
3200 845 3263 904 τὸ
3286 848 3533 928 τάριχον.

1958 935 2097 994 Ποσ.
2138 937 2191 992 ἐν
2236 934 2777 1012 Μεταφερομένοις.
2818 937 3091 1010 Cyprium
3126 937 3537 994 salsamentum

1958 1035 2013 1078 et
2042 1023 2249 1096 cybia'
2235 1042 2291 1078 in
2310 1023 2453 1079 cibis
2472 1035 2793 1080 memorata
2816 1023 2979 1080 fuisse
3002 1023 3293 1097 videntur,
3320 1029 3541 1101 quibus

1958 1109 2282 1166 adolescens
2319 1111 2413 1166 ille
2440 1129 2499 1166 se
2528 1111 2945 1187 ingurgitabat,
2982 1130 3159 1185 quem
3182 1116 3378 1172 nescio
3406 1118 3539 1188 quis

1956 1198 2329 1272 philosophus
2364 1200 2447 1254 vel
2482 1197 2825 1274 pedagogus
2852 1199 3052 1274 fragm.
3089 1219 3112 1255 1
3149 1203 3297 1258 inira
3316 1219 3537 1276 paucos

1960 1285 2079 1342 dies
2103 1285 2177 1342 ad
2198 1305 2474 1342 summam
2502 1287 2883 1362 frugalitatem
2908 1306 2969 1343 sc
2990 1301 3397 1346 revocaturum
3420 1310 3537 1346 esse

1958 1374 2282 1448 pollicetur.
2316 1401 2339 1424 υ
2372 1377 2553 1434 Mein.

2502 1497 2601 1554 xi.
2634 1495 2981 1556 ΜΥΡΜΙΙΞ.

2286 1645 2297 1656 .
2700 1624 2721 1658 1
2738 1648 2751 1659 .

2038 1699 2291 1756 Stobaeus
2332 1699 2487 1758 Flor.
2542 1699 2673 1770 118,
2730 1720 2823 1771 17.
2857 1698 3221 1759 Ποσειδίππου
3265 1702 3327 1760 ἐκ
3374 1699 3531 1780 Μύρ-

1960 1809 2140 1862 μηκας-

2054 1874 2139 1951 (lv
2166 1893 2292 1963 τοῖς
2322 1887 2479 1964 Θεοῖς
2510 1883 2808 1979 ἅνθρωπος
2838 1889 3079 1976 εὔχεται
3101 1896 3310 1980 τυχεῖν

2055 2001 2162 2070 τῆς
2192 1991 2533 2070 εὐθανασίας
2562 2000 2841 2085 κρεῖττον
2868 1987 3040 2059 οὐδὲν
3070 1996 3339 2085 εὔχεται.

1960 2107 2024 2164 V.
2064 2124 2087 2160 1
2130 2105 2386 2160 scribam
2417 2107 2627 2161 rectius
2665 2103 2908 2180 εὔχηται.
2961 2105 3036 2163 V.
3072 2124 3105 2160 α
3152 2108 3230 2161 sic
3262 2106 3397 2163 cod.
3438 2109 3517 2176 Δ,

1959 2191 2241 2257 ὀθανασίας
2268 2193 2462 2267 vulgo.

2718 2292 2773 2328 α.

2037 2368 2289 2423 Stobaeus
2316 2386 2416 2443 99,
2447 2387 2523 2442 29
2544 2407 2560 2436 ,
2586 2368 2793 2424 eodem
2820 2369 3008 2427 lemm.

2056 2484 2235 2546 Οὕτω
2268 2506 2332 2546 τι
2352 2483 2659 2547 πολύπουν
2691 2483 2857 2548 ἐστὶν
2884 2489 2922 2557 ἡ
2950 2487 3116 2556 λύπη
3148 2485 3349 2550 κακόν.

2494 2600 2625 2660 ΧΠ.
2673 2602 2969 2664 ΟΜΟΙΟΙ.

2038 2708 2293 2764 Stobaeus
2320 2708 2400 2765 ib.
2440 2707 2533 2762 30.
2562 2705 2925 2766 Ποσειδίππου
2954 2706 3006 2775 ἐξ
3036 2705 3292 2784 Ὁμοίων.

2054 2813 2236 2914 ἔργον
2265 2847 2335 2914 γε
2361 2825 2559 2894 λύπην
2592 2826 2888 2916 ἐκφυγεῖν,
2918 2830 2955 2898 ἡ
2990 2818 3053 2890 δ’
3073 2827 3273 2917 ἡμέρα

2056 2930 2151 2995 ἀεί
2194 2955 2255 2993 τι
2287 2930 2486 2995 καινὸν
2522 2930 2601 3006 εἰς
2622 2932 2695 2996 τὸ
2730 2925 3054 3021 φροντίζειν
3084 2935 3266 3025 φέρει.

1959 3060 2335 3119 Proverbium
2358 3060 2391 3128 ἡ
2416 3054 2591 3131 Διόύη
2616 3057 2700 3119 ἀεί
2732 3080 2778 3115 τι
2804 3056 2981 3117 καινὸν
3006 3058 3183 3141 θηρίον
3203 3058 3343 3139 φέρει
3368 3080 3513 3118 com·

1956 3160 2121 3223 parat
2148 3149 2318 3203 Mein.

2478 3252 2639 3311 xiil.
2678 3253 3011 3312 ΠΑΙΔΙΟΝ.

2036 3360 2243 3415 Athen.
2280 3356 2333 3427 3,
2364 3378 2425 3433 p.
2454 3365 2553 3432 94,
2594 3360 2637 3415 C
2682 3376 2697 3415 ε
2738 3359 2941 3435 εἴρηται
2986 3358 3091 3436 γὰρ
3131 3358 3223 3415 καὶ
3252 3357 3437 3435 τὸέφθ
3454 3379 3507 3413 ο·

1956 3444 2101 3503 πώλ
2118 3466 2215 3501 ιον
2246 3442 2393 3522 παρὰ
2435 3444 2782 3523 Ποσειδίππῳ
2812 3446 2863 3502 ἐν
2897 3444 3124 3523 Παιδίῳ.

2348 3550 2503 3608 xlv.
2552 3550 3142 3609 ΠΟΡΝΟΒΟΣΚΟΣ.

2042 3624 2246 3722 Athen.
2282 3664 2334 3734 3,
2373 3683 2431 3738 p.
2471 3662 2602 3733 154,
2638 3666 2681 3721 F
2710 3686 2721 3719 :
2750 3666 2777 3719 ὁ
2802 3662 2855 3721 δὲ
2880 3664 3277 3743 κωμῳδιοποιὸς
3302 3664 3429 3723 Ποσ.
3460 3664 3504 3718 ἔν

1960 3748 2311 3829 Πορνοὸοσκῷ
2336 3772 2492 3830 φησιν

2058 3861 2112 3932 ὁ
2145 3872 2225 3955 μὴ
2260 3866 2614 3942 πεπλευκὼς
2641 3857 2810 3932 οὐδὲν
2844 3864 3083 3957 ἑόρακεν
3116 3866 3326 3932 κακόν·

2059 3980 2181 4037 τῶν
2216 3960 2721 4062 μονομαχούντων
2766 3972 2942 4063 ἐσμὲν
2964 3971 3327 4060 ἀθλιώτεροι.

1954 4150 2111 4209 beata
2136 4149 2532 4223 morte-melius
2552 4156 2805 4220 precatur
2830 4146 2987 4205 nihil.

2718 4268 2767 4315 2.

1953 4371 2086 4423 Tam
2112 4367 2361 4438 multipes
2385 4363 2663 4438 quoddam
2690 4362 2895 4422 malum
2926 4372 3007 4421 est
3030 4380 3293 4424 aerumna.

2589 4520 2883 4576 SIMILES.

1954 4632 2136 4689 Labor
2158 4630 2378 4704 quidem
2400 4640 2481 4687 est
2499 4646 2804 4688 aerumnam
2830 4629 3079 4703 effu‘gere'
3105 4651 3117 4687 ι
3152 4646 3277 4688 nam
3296 4629 3401 4686 dies

1955 4738 2167 4793 semper
2192 4719 2396 4793 aliquid
2416 4721 2536 4777 novi
2560 4718 2721 4777 affert
2742 4718 2811 4775 ad
2842 4718 3169 4776 curandum.

2556 4934 2561 4941 .
2630 4882 2845 4937 LENO.

1956 5012 2059 5081 Qui
2086 5028 2195 5067 uon
2214 5012 2519 5083 navigavit,
2552 5009 2768 5067 nullum
2793 5006 2929 5065 vidit
2960 5008 3195 5076 malum;

1962 5099 2341 5157 monomachis
2369 5113 2563 5155 sumus
2582 5099 2917 5155 miseriores.
