3809 5850
438 423 511 473 0⁴
1432 402 1833 465 COMOEDIAE
1882 398 2208 463 VETERIS
2257 398 2662 473 RELIQUIAE.

438 550 713 603 Lerneam
750 542 1013 617 paludem
1047 558 1224 612 quum
1271 538 1517 609 cujusvis
1558 538 1777 611 generis
1802 532 2000 590 sordes

438 633 843 705 abjicerentur,
871 630 1158 704 ingeniose
1180 628 1275 687 Cr.
1304 627 1677 702 proverbium
1702 623 1872 701 Λέρνη
1904 644 1998 680 κα-

437 722 544 776 κῶν
572 720 894 774 immutavit
921 720 981 772 in
999 722 1071 775 A.
1098 716 1296 772 θεατῶν
1316 716 1391 770 ad
1414 713 1845 789 significandam
1867 711 1999 767 infi-

436 829 541 863 mae
565 808 750 883 plebis
779 806 1083 863 colluviem
1100 844 1117 873 ,
1156 822 1268 877 qua
1295 804 1579 877 repletum
1604 812 1727 859 erat
1750 802 2002 859 Atticum

439 897 749 961 theatrum.
785 893 1029 966 Hesych.
1056 888 1307 966 Λέρνην
1337 890 1579 946 θεατῶν
1602 887 1699 966 ἔφη
1728 890 1755 945 δ
1780 887 1885 964 Κρ.
1918 883 2003 943 διὰ

437 981 497 1040 τὸ
526 982 823 1057 σύμμικτον
863 979 955 1037 καὶ
988 975 1321 1035 παντοδαπὸν
1356 974 1513 1054 ὄχλον
1542 974 1703 1054 ἔχειν.
1740 975 1858 1033 Pro
1892 972 2000 1031 δεί·

438 1092 597 1141 σαια,
633 1070 795 1144 quod
834 1088 867 1125 a
904 1068 1052 1125 δεῖσα
1094 1068 1419 1123 derivatum
1454 1066 1653 1121 sordes
1688 1084 1755 1121 ae
1793 1076 2006 1121 stercus

437 1158 734 1236 siguificat,
760 1158 962 1215 Suidas
988 1152 1348 1215 δυσοιώνιστα.
1382 1180 1407 1206 n
1446 1156 1497 1210 E
1514 1156 1601 1211 M.

1170 1270 1265 1342 75.

514 1388 673 1443 Idem
693 1406 755 1461 p.
783 1386 897 1453 248
928 1392 1023 1459 14,
1056 1380 1300 1447 Μάσμα
1330 1382 1403 1457 (a
1426 1381 1603 1436 verbo
1633 1376 1877 1454 μαίεσθαι
1904 1398 1920 1433 :
1948 1396 2002 1434 ν.

434 1477 599 1534 Plato
645 1476 797 1531 Crat.
841 1493 902 1548 p.
934 1480 1075 1541 421,
1115 1476 1183 1529 Α.
1206 1470 1329 1547 Μ.)
1359 1490 1371 1525 :
1416 1467 1733 1545 μάστευμα,
1768 1465 2000 1541 ζήτημα.

432 1560 569 1621 οὕτω
594 1565 697 1639 Κρ.

1172 1668 1267 1740 76.

510 1790 667 1847 Idem
706 1808 771 1864 p.
818 1786 961 1856 262,
1005 1786 1115 1856 28,
1154 1780 1581 1861 Μελάγχρως
1617 1780 1708 1840 καὶ
1748 1778 2003 1857 μελάγ-

430 1900 588 1957 χρης
629 1896 644 1936 2
674 1873 947 1953 ἀμφότερα
975 1868 1217 1945 Ἀττικὰ,
1258 1872 1457 1947 μᾶλλον
1487 1868 1541 1929 δὲ
1572 1870 1655 1928 διὰ
1687 1874 1779 1927 τοῦ
1801 1892 1857 1940 η.
1895 1869 2000 1947 Κρ.

1170 2004 1266 2055 77·

512 2102 675 2157 Idem
709 2119 768 2174 p.
802 2098 942 2173 262,
990 2098 1089 2171 26,
1116 2092 1522 2166 Μετεκὸολή
1560 2116 1571 2150 2
1608 2090 1877 2170 μεταὸολὴ
1912 2094 2004 2152 καὶ

432 2184 721 2259 ἐξάλλαξις.
756 2188 865 2269 Κρ.

1169 2301 1261 2372 78.

508 2414 670 2474 Idem
715 2432 778 2487 p.
821 2412 960 2489 267,
996 2432 1094 2482 10,
1124 2407 1379 2481 Μηνυτήν
1416 2429 1428 2463 :
1462 2406 1557 2478 τὴν
1602 2408 1843 2485 γυναῖκα.
1896 2410 1998 2486 Κρ.

438 2528 461 2553 α
496 2506 624 2559 Hoc
650 2502 872 2558 comice
895 2503 991 2560 Cr.
1015 2498 1237 2555 finxisse
1258 2498 1489 2555 videtur
1508 2498 1803 2553 Lobeckio
1831 2500 1996 2555 Para·

429 2590 631 2665 lipom.
660 2607 789 2664 1‚p.
817 2607 952 2660 271,
975 2598 1039 2643 ut
1068 2587 1475 2663 Aristophanes
1512 2586 1547 2655 ἡ
1574 2582 1918 2663 γραμματεὺς
1945 2597 2003 2643 et

428 2680 462 2747 ἡ
494 2676 685 2757 ῥήτωρ.
717 2701 741 2728 ν
772 2678 856 2732 M.

1170 2798 1262 2855 79-

511 2904 673 2962 Idem
701 2924 761 2981 p.
800 2922 940 2977 272,
976 2923 1029 2976 1,
1061 2898 1343 2972 Μισήτη
1376 2898 1511 2971 ετὴν
1540 2903 1814 2982 καταφερῆ
1844 2898 2000 2978 μισή-

428 3015 523 3066 την
550 2990 745 3070 ἔλεγον·
762 2990 853 3051 καὶ
877 2990 1009 3050 τὸέν
1028 2987 1317 3071 παροιμίας
1340 2987 1489 3070 μέρει
1510 2987 1789 3067 λεγόμενον
1816 3016 1837 3041 ι
1866 2988 2001 3068 Περὶ

428 3080 623 3161 σφυρὸν
649 3087 850 3160 παχεῖα
894 3079 1095 3156 μισήτη
1125 3076 1255 3156 γυνὴ
1294 3103 1319 3132 n
1352 3077 1491 3136 κατά
1518 3101 1571 3136 τι
1608 3081 1815 3138 τοιοῦτο
1855 3079 2000 3157 εἰρῆ-

428 3175 547 3229 σθαι
573 3171 735 3231 δοκεῖ.
766 3168 855 3228 καὶ
878 3172 907 3227 ὁ
935 3166 1199 3248 Κρατῖνός
1228 3189 1331 3226 που
1354 3171 1507 3226 τοῦτο
1529 3165 1659 3246 ἔφη·

526 3286 802 3361 Mic-mat
830 3278 901 3353 δὲ
918 3293 1198 3380 γυναῖκες
1218 3280 1548 3352 ὀλίσὸοισιν
1581 3285 1936 3379 χρήσονται.

428 3411 625 3471 Codex
649 3410 865 3484 Μισητὴ
893 3412 1091 3490 (quod
1120 3425 1261 3471 esset
1287 3409 1550 3488 odiosa),
1578 3409 1824 3488 μισητὴν,
1852 3409 1999 3490 παρὰ

516 3498 738 3577 μισητὴ,
766 3521 891 3576 quae
926 3515 1205 3578 corrupta
1240 3504 1412 3558 sensit
1440 3499 1608 3557 Mein.
1635 3501 1893 3559 Eustath.
1925 3500 2000 3556 ad

432 3593 602 3646 Hom.
624 3611 686 3666 p.
721 3590 865 3647 1651
911 3592 1039 3646 init.
1069 3609 1085 3646 t
1126 3588 1277 3648 ἄλλοι
1320 3587 1375 3647 δὲ
1413 3586 1642 3665 μισήτην
1676 3586 1998 3667 βαρυτόνως,

427 3676 555 3756 πρὸς
582 3676 860 3750 διαστολὴν
882 3681 978 3748 τῆς
1004 3675 1433 3750 ὀξυτονουμένης,
1462 3673 1557 3746 τὴν
1582 3673 1759 3747 κοινὴν
1780 3673 1871 3732 καὶ
1902 3679 1999 3754 ῥα·

428 3763 543 3822 δίαν
565 3764 827 3838 λέγοντες,
858 3763 949 3823 καὶ
986 3768 1175 3842 χρῆσιν
1208 3765 1370 3832 αὐτῆς
1408 3753 1542 3820 εἶναι
1569 3761 1715 3840 παρὰ
1751 3761 1998 3842 Κρατίνῳ

432 3851 523 3910 καὶ
547 3850 816 3931 Σώφρονι,
850 3865 962 3909 etc.
992 3853 1263 3909 Similiter
1293 3850 1495 3907 Suidas
1516 3862 1574 3907 et
1594 3851 1731 3907 inde
1754 3855 1998 3926 Aposto-

430 3941 539 3994 lius
573 3938 664 4010 15,
693 3940 805 4015 693
840 3943 975 3995 item
1004 3939 1247 4012 Hesych.
1274 3957 1331 3995 v.
1360 3933 1625 4012 Μισήτην,
1658 3939 1867 3993 omisso
1892 3958 2000 3995 no-

429 4029 581 4082 mine
613 4029 851 4085 Cratini.
878 4052 901 4078 «
925 4030 1127 4101 ltaque
1148 4023 1347 4102 μισήτη
1378 4037 1461 4081 est
1483 4032 1676 4082 vimsa
1704 4029 1907 4081 mulier
1947 4040 2002 4082 et

428 4118 748 4172 concubitus
794 4129 1087 4192 appetens,
1132 4112 1329 4192 μισητὴ
1364 4121 1561 4173 invisa.
1600 4115 1760 4172 Idem
1797 4115 1998 4172 discri-

428 4223 561 4260 men
592 4206 689 4260 alii
726 4205 1091 4261 tradiderunt
1128 4225 1143 4260 1
1186 4224 1243 4262 ν.
1284 4205 1479 4264 Valck.
1506 4205 1581 4260 ad
1616 4207 1879 4262 Ammon.
1911 4205 1999 4279 18,

428 4311 489 4368 p.
524 4293 656 4349 150.
680 4318 705 4344 ν
726 4295 908 4351 Mem.

1163 4404 1262 4459 80.

512 4515 671 4572 Idem
697 4535 760 4590 p.
792 4533 935 4588 272,
972 4513 1064 4586 15,
1097 4512 1375 4591 Μναρόν
1408 4536 1423 4572 :
1458 4513 1720 4592 μαλακὸν,
1746 4515 1865 4594 ἡδὺ,
1896 4515 2002 4597 ῥᾴ-

432 4601 559 4663 διον.
590 4601 725 4660 οὕτω
755 4605 856 4682 Κρ.

1166 4715 1264 4773 81.

514 4827 673 4883 Idem
700 4847 759 4900 p.
796 4827 936 4897 338,
963 4826 1021 4898 8,
1042 4820 1259 4886 Ὀνου
1290 4825 1459 4886 πόκα
1480 4850 1497 4883 ι
1527 4846 1541 4887 :
1573 4827 1783 4887 ἐπὶτῶν
1811 4827 1998 4901 ἀνηνύ-

2045 550 2052 560 ·
2093 532 2219 607 κῶν,
2247 528 2426 608 ὥσπερ
2453 529 2506 587 αἱ
2533 530 2792 599 τοιαῦται,
2829 528 3050 587 Πλίνθον
3079 528 3308 602 πλύνειν,
3341 531 3526 591 Ἀσκὸν
3553 536 3662 592 τίλ-

2092 618 2230 689 λειν,
2257 615 2472 695 Χύτραν
2511 616 2796 674 ποικίλλειν
2815 658 2832 689 ,
2880 618 2970 681 Εἰς
3003 621 3245 697 κοπρῶνα
3275 623 3488 694 θυμιᾶν.
3521 621 3662 699 Ἀρί-

2095 727 2320 784 σταρχος
2339 704 2413 777 δὲ,
2429 702 2588 762 διὰτὸ
2609 705 2868 783 Κρατῖνον
2884 704 3168 765 ὑποθέσθαι
3181 709 3235 766 ἐν
3255 707 3414 792 ᾍδου
3437 722 3662 787 σχοινίον

2095 792 2378 866 πλέκοντα,
2409 791 2524 851 ὄνον
2553 792 2606 850 δὲ
2631 792 2692 849 τὸ
2719 793 3039 869 πλεκόμενον
3077 796 3418 855 ἀπεσθίοντα.
3449 800 3663 857 Eadem

2096 884 2296 939 Suidas
2312 885 2372 941 11.
2405 904 2481 953 w,
2503 884 2706 939 similia
2719 885 2993 943 Proverb.
3011 886 3184 945 Coisl.
3207 886 3346 958 37²·
3373 892 3662 965 Aristoph.

2094 974 2238 1029 Ran.
2279 973 2384 1043 187
2415 992 2428 1025 :

2174 1094 2224 1151 T
2229 1090 2269 1157 ίς
2293 1094 2363 1157 εἷς
2390 1091 2449 1149 τὸ
2469 1090 2647 1161 Λήθης
2673 1090 2848 1149 πεδίον
2882 1090 2918 1163 ἢ
2948 1090 2988 1159 ’ς
3015 1090 3134 1151 ὄνου
3163 1092 3366 1165 πόκας;

2104 1238 2128 1261 α
2165 1214 2254 1268 Ad
2301 1213 2459 1286 cujus
2497 1215 2611 1270 loci
2646 1214 3176 1288 interpretationem
3221 1218 3269 1273 si
3306 1220 3670 1276 Aristarchus

2097 1300 2356 1357 adhibuit
2377 1303 2588 1359 Cratini
2612 1301 2867 1357 fabulam
2899 1302 2972 1359 de
2997 1305 3154 1358 asino
3179 1306 3327 1362 Ocni
3351 1306 3544 1363 funem
3569 1301 3668 1364 ai·-

2097 1389 2369 1460 rodente,
2398 1392 2534 1465 legit
2561 1391 2796 1446 sortasse
2816 1391 2971 1465 apud
2993 1394 3436 1468 Aristophanem
3461 1392 3669 1455 Ὄκνου

2098 1474 2298 1542 πλοκὰς
2316 1522 2333 1553 ,
2362 1478 2566 1535 eodem
2603 1480 2666 1535 id
2688 1498 2856 1535 sensu
2884 1480 3316 1555 accipiendum,
3349 1502 3465 1557 qno
3495 1488 3668 1541 Iones

2098 1561 2337 1640 θώμιγγα
2359 1566 2624 1621 dicebant
2651 1585 2772 1622 rem
2802 1586 3004 1623 vanam
3025 1580 3081 1624 et
3107 1570 3250 1624 nihil
3268 1571 3662 1645 profuturam.

2097 1654 2337 1709 Videtur
2361 1666 2548 1710 autem
2575 1656 2669 1714 Cr.
2697 1656 2790 1711 vel
2811 1658 3030 1731 primus
3055 1656 3278 1715 finxisse
3309 1660 3564 1716 fabulam
3591 1663 3667 1718 de

2097 1743 2258 1799 Ocno
2291 1741 2525 1817 ejusque
2550 1744 2705 1799 asino
2726 1785 2742 1813 ‚
2769 1745 2862 1799 vel
2887 1744 2962 1799 ob
2987 1746 3185 1802 oculos
3203 1746 3464 1805 habuisse
3494 1751 3666 1823 Poly-

2097 1832 2258 1905 gnoti
2302 1833 2556 1888 nobilem
2583 1834 2866 1907 picturam
2913 1834 2972 1888 in
3005 1834 3218 1890 Lesche
3245 1836 3520 1911 Delphica
3543 1879 3559 1906 ,
3595 1840 3670 1895 de

2097 1938 2212 1992 qua
2232 1921 2460 1995 pictura
2481 1920 2784 1976 Pausanias
2807 1920 2978 1979 Phoc.
3003 1921 3106 1999 39,
3134 1941 3168 1978 2
3200 1942 3212 1977 :
3248 1923 3536 1993 πεποίηται
3567 1925 3666 2001 μὲν

2095 2005 2302 2062 πλέκων
2323 2005 2570 2085 σχοινίον,
2592 2004 2893 2085 παρέστηκε
2913 2006 2968 2065 δὲ
2991 2007 3174 2079 θήλεια
3189 2006 3320 2082 ὄνος,
3345 2010 3670 2073 ἀπεσθίουσα

2095 2092 2156 2151 τὸ
2187 2094 2546 2172 πεπλεγμένον
2591 2094 2676 2153 ἀεὶ
2721 2098 2814 2153 τοῦ
2861 2096 3113 2175 σχοινίου.
3161 2102 3340 2157 τοῦτον
3387 2089 3527 2158 εἶναι
3579 2103 3672 2161 τὸν

2095 2174 2294 2241 Ὄκνον
2319 2182 2560 2261 φίλεργόν
2581 2204 2736 2262 φασιν
2763 2181 3050 2261 ἄνθρωπον,
3078 2188 3302 2264 γυναῖκα
3329 2184 3383 2244 δὲ
3405 2186 3546 2266 ἔχειν
3575 2192 3674 2247 δα-

2095 2268 2370 2349 πανηρὰν,
2389 2269 2479 2328 καὶ
2513 2273 2530 2347 (
2555 2272 2691 2331 fort.
2721 2272 2790 2337 ὥς
2812 2292 2921 2348 pro
2950 2272 3088 2331 ὥστε
3111 2276 3129 2351 )
3159 2274 3330 2332 ὁπόσα
3358 2274 3672 2343 συλλέξαιτο

2096 2358 2463 2436 ἐργαζόμενος,
2490 2361 2549 2417 οὗ
2573 2358 2707 2417 πολὺ
2732 2359 2795 2417 ἂν
2816 2358 3029 2440 ὕστερον
3049 2360 3150 2419 ὑπὸ
3173 2360 3370 2435 ἐκείνης
3398 2363 3667 2433 ἀνήλωτο.

2096 2444 2162 2502 τὰ
2187 2438 2278 2503 οὖν
2303 2448 2354 2512 ἐς
2382 2451 2472 2505 τοῦ
2499 2440 2704 2506 Ὄκνου
2727 2446 2824 2518 τὴν
2847 2458 3068 2525 γυναῖκα
3093 2448 3352 2521 ἐθέλουσιν
3373 2450 3672 2519 αἰνίξασθαι

2097 2534 2182 2591 τὸν
2209 2533 2570 2611 Πολύγνωτον.
2615 2538 2760 2594 Mire
2799 2540 3014 2595 Plinius
3055 2542 3128 2598 H.
3163 2543 3236 2600 N.
3264 2540 3364 2618 35,
3400 2542 3536 2611 138,
3567 2546 3671 2600 ubi

2095 2625 2332 2679 similem
2355 2625 2604 2681 Socratis
2624 2627 2909 2700 picturam
2928 2628 3220 2702 describit,
3249 2627 3467 2706 ὀκνηρὸν
3497 2632 3557 2685 111
3566 2634 3671 2687 tel-

2095 2712 2273 2787 ligens
2289 2707 2507 2783 Ὄκνον,
2525 2715 2686 2787 quod
2701 2714 2930 2772 videtur
2940 2716 3108 2772 fuisse
3121 2735 3330 2773 nomen
3341 2720 3671 2793 proprium,

2102 2824 2128 2849 ιι
2153 2804 2326 2873 pIger
2342 2823 2387 2867 ι,
2409 2806 2506 2873 qui
2529 2804 2856 2875 appellatur
2877 2805 3079 2875 Ocnos,
3097 2816 3347 2878 spartum
3378 2818 3662 2880 torquens,

2093 2889 2244 2963 quod
2267 2890 2476 2944 asellus
2497 2892 2735 2950 armclit.
2767 2889 2974 2948 Pollux
3005 2899 3061 2963 4,
3099 2899 3232 2963 144,
3254 2912 3528 2969 personas
3551 2906 3674 2952 tra-

2094 2978 2245 3050 gicas
2291 2994 2585 3034 recensens
2636 2998 2650 3034 2
2701 2977 2794 3036 καὶ
2813 3037 2820 3044 ,
2840 2977 3122 3052 Πλειάδες,
3172 2980 3264 3038 καὶ
3298 2979 3505 3050 Ἀπάτη
3527 3025 3546 3056 ,
3575 2983 3673 3040 καὶ

2094 3061 2248 3136 Μέθη
2265 3109 2280 3134 ,
2307 3061 2399 3124 καὶ
2424 3061 2449 3087 ''
2465 3067 2516 3126 0
2531 3087 2644 3125 κνο
2661 3089 2714 3140 ς,
2741 3066 2834 3126 καὶ
2855 3066 3074 3136 Φθόνος.
3099 3066 3237 3128 α’λλὰ
3261 3072 3430 3128 ταῦτα
3459 3069 3560 3148 μὲν
3587 3071 3674 3144 εἴη

2095 3151 2188 3210 καὶ
2216 3153 2448 3228 κωμικοί.
2475 3181 2498 3206 ι
2529 3158 2578 3212 Ε
2600 3159 2690 3213 M.

2828 3269 2924 3329 82.

2175 3387 2334 3442 Idem
2371 3406 2435 3462 p.
2475 3387 2627 3458 448,
2666 3407 2760 3463 19,
2793 3389 2844 3446 Π
2865 3387 3020 3469 ριών
3051 3407 3066 3448 2
3099 3385 3380 3465 ὀξυτόνως,
3404 3387 3466 3446 τὸ
3494 3390 3678 3469 ἄρμε-

2091 3494 2177 3530 νον
2205 3471 2456 3554 (velum)
2477 3497 2490 3510 ·
2521 3472 2729 3552 πρίων
2759 3474 2842 3545 δὲ,
2870 3478 2941 3543 ὡς
2977 3474 3169 3548 παίων,
3197 3477 3224 3532 ὁ
3253 3474 3454 3550 τέμνων
3481 3476 3540 3536 τὸ
3573 3480 3682 3558 ἅρ-

2094 3582 2247 3635 μενον
2276 3559 2470 3640 τούτῳ·
2519 3561 2579 3619 τὸ
2621 3561 2674 3620 δὲ
2723 3563 3066 3634 πληθυντικὸν
3114 3561 3319 3642 πρίονες
3355 3563 3442 3620 διὰ
3489 3573 3582 3624 τοῦ
3625 3591 3676 3630 ο.

2093 3649 2286 3706 Codex
2309 3652 2508 3707 vitiose
2531 3649 2590 3707 τὸ
2610 3648 2851 3729 ἄρμενον,
2871 3654 2899 3708 ὁ
2923 3649 3123 3727 τέμνων
3143 3655 3218 3730 τῷ
3244 3650 3457 3730 ἁρμένῳ
3479 3652 3678 3735 τούτῳ.

2098 3733 2296 3814 Πρίονα
2339 3741 2456 3794 sive
2498 3758 2711 3796 serram
2759 3741 3074 3816 intelligaS,
3117 3750 3180 3796 ut
3231 3741 3413 3816 Soph.
3455 3745 3678 3804 Trach.

2094 3827 2231 3896 660,
2261 3829 2375 3884 sive
2415 3840 2763 3898 serrantem‚
2792 3840 2858 3884 ut
2891 3827 3066 3904 Vesp.
3099 3829 3237 3902 694,
3275 3839 3430 3886 recte
3457 3829 3686 3890 dicitur

2093 3916 2121 3970 ὁ
2163 3912 2366 3989 τέμνων
2410 3914 2470 3972 τὸ
2520 3914 2743 3994 ἄρμενον
2777 3914 2977 3995 τούτῳ,
3020 3936 3212 3973 secans
3255 3927 3454 3992 aptum
3504 3919 3668 3987 huic,

2092 4001 2285 4081 τούτῳ,
2315 4005 2356 4062 1.
2386 4024 2440 4061 c.
2477 4005 2554 4082 τῷ
2594 4004 2822 4081 τέμνειν,
2864 4007 3134 4075 secanam,
3166 4005 3440 4076 secabile,
3481 4026 3688 4066 serra-

2093 4091 2224 4148 bile.

2833 4205 2928 4264 83.

2178 4325 2336 4381 Idem
2378 4345 2438 4400 p.
2473 4327 2620 4398 460,
2655 4325 2707 4397 3,
2739 4325 3074 4405 Προσίσχε
3105 4347 3118 4381 :
3152 4326 3210 4383 τὸ
3235 4325 3490 4406 πρόσεχε.
3527 4331 3644 4408 Κρ.

2193 4447 2312 4514 Καὶ
2348 4453 2428 4540 μὴ
2460 4450 2753 4542 προσέσχε
2785 4445 3129 4544 βαρὲοἱροισι
3163 4451 3505 4535 βουκόλοις.

2095 4581 2185 4640 καὶ
2213 4579 2468 4646 Εὔπολις·

2185 4703 2452 4783 Προσίσχε
2477 4703 2566 4762 τὸν
2596 4710 2711 4762 νοῦν
2737 4707 2883 4784 τῇδε.

2093 4831 2308 4886 Cratini
2337 4849 2555 4884 versum
2599 4829 2672 4886 ad
2708 4829 2993 4885 Bubulcos
3020 4830 3211 4884 retulit
3239 4829 3452 4904 Bergk.
3501 4831 3692 4887 Com—

432 4937 537 4972 των
560 4914 648 4972 καὶ
685 4911 761 4990 μὴ
786 4912 947 4972 ὄντων
968 4912 1177 4992 λέγεται
1204 4918 1237 4984 ἡ
1269 4915 1530 4994 παροιμία
1554 4913 1656 4974 ὑπὸ
1677 4913 1781 4974 τῶν
1822 4916 1999 4976 Ἀττι-
2093 4927 2292 4974 mentt.
2330 4936 2392 4992 p.
2435 4917 2530 4984 34.

1171 5089 1259 5140 79.

440 5168 645 5226 Virosae
672 5177 855 5228 autem
878 5169 1137 5228 mulieres
1164 5171 1351 5228 olisbis
1370 5179 1616 5228 utentur.

2097 5175 2284 5244 Neque
2306 5173 2550 5230 animum
2573 5172 2771 5230 adhibe
2797 5089 3044 5230 bffharis
3067 5171 3340 5230 bubulcis.
