3809 5850
434 433 541 484 190

435 583 457 606 α
488 555 729 630 Argivos
760 550 979 606 calceos
997 588 1013 616 ,
1044 561 1189 618 quos
1208 543 1489 616 elegantes
1508 539 1675 594 fuisse
1697 533 1998 608 conjicias,

427 646 539 700 nisi
568 661 639 698 cx
666 641 781 695 hoc
803 639 939 693 loco
966 651 1085 690 non
1110 631 1297 687 habeo
1328 629 1606 703 cognitos.
1634 629 1739 680 De·
1758 620 2000 700 σχισταῒς

427 753 486 790 v.
520 731 725 786 Pollux
765 746 823 797 7,
863 723 962 792 85,
1005 733 1065 778 et
1098 719 1397 792 Boettiger.
1444 718 1592 772 Mus.
1626 712 1907 770 Archaeol.
1945 729 1998 780 ι,

428 839 488 896 p.
520 825 619 890 47.
652 842 677 868 υ
703 817 757 872 Ε
780 816 871 872 Μ.
895 814 1153 870 Fortasse
1172 809 1262 862 his
1279 805 1467 864 verbis
1488 813 1723 860 notatur
1743 801 1998 875 Aspasia,

431 910 817 966 calceamento
839 903 941 958 illo
969 917 1099 974 usa,
1128 915 1309 972 quum
1344 894 1575 970 Argivi,
1620 889 2002 964 Peloponnesi

430 998 821 1073 principatum
848 989 1175 1048 affectantes
1193 1028 1209 1056 ,
1228 1002 1419 1059 neque
1446 979 1889 1040 Lacedaemoniis
1908 997 2002 1034 ac-

432 1083 583 1157 cepti
604 1091 787 1137 essent
812 1076 1109 1145 rivalibuS,
1132 1090 1323 1147 neque
1341 1068 1775 1127 Atheniensibus
1800 1068 2002 1142 place-

432 1179 561 1227 rent
578 1211 595 1240 ,
634 1186 781 1242 quos
808 1163 1075 1221 mercede
1116 1158 1391 1217 conducti
1416 1177 1453 1215 a
1480 1157 1771 1213 Pisistrato
1815 1172 2002 1229 oppu-

432 1267 776 1332 gnaverant3
808 1255 987 1310 immo
1029 1249 1340 1326 generatim
1363 1247 1691 1306 Graecorum
1714 1246 1777 1300 in
1805 1243 2003 1299 odium

432 1349 789 1403 incurrerant
810 1383 827 1415 ,
868 1353 937 1398 ut
970 1359 1222 1414 quorum
1245 1337 1573 1394 societatem
1612 1334 1749 1390 olim
1766 1375 1783 1404 ,
1810 1333 2004 1388 Xerxe

434 1434 739 1492 invadente
756 1472 772 1502 ,
804 1429 1247 1496 recusavissent,
1270 1443 1343 1482 ne
1368 1422 1581 1480 foedere
1607 1421 1845 1496 quidem
1872 1439 2004 1476 cum

434 1524 609 1580 Persis
634 1521 1010 1589 abstinentes3
1034 1535 1091 1576 v.
1116 1514 1428 1580 Herodot„
1458 1512 1668 1580 Thuc.,
1693 1520 1808 1566 etc.

514 1761 721 1819 Athen.
750 1757 807 1830 6,
820 1777 877 1833 p.
898 1755 1043 1832 266,
1062 1757 1131 1826 F,
1152 1755 1227 1812 de
1237 1754 1406 1825 Chiis,
1429 1753 1549 1828 qui,
1569 1751 1805 1808 Nicolao
1822 1760 1877 1807 et
1897 1751 2010 1806 Po·-

438 1850 664 1906 sidonio
688 1846 1044 1917 auctoribus,
1065 1845 1241 1920 primi
1260 1843 1557 1898 hominum
1573 1841 1875 1916 mancipiis
1896 1840 2005 1908 usi,

440 1957 473 1993 a
500 1937 824 1993 Mithridate
853 1935 1163 2010 expugnati
1188 1942 1349 2005 sunt,
1370 1932 1598 2004 suisque
1619 1931 1873 2004 ipsormn
1894 1945 2009 1984 ser·

439 2026 523 2080 vis
562 2023 841 2098 subjectit
868 2018 1029 2086 οὕτως
1064 2019 1241 2084 αὐτοῖς
1262 2017 1467 2088 ἀληθῶς
1494 2014 1554 2074 τὸ
1583 2012 1846 2091 δαιμόνιον
1876 2011 2006 2090 ἐμή·

440 2132 577 2182 νισε,
610 2107 833 2190 πρώτοις
874 2105 1232 2188 χρησαμένοις
1259 2104 1477 2175 ὠνητοῖς
1507 2101 1881 2183 ἀνδραπόδοις,
1907 2104 2010 2159 τῶν

441 2200 649 2258 πολλῶν
684 2199 979 2276 αὖτουργῶν
1007 2197 1170 2255 ὄντων
1198 2192 1335 2252 κατὰ
1365 2190 1459 2262 τὰς
1488 2189 1775 2257 διακονίας·
1812 2188 2012 2265 μήποτ’

443 2275 532 2344 οὖν
560 2285 646 2344 διὰ
670 2291 840 2344 ταῦτα
872 2283 963 2343 καὶ
986 2287 1021 2355 ἡ
1048 2280 1309 2363 παροιμία

540 2423 691 2494 Χῖος
728 2408 1029 2486 δεσπότην
1066 2415 1342 2488 ὠνήσατο
1360 2463 1379 2494 ,

443 2543 481 2630 ᾗ
505 2551 761 2630 κέχρηται
786 2553 853 2612 E.
876 2552 929 2609 ἐν
957 2549 1160 2614 Φίλοις.
1193 2549 1367 2606 Chius
1382 2551 1662 2604 dominum
1685 2553 1839 2614 emit,
1875 2546 1936 2604 h.
1963 2565 2013 2605 e.

444 2640 637 2714 paruit
679 2639 769 2708 ei,
818 2657 989 2713 quem
1036 2647 1253 2692 emerat
1294 2635 1486 2714 (antea
1533 2652 1699 2690 servo
1739 2631 1900 2708 suo).
1933 2633 2015 2688 Ex

446 2727 716 2784 Athenaeo
744 2727 998 2782 Eustath.
1025 2724 1099 2781 ad
1134 2725 1338 2799 Odyss.
1368 2743 1428 2800 p.
1469 2723 1637 2795 1462,
1660 2721 1753 2778 36.

1206 2859 1283 2919 [μ’

527 2984 813 3057 Harpocr.
844 3000 904 3056 p.
940 2999 1072 3053 107,
1096 2978 1131 3036 8
1162 3000 1176 3036 :
1204 2976 1369 3037 ἔοικεν
1398 2976 1461 3052 (ἡ
1480 2976 1833 3055 κατάστασις)
1856 2974 2020 3058 ἀργύ-

451 3090 555 3146 ριον
590 3058 724 3126 εἶναι
741 3114 760 3147 ,
790 3066 919 3147 ὅπερ
940 3068 987 3126 οἱ
1014 3064 1429 3135 κατασταθέντες
1448 3067 1625 3134 ἱππεῖς
1643 3064 1942 3145 ἐλάμὸανον
1963 3068 2022 3125 ἐκ

448 3160 542 3213 τοῦ
570 3154 821 3233 δημοσίου
846 3156 933 3215 ἐπὶ
959 3159 1027 3235 τῇ
1054 3157 1381 3215 καταστάσει
1418 3158 1505 3233 (v.
1530 3158 1857 3215 Schneider.
1880 3160 2020 3215 Lex,

450 3246 508 3299 h.
538 3242 672 3319 v.),
702 3240 881 3324 ὥσπερ
918 3242 1070 3311 αὐτὸς
1112 3246 1142 3303 ὁ
1186 3242 1365 3324 ῥήτωρ
1408 3245 1637 3321 (Lysias
1673 3246 1787 3301 Pro
1816 3246 2022 3301 Manti-

450 3332 583 3387 theo
612 3332 647 3407 §
668 3330 739 3411 6)
768 3332 821 3390 ἕν
838 3331 946 3398 τοῖς
969 3329 1086 3404 ἑξῆς
1108 3330 1477 3409 ὑποσημαίνει.
1503 3330 1855 3412 παρεμφαίνει
1871 3335 2025 3389 τοῦτο

448 3416 539 3475 καὶ
566 3418 708 3480 Εὗπ.
734 3419 949 3488 Φίλοις·

549 3540 681 3604 Οὐκ
714 3536 1125 3630 ἐσωφρόνησας
1143 3588 1161 3618 ,
1194 3534 1245 3602 ὦ
1275 3534 1619 3632 πρεσὸῦτα,
1678 3540 1792 3613 τὴν
1839 3536 2028 3603 κατοί-

559 3724 564 3731 ,
1816 3676 2026 3717 στασιν

548 3748 738 3831 τήνδε
773 3750 1107 3849 λαμὸοίνων
1138 3752 1309 3848 ἄφνω
1358 3760 1494 3851 πρὶν
1536 3756 1643 3823 καὶ
1678 3756 1883 3849 μαθεῖν
1911 3764 2023 3832 τὴν

1749 3863 2026 3938 ἱππικήν.

453 3990 676 4045 Omisso
708 3988 909 4047 fabulae
928 3992 1185 4065 nomine,
1211 3991 1446 4047 Photius
1468 4002 1525 4048 et
1542 3990 1741 4048 Suidas
1763 4010 1806 4047 s.
1834 4011 1892 4051 v.

1253 4117 1311 4175 5.

536 4235 896 4291 Herodianus
919 4236 1120 4294 Philet.
1150 4256 1211 4312 p.
1248 4234 1363 4303 453
1402 4234 1605 4309 Piers„
1632 4238 1919 4316 ’ᾼνακογ
1927 4261 1968 4317 χ
1977 4261 2032 4295 υ-

461 4320 772 4379 λίσασθαι
806 4342 821 4378 2
852 4320 971 4402 οὐχὶ
1000 4324 1541 4403 ἀναγαργαρίσασθαι.
1573 4327 1642 4387 Ε.
1675 4328 1729 4385 ἐν
1754 4328 1834 4387 Φ.
1866 4352 1891 4379 ι
1925 4330 2034 4386 Co·

459 4411 569 4467 dex
598 4415 796 4469 Venet.
830 4414 1171 4490 Harpocrat.
1216 4434 1279 4489 p.
1330 4412 1404 4469 35
1436 4414 1610 4471 Bekk.
1650 4414 1902 4476 :’Avoex.
1949 4416 2034 4473 ἐπὶ

457 4501 547 4555 τοῦ
571 4498 624 4555 ἐν
653 4501 729 4577 τῷ
755 4497 855 4580 βίῳ
876 4498 1159 4577 λεγομένου
1186 4500 1733 4580 ἀναγαργαρίσασθαι.
1766 4504 1829 4563 Ε.
1855 4504 1909 4560 ἐν
1943 4506 2029 4564 Φ.

457 4585 545 4646 Cf.
566 4588 870 4649 Ruhnken.
902 4589 977 4646 ad
1001 4591 1146 4649 Tim.
1171 4610 1233 4667 p.
1257 4597 1355 4657 24.
1392 4616 1413 4641 ι
1437 4592 1525 4647 Μ.

1217 4766 1273 4813 4.

460 4841 583 4894 Non
607 4842 857 4915 sapuisti,
882 4860 1067 4915 senex,
1089 4844 1424 4919 stipendium

462 4922 567 4980 hoc
586 4927 695 4983 cito
713 4931 1005 5002 accipiens,
1028 4932 1344 5005 priusquam
1367 4931 1529 4987 etiam
1550 4932 1797 5003 equitare
1812 4930 2033 4989 didicis·
2073 4944 2084 4991 .¹

1420 403 1743 466 coMOEDI
1756 403 1826 462 AE
1870 397 2196 460 VETERIS
2241 397 2651 470 RELlQUlAE.

2773 493 2795 544 ³
2845 513 2901 582 6.

2171 643 2410 700 Photius
2435 662 2496 718 p.
2531 643 2646 718 329
2665 685 2682 712 ,
2714 661 2776 714 α,
2805 638 3008 714 εὈλμοι
3031 640 3122 698 καὶ
3148 639 3382 719 ὓφόλμια
3423 661 3438 696 z
3475 641 3580 698 ἐπὶ
3607 645 3710 698 αὖ·

2091 732 2220 790 λῶν.
2259 733 2325 792 Ε.
2355 732 2437 790 Φ.

2193 840 2430 940 ῥέγκειν
2459 837 2530 912 δὲ
2557 846 2695 922 τοὺς
2718 847 2944 938 ὅλμους
2971 840 3157 936 (ἅμ’)
3177 867 3191 882 ·
3223 844 3392 938 οἴμοι
3423 854 3573 913 τῶν
3599 875 3710 912 κα-

3533 949 3700 1018 zei-3⁸⁴!

2093 1079 2266 1153 Quod
2287 1079 2652 1149 inseruimuS,
2681 1075 2774 1154 ἅμ’
2795 1089 2855 1134 et
2879 1089 3124 1134 metrum
3145 1090 3202 1134 et
3221 1082 3589 1137 sententiam
3609 1085 3678 1154 ju
3691 1115 3706 1126 ·

2093 1179 2228 1226 vat:
2257 1167 2525 1223 videntur
2565 1167 2716 1222 enim
2759 1167 2879 1222 haec
2916 1165 3262 1240 deprompta
3299 1186 3370 1225 ex
3405 1172 3702 1227 oratione

2094 1253 2217 1326 ejus
2239 1297 2254 1324 ‚
2307 1255 2406 1328 qui
2445 1255 2684 1329 strepitu
2731 1254 3002 1309 tibiarum
3044 1255 3272 1328 alioque
3299 1259 3477 1312 vario
3525 1269 3708 1331 atque

2097 1338 2315 1421 ἀμούσῳ
2342 1343 2749 1417 indignaretur.
2780 1342 2998 1398 Similia
3025 1343 3085 1396 in
3110 1342 3272 1398 libris
3301 1362 3336 1397 α
3357 1355 3416 1399 et
3441 1365 3500 1400 οι
3532 1363 3550 1402 z
3593 1347 3704 1401 ita-
3729 1403 3731 1408 Α

2097 1449 2210 1504 que
2237 1426 2332 1506 ἅμ’
2363 1431 2696 1506 absorptum
2723 1429 2896 1486 fuerit
2922 1430 2995 1485 ab
3021 1449 3143 1504 οιμ-
3165 1431 3378 1490 vicino.
3419 1434 3697 1488 Meinek.

2099 1514 2161 1574 ἂν
2199 1517 2469 1574 excidisse
2497 1517 2752 1591 conjicit.
2785 1517 3052 1577 Ceterum
3089 1520 3488 1592 prostomides
3519 1522 3702 1576 tibia·

2097 1625 2228 1662 rum
2255 1602 2462 1682 (ὅλμοι)
2485 1625 2593 1681 pro
2616 1607 2750 1682 ipsis
2772 1606 2926 1662 tibiis
2955 1605 3118 1662 dictae
3137 1618 3270 1662 sunt
3287 1647 3306 1676 ‚
3327 1605 3534 1683 figura
3563 1628 3701 1684 par-

2101 1695 2170 1751 tis
2203 1714 2311 1770 pro
2344 1707 2488 1753 toto.

2862 1835 2915 1885 7.

2185 1927 2385 1984 Pollux
2414 1948 2470 1999 7,
2510 1926 2618 1984 133
2654 1947 2668 1982 :
2705 1923 3078 2006 Ἀριστοφάνης
3116 1927 3162 1983 δ’
3225 1927 3279 1984 ἐν
3324 1935 3445 1994 τοῖς
3477 1926 3698 2008 Ἥρωσι

2107 2014 2338 2091 (fragm.
2375 2012 2483 2092 13)
2514 2013 2656 2071 δοκεῖ
2681 2010 2741 2070 τὸ
2773 2013 3146 2090 κόμιστρον
3173 2011 3314 2073 κατὰ
3355 2014 3425 2073 τὸ
3454 2021 3554 2075 νῦν
3595 2019 3700 2080 {iux

2105 2099 2369 2180 εἰρηκέναι
2395 2100 2495 2171 τὴν
2524 2099 2708 2181 φορὰν,
2735 2099 2859 2158 ὅταν
2889 2099 3011 2178 εἴπῃ
3037 2128 3060 2152 ιι
3081 2099 3282 2159 ὀῧολῶν
3307 2101 3356 2159 δ’
3373 2101 3515 2170 ἴσως
3537 2107 3694 2182 (ΑΜ.

2105 2188 2189 2250 66.
2217 2189 2272 2248 δὲ
2299 2191 2490 2267 οὗσῶν,
2511 2191 2666 2249 unde
2692 2211 2798 2248 nos
2820 2193 3108 2267 Aristoph.
3130 2192 3336 2268 fragm.
3365 2213 3438 2269 p.
3473 2215 3586 2269 92,
3613 2194 3696 2252 ὁὸ.

2107 2279 2154 2336 δ’
2181 2277 2307 2345 ἴσως
2343 2268 2450 2356 οἶν)
2492 2276 2752 2358 τεττάρων
2795 2279 2886 2337 καὶ
2922 2282 3014 2350 τ’ῆς
3049 2287 3231 2360 φορᾶς.
3269 2307 3296 2331 n
3344 2279 3534 2360 τούτῳ
3561 2283 3608 2340 δ’
3639 2281 3698 2340 ἂν

2107 2364 2264 2424 ἐοίκοι
2292 2365 2384 2424 καὶ
2415 2363 2476 2423 τὸ
2504 2367 2556 2424 ἐν
2583 2373 2689 2432 τοῖς
2729 2365 2806 2426 Φ.
2843 2365 3132 2434 Εὐπόλιδος
3166 2395 3194 2420 ιι
3225 2368 3409 2444 Τιμῆς
3448 2367 3598 2427 εἴποι
3625 2370 3696 2434 τίς

2106 2451 2246 2524 πόση
2273 2457 2308 2524 ἡ
2333 2453 2572 2535 διαφορά.
2609 2479 2636 2506 n
2656 2455 2748 2512 Sic
2771 2457 2957 2514 Aldus.
2976 2455 3164 2515 codd.
3195 2455 3268 2516 Τί
3295 2461 3490 2530 μισθοῖ
3517 2461 3691 2534 (νοῶ.

2109 2541 2318 2621 μισθοὶ)
2354 2541 2446 2601 καὶ
2485 2541 2626 2613 πόση
2665 2563 2742 2608 τις
2779 2546 2814 2614 ἡ
2857 2541 3017 2622 φορά.
3047 2543 3218 2602 Unde
3263 2545 3574 2604 Bekkerus
3619 2547 3692 2603 cf-

2109 2629 2242 2687 fecit
2531 2658 2538 2666 ·

2205 2735 2395 2836 (Ἀλλ’
2427 2739 2548 2835 εἰς)
2577 2745 2640 2810 τί
2667 2745 2912 2835 μισθοῖ;
2941 2751 3088 2830 ποῒ;
3121 2746 3280 2819 πόση
3311 2773 3408 2824 τις
3445 2754 3486 2820 ἡ
3514 2747 3687 2838 φοράς

2113 2873 2272 2952 quod
2298 2893 2416 2931 non
2450 2872 2674 2935 sufficit.
2711 2899 2734 2924 υ
2763 2876 2811 2930 Ε
2833 2877 2920 2933 M.
2950 2875 3274 2932 scribamus

2209 2992 2411 3082 Τιμήν
2437 2982 2530 3056 ὅδ’
2567 2989 2763 3076 εἴποι,
2803 2990 2903 3055 καὶ
2931 2990 3086 3062 πόση
3119 3017 3214 3068 τις
3243 2996 3280 3064 ἡ
3317 2992 3504 3083 φορά.
3605 3025 3630 3045 ·

2861 3119 2920 3179 8.

2195 3232 2355 3288 Idem
2389 3250 2476 3301 ιο,
2503 3230 2579 3287 85
2608 3229 2729 3290 :Tan
2753 3228 2930 3306 μέντοι
2952 3230 3225 3310 κοίναστρα
3254 3229 3552 3310 φελλώδεις
3577 3252 3692 3285 τινες

2114 3318 2416 3377 πινακίσκοι
2444 3308 2580 3376 εἶναι
2609 3320 2847 3377 δοκοῦσιν
2864 3366 2879 3390 ,
2913 3320 3003 3397 ἀφ’
3032 3308 3106 3376 ὧν
3135 3317 3225 3377 καὶ
3253 3317 3314 3375 τὸ
3341 3320 3638 3377 ἑκκενῶσαι
3662 3312 3690 3382 ἦ

2116 3409 2312 3465 ἐκπιεῖν
2349 3404 2572 3475 κανάξαι
2609 3407 2819 3485 λέγουσι
2853 3404 2944 3464 καὶ
2971 3404 3372 3477 ἐκκανοὶξαι,
3399 3408 3481 3473 ὣς
3513 3406 3601 3464 καὶ
3639 3404 3692 3462 E.

2115 3497 2168 3555 ἐν
2201 3497 2306 3561 τοῖς
2337 3496 2418 3555 Φ.
3145 3501 3152 3507 ’

2338 3628 2431 3691 ‘r‘
2465 3616 2522 3691 δ’
2603 3628 2618 3649 ’
2673 3624 2689 3647 “
2778 3626 2792 3647 ’
2969 3624 2984 3643 ’

2214 3664 2309 3674 -
2389 3652 2461 3699 ην
2555 3650 2730 3701 αυτος
2767 3622 3096 3705 εκκαναξει.

2121 3794 2144 3819 ι
2179 3768 2266 3825 Ad
2294 3766 2443 3839 τήνδε
2473 3769 2676 3843 supple
2718 3764 2930 3827 κύλικα.
2977 3768 3134 3827 Finis
3181 3732 3409 3825 iambici
3467 3778 3686 3824 tetram.

2124 3858 2285 3913 catal.
2327 3882 2352 3908 υ
2384 3858 2434 3911 E
2459 3858 2551 3913 M.

2205 4066 2394 4131 Schol‚
2420 4065 2713 4141 Aristoph.
2743 4064 2995 4125 Acharn.
3028 4084 3135 4136 127
3169 4086 3182 4121 :
3207 4061 3468 4141 παροιμία
3491 4063 3691 4123 ἐπὶτῶν

2125 4152 2348 4219 πολλοὺς
2367 4152 2534 4221 ξένους
2545 4152 2948 4231 ἀποδεχομένων
2971 4180 2996 4204 «ι
3020 4150 3278 4213 Οὖδέποτ’
3293 4152 3482 4230 ἴσχειὴ
3505 4151 3652 4231 θύρα.
3671 4177 3692 4199 υ

2129 4239 2392 4317 μέμνηται
2419 4238 2510 4299 καὶ
2552 4242 2621 4301 E.
2656 4242 2708 4299 ἐν
2731 4243 2814 4301 Φ.
2855 4266 2881 4291 α
2917 4240 3004 4311 Νὴ
3040 4239 3128 4298 τὸν
3161 4242 3438 4316 Ποσειδῶ,
3462 4238 3690 4298 οὐδέποτ’

2125 4329 2264 4407 ἴσχει
2295 4332 2328 4400 ἡ
2357 4327 2511 4409 θύρα.
2547 4354 2572 4381 »0
2613 4324 2819 4390 Elmsl.'
2852 4332 2943 4386 vel
2982 4327 3264 4387 κούδέποτέ
3292 4328 3340 4403 γ’
3369 4327 3518 4407 ἴσχει
3547 4328 3688 4405 θύρα,

2127 4418 2288 4494 quod
2313 4422 2529 4495 recepit
2563 4420 2764 4490 Mein.,
2791 4412 2886 4475 ⁴vel
2921 4416 3190 4476 κούδέποτ’
3219 4416 3360 4497 ἴσχει
3387 4416 3437 4495 γ’
3463 4421 3500 4487 ἡ
3533 4415 3654 4494 (stipa
3670 4457 3684 4485 ,

2115 4500 2488 4562 'scribendum
2513 4516 2711 4582 putat;
2750 4506 2852 4563 sed
2877 4526 2996 4563 non
3037 4505 3304 4563 offendor
3333 4507 3496 4562 hiatu
3517 4547 3534 4575 ,
3557 4524 3684 4580 prae-

2128 4595 2322 4650 sertim
2341 4596 2404 4649 in
2430 4612 2639 4650 caesura
2656 4634 2674 4663 ,
2704 4605 2770 4649 ut
2795 4595 2909 4649 hoc
2937 4606 3246 4669 reponatur

2125 4846 2366 4903 Pretium
2394 4845 2483 4902 hic
2502 4844 2664 4915 dicat,
2690 4855 2746 4903 et
2767 4766 2991 4920 quae⁷sit
3019 4860 3224 4903 merces
3249 4847 3587 4920 apportandi.

1897 5023 2032 5087 [ses.
2076 4998 2085 5111 ξ
2132 5025 2289 5079 Hanc
2323 5023 2437 5094 ipse
2469 5024 2665 5080 ebibet.
2889 4944 2923 4991 8

2880 5118 2933 5167 9.

1216 5112 1269 5160 6.

468 5194 531 5247 ΕΙ
561 5191 789 5248 stridere
818 5191 1171 5263 prostomides
1206 5190 1463 5248 tibiarum
1496 5212 1507 5247 ε
1543 5208 1623 5249 vm
1645 5192 1775 5248 mihi
1807 5194 2033 5249 misero!

2130 5199 2230 5250 l’er
2261 5199 2598 5267 Neptunum,
2628 5213 2909 5269 nunquam
2931 5198 3142 5255 abarcet
3171 5206 3342 5277 porta.
