3809 5850
443 421 558 472 ⁴48

531 553 695 637 κριοῦ
724 551 780 610 τ’
817 544 1010 634 ὄρχεις
1028 593 1047 629 ,
1073 543 1312 634 χόλικές
1341 567 1409 606 τε
1437 543 1569 626 βοὸς
1587 591 1604 620 ,

437 649 478 716 5
531 648 738 742 κρανία
776 655 834 712 τ’
869 649 1096 738 ἀρνῶν,
1133 645 1340 722 νῆστίς
1372 640 1403 676 *⁴
1436 653 1494 710 τ’
1539 646 1770 738 ἐρίφου,

531 759 767 848 γαστήρ
787 780 856 820 τε
872 756 1049 847 λαγὼ
1067 803 1086 839 ,
1111 755 1300 843 φύσκη
1323 802 1342 838 ,
1365 745 1588 845 [χορδή
1607 801 1626 834 ,
1647 749 1669 846 ]
1691 755 1996 843 πνεύμων,

531 857 762 954 [ἀλλᾶς
791 852 924 952 τε.]

431 989 616 1061 Coqui
639 987 814 1042 verba
829 985 904 1041 ad
923 983 1369 1052 convivatorem,
1393 993 1458 1038 nt
1482 983 1728 1040 videtur.
1755 985 1932 1040 Versu
1965 1002 1987 1037 1

421 1073 689 1132 -τούτοισιν
719 1076 995 1140 Kusterus
1021 1088 1130 1144 pro
1159 1067 1380 1135 τούτοις.
1414 1072 1482 1129 V.
1511 1067 1544 1125 5
1567 1067 1741 1148 ἐρίφου
1771 1081 2001 1126 antece-

434 1163 603 1220 dente
625 1159 845 1242 ἔρίφων,
873 1161 1014 1234 quin
1040 1157 1308 1216 affectum
1339 1161 1442 1234 sit,
1483 1159 1576 1214 vix
1611 1159 1868 1230 dubites,
1899 1158 2003 1215 sed

435 1251 738 1326 genuinam
795 1267 1000 1304 vocem
1036 1267 1156 1304 non
1200 1249 1464 1323 reperi03
1527 1266 1716 1322 neque
1772 1247 2005 1304 ferenda

433 1349 574 1411 puto
603 1333 768 1415 χορδὴ
789 1347 848 1394 et
871 1336 1034 1404 ἀλλᾶς
1045 1335 1210 1410 juxta
1226 1333 1422 1418 φύσκη,
1445 1347 1504 1394 et
1527 1336 1760 1396 fortasse
1787 1348 2005 1394 utrum-

433 1443 547 1501 que
573 1425 901 1484 delendum.

1191 1540 1246 1577 α.

513 1636 674 1693 Idem
707 1637 765 1706 3,
789 1654 854 1711 p.
890 1635 996 1692 108
1017 1677 1034 1704 ,
1057 1637 1104 1691 Α
1137 1650 1152 1692 :
1183 1631 1376 1692 ἔστιδὲ
1413 1634 1504 1694 καὶ
1529 1634 1674 1714 ἰχθύς
1707 1657 1781 1700 τις
1801 1631 2003 1704 ἥπατος

433 1721 781 1797 καλούμενος,
819 1719 876 1779 ὅν
911 1742 1041 1802 φησι
1067 1723 1096 1779 ὁ
1125 1719 1278 1787 αὐτὸς
1311 1723 1375 1782 Ε.
1413 1723 1466 1780 ἐν
1499 1723 1748 1780 Λάκωσιν
1775 1717 1810 1790 ἢ
1845 1719 1999 1800 Λήδᾳ

431 1811 526 1868 οὐκ
551 1807 693 1888 ἔχειν
722 1807 914 1888 χολὴν,

631 1965 727 1976 --
753 1929 883 1992 Οὐκ
921 1927 1040 2012 ᾤου
1068 1926 1139 1990 σύ
1171 1951 1244 2017 με

527 2035 717 2121 χολὴν
747 2032 945 2123 ἔχειν,
977 2035 1057 2109 ὡς
1088 2025 1149 2095 δ’
1175 2029 1400 2117 ἡπάτῳ
1436 2057 1538 2122 μοι
1576 2023 1876 2123 διελέγου·
1948 2121 1975 2130 ..

537 2139 662 2230 ἐγὼ
698 2131 767 2203 δέ
795 2136 962 2229 τείμὶ
977 2145 1100 2204 τῶν
1130 2139 1539 2232 μελαμπύγων
1569 2139 1642 2230 γέ
1666 2163 1784 2213 τις.

430 2269 607 2322 Versu
643 2286 665 2322 1
694 2267 828 2322 libri
852 2263 956 2346 ᾤου
986 2289 1052 2342 με
1068 2307 1086 2337 ,
1109 2267 1315 2324 hausto
1336 2263 1400 2324 ci·
1421 2289 1454 2324 α
1479 2269 1650 2324 simili
1668 2269 1859 2324 vicino
1887 2288 2006 2323 -ου,

431 2355 614 2410 Sensit
653 2355 898 2412 Porson.
955 2356 1038 2411 De
1077 2355 1290 2429 hepate
1325 2357 1482 2428 pisce
1521 2357 1633 2412 hoc
1668 2375 1790 2411 non
1833 2355 2011 2412 tradit

431 2442 766 2498 Aristoteles
789 2443 866 2498 Η.
899 2444 971 2499 A.
1011 2461 1074 2516 α,
1119 2461 1209 2519 ια.
1230 2445 1302 2500 V.
1333 2441 1366 2498 3
1387 2443 1562 2518 vulgo
1591 2437 1696 2516 ἐγὼ
1735 2438 1792 2497 δέ
1827 2441 1878 2517 γ’
1899 2440 2008 2517 εἰμὶ

435 2529 539 2585 τῶν
564 2549 626 2602 μ.
658 2525 759 2584 ἔτι.
787 2531 958 2585 Posui
992 2526 1049 2586 δὲ
1071 2525 1247 2604 τεῖμὶ,
1283 2531 1322 2586 i.
1351 2549 1402 2588 e.
1435 2527 1492 2586 δέ
1518 2551 1597 2587 τοι
1625 2526 1756 2604 εἰμί.
1795 2527 1894 2608 (In
1922 2531 2005 2586 Ia-

434 2617 562 2672 tinis
577 2619 1009 2691 nigripodicum,
1029 2628 1094 2672 ut
1107 2614 1290 2675 simile
1308 2621 1686 2692 compositum
1705 2621 2010 2692 m‘gre‘color

433 2704 588 2778 apud
615 2705 874 2760 Solinum
895 2723 1022 2780 cap.
1061 2704 1155 2778 α.)

1187 2819 1243 2878 3.

510 2932 672 2991 Idem
696 2952 758 3009 9,
787 2954 848 3011 p.
883 2932 1022 3006 380,
1053 2935 1099 2991 F
1131 2954 1146 2990 z
1184 2931 1272 2989 ἐπὶ
1297 2930 1496 3000 τούτοις
1529 2936 1558 2990 ὁ
1589 2931 1834 3012 μάγειρος
1865 2932 2001 3015 ἔφη,

435 3022 584 3091 Λέξω
611 3022 780 3082 τοίνυν
810 3022 958 3100 κάγὼ
988 3022 1085 3080 οὗκ
1115 3018 1342 3099 ἀρχαίαν
1367 3020 1617 3092 ἐπίνοιαν,
1642 3020 1760 3078 ἀλλ’
1791 3020 2003 3099 εὸρησιν

432 3110 588 3186 ἐμὴν,
613 3109 699 3168 ἵνα
733 3109 810 3187 μὴ
835 3114 864 3169 δ
885 3108 1119 3183 αὐλητὴς
1153 3108 1362 3185 πληγὰς
1386 3107 1550 3187 λάὸῃ·
1571 3112 1600 3167 ὁ
1627 3106 1730 3187 γὰρ
1756 3109 1824 3169 E.
1854 3111 1908 3167 ἐν
1940 3114 2001 3169 Δ.

431 3197 466 3267 ἢ
499 3198 648 3279 Λήδᾳ
672 3197 804 3279 ἔφη,

623 3354 718 3363 --·
749 3308 902 3380 Ᾰλλ’
940 3314 1280 3405 ἠκούσαμεν

525 3419 627 3486 καὶ
659 3429 838 3486 τοῦτο
855 3470 875 3507 ,
897 3423 966 3496 νὴ
987 3425 1098 3495 τὴν
1133 3415 1395 3509 Ἑστίαν,
1421 3416 1574 3487 οἴκοι
1595 3416 1756 3506 ποθ’,
1785 3422 1898 3503 ὡς,

525 3528 618 3592 ὅσ’
651 3520 722 3591 ἂν
749 3532 780 3593 ὁ
811 3526 1088 3620 μάγειρος
1117 3522 1424 3620 ἐξαμάρτῃ
1444 3578 1462 3613 ,
1499 3530 1839 3611 τύπτεται,

538 3634 619 3709 ὥς
652 3656 866 3723 φασιν,
897 3636 1166 3710 αὐλητὴς
1190 3639 1332 3726 παρ’
1364 3638 1523 3726 ὑμῖν.

431 3760 610 3816 Versu
647 3756 680 3813 3
717 3752 795 3815 6⁶⁹
829 3756 1130 3833 (baustum
1157 3734 1406 3814 inlibris
1447 3759 1520 3814 ab
1555 3758 1627 3823 ὡς
1657 3759 2000 3833 praegresso)

428 3845 590 3902 addit
605 3844 892 3916 Dindorf.,
910 3864 1090 3920 quum
1109 3846 1320 3902 Coraes
1342 3842 1422 3901 80⁹
1444 3842 1509 3901 ἂν
1523 3864 1632 3919 pro
1655 3846 1727 3911 ὡς
1745 3842 1808 3901 ἂν
1827 3849 2000 3905 scribi

426 3933 710 4005 jussisset,
752 3950 1058 4007 perperam
1099 3934 1198 3989 ille
1237 3950 1474 4006 sequens
1513 3934 1850 4005 impressos,
1899 3936 2001 4007 qui

433 4018 751 4075 obtrudunt
813 4015 1138 4095 κακόμετρον
1189 4020 1432 4077 verbum
1475 4016 1784 4079 τύπτεσθαι.
1837 4022 1999 4077 Libri

433 4108 520 4161 BC
546 4101 819 4162 τύπτεται.
856 4108 922 4163 V.
964 4112 997 4171 4
1027 4106 1163 4161 libri
1197 4104 1353 4183 φησὶν
1395 4117 1452 4163 et
1488 4108 1650 4181 ἡμῖν,
1701 4128 1825 4183 quae
1867 4130 1996 4165 cor-

499 4276 556 4325 et
582 4270 768 4327 arietis
789 4271 1062 4341 testiculi,
1093 4280 1148 4329 et
1167 4272 1420 4329 intestina
1439 4272 1594 4330 bovis
1613 4314 1627 4340 ,

432 4366 466 4415 5
502 4360 784 4431 capitaque
809 4374 1081 4432 agnorum
1105 4404 1122 4427 ,
1154 4402 1290 4428 .....,

501 4454 558 4501 et
585 4444 786 4517 leporis
814 4454 1021 4515 venter,
1052 4446 1318 4503 farcimen
1339 4487 1354 4513 ‚
1381 4446 1589 4519 pulmo.

1191 4554 1241 4603 2.

504 4662 570 4673 -—
591 4634 718 4689 Non
745 4640 904 4706 putas
939 4643 1000 4691 ιιι
1024 4650 1112 4691 me

431 4718 598 4776 bilem
622 4720 818 4789 habere
835 4762 852 4789 ‚
887 4722 986 4779 sed
1005 4724 1156 4781 velut
1179 4723 1438 4795 hepatum
1461 4738 1550 4781 me
1569 4726 1905 4799 compellasti
1931 4746 1947 4795 ;

431 4820 534 4879 ego
563 4822 691 4863 vero
715 4822 840 4863 sum
865 4824 1010 4865 unus
1033 4810 1458 4883 nigripodicum.

503 5008 572 5017 —
595 4977 704 5035 Sed
723 4978 1034 5035 audivimus
1195 4902 1246 4951 3·

432 5064 537 5121 hoc
565 5079 800 5138 quoqne,
831 5080 927 5137 per
949 5068 1170 5123 Vestam
1194 5110 1209 5136 ‚
1234 5068 1380 5125 domi
1409 5070 1540 5126 olim
1566 5091 1580 5129 :

431 5166 790 5225 quaeeumque
805 5160 990 5225 peccat
1011 5170 1220 5227 coquus
1241 5198 1256 5225 ‚
1280 5158 1530 5229 vapulat,

431 5245 494 5293 ut
521 5238 706 5309 ajunt,
732 5238 880 5313 apud
911 5255 1004 5295 vos
1035 5240 1260 5299 tibicen.

1499 405 1774 468 MEDIAE
1810 407 2229 470 COMOEDIAE
2274 409 2687 483 RELIQUIAE.

2098 543 2244 598 rexit
2264 521 2526 608 Grotius3
2554 537 2787 608 αὓλητὴς
2814 553 2999 598 autem
3018 586 3032 612 ,
3056 561 3163 615 pro
3192 542 3222 596 ὃ
3245 542 3362 600 mn.
3390 545 3612 609 Neine-l..

2100 631 2199 703 qui
2228 629 2301 686 de
2329 629 2640 704 proverbio
2670 629 2889 684 confert
2912 630 3157 703 Philyuii
3180 627 3362 696 Πόλεις
3379 675 3395 700 ,
3416 634 3477 688 fr.
3504 655 3551 692 a.

2855 732 2910 790 Ιι.

2180 837 2337 894 ldcm
2371 857 2391 892 1
2411 857 2461 912 ι,
2480 857 2543 914 p.
2564 837 2711 908 460,
2739 839 2815 893 E:
2842 835 3046 914 εἴρηται
3065 837 3121 894 δὲ
3146 837 3309 905 οὕτως
3338 841 3617 916 (κυλικεῖον)

2104 925 2137 993 ἡ
2167 925 2269 980 τῶν
2300 925 2561 1004 ποτηρίων
2586 923 2901 994 σκευοθήκη.
3036 927 3104 986 Ε.
3137 927 3181 983 δ’
3206 929 3261 985 ἐν
3286 927 3455 1005 Λήδᾳ,

2292 1079 2389 1089 —-
2416 1035 2673 1132 ὑσπερεὶ
2704 1032 2973 1134 σπουδῇ,
3008 1033 3215 1119 διδοὺς

2196 1150 2254 1212 ἐν
2282 1156 2373 1232 τῷ
2405 1143 2683 1232 κυλικείῳ
2711 1150 3057 1240 συντέτριφε
3087 1143 3173 1213 τὰ
3200 1151 3463 1240 ποτήρια.

2098 1276 2261 1333 Libri
2288 1275 2556 1332 mendose
2585 1271 2805 1352 ”Ωσπερ
2841 1271 3069 1344 σπονδὴν
3098 1275 3202 1334 διδ.
3252 1279 3477 1344 Porsen.
3504 1273 3623 1334 Ὡσ-
3687 1279 3688 1348 j

2097 1360 2261 1442 περεί.
2288 1365 2358 1421 V;
2387 1383 2420 1419 α
2452 1359 2753 1442 συντέτριφε
2786 1365 3053 1421 molliore
3072 1375 3259 1421 metro
3286 1366 3329 1424 B
3350 1386 3451 1441 pro
3473 1367 3625 1423 συντέ·
3687 1361 3688 1428 i

2098 1471 2298 1530 τριφεν,
2330 1463 2599 1525 tanquam
2630 1451 2989 1508 festinatione
3026 1455 3232 1526 aliquis
3258 1455 3485 1527 pocula,
3512 1453 3623 1508 dum
3687 1451 3688 1522 Ῐ

2100 1559 2167 1597 ea
2188 1539 2379 1596 reddit
2406 1540 2765 1613 collocatque
2788 1542 2847 1594 in
2869 1541 3082 1609 abaco,
3112 1541 3411 1617 confregit.
3687 1537 3688 1540 '

2561 1667 2845 1728 XXVIII.
2890 1667 3205 1728 MHAEIA.
3687 1733 3688 1738 ,

2183 1797 2388 1855 Athen.
2435 1817 2489 1869 7,
2522 1815 2591 1872 p.·
2616 1794 2757 1868 300,
2786 1797 2831 1853 C
2874 1817 2887 1851 t
2920 1792 3001 1852 ὅτι
3036 1795 3082 1852 δ’
3110 1794 3293 1868 ἤσθιον
3312 1794 3401 1860 τὰς
3432 1797 3623 1874 ἐγχέλεις

2103 1880 2194 1940 καὶ
2232 1881 2369 1959 μετὰ
2405 1881 2633 1940 τεύτλων
2678 1880 3060 1954 ἐντυλίξαντες,
3104 1881 3239 1942 πολὺ
3284 1882 3377 1960 μέν
3414 1885 3517 1942 ἐστι
3554 1885 3623 1942 ui

2100 1967 2247 2050 παρὰ
2270 1971 2377 2036 τοῖς
2396 1969 2634 2050 ἀρχαίοις
2655 1977 2928 2047 κωμικοῖς,
2960 1969 3051 2029 καὶ
3076 1973 3147 2033 Ε.
3170 1969 3229 2028 δέ
3254 1993 3404 2050 φησιν
3420 1975 3471 2029 ἐν
3494 1971 3623 2050 Ἠχοῖ

2107 2097 2171 2118 ...
2187 2099 2204 2128 ,
2228 2055 2320 2114 καὶ
2344 2057 2398 2116 ἐν
2424 2055 2664 2136 Μηδείᾳ,

2197 2177 2421 2249 Τεῦτλ’
2462 2182 2887 2276 ἀμπεχομένης
2916 2183 3201 2275 παρθένου
3235 2183 3505 2260 Βοιωτίας

2198 2281 2532 2376 Κωπᾷδος·
2568 2283 2886 2380 ὀνομάζειν
2919 2286 3037 2382 γὰρ
3068 2280 3353 2380 αἰδοῦμαι
3382 2288 3527 2354 θεάν.

2099 2413 2285 2472 Verba
2316 2411 2507 2472 Τεῧτλ’
2537 2412 2676 2486 ἀμπ.
2699 2411 2969 2470 addenda
2996 2431 3111 2470 esse
3138 2413 3291 2470 vidit
3326 2413 3540 2471 Cnsaub.

2522 2539 2740 2601 xx1x.
2788 2540 3210 2601 ΜΥΛΩΘΡΙΣ.

2178 2667 2386 2724 Athen.
2428 2687 2449 2724 ι
2468 2686 2521 2738 z,
2546 2688 2608 2743 p.
2636 2675 2746 2743 494
2772 2709 2789 2735 ,
2816 2667 2864 2725 Ε
2894 2686 2908 2722 :
2938 2664 3257 2742 μνημονεύει
3276 2665 3331 2724 δὲ
3354 2667 3438 2723 τοῦ
3460 2661 3617 2730 fatuea-
3687 2651 3688 2662 ³

2098 2774 2225 2832 φου,
2250 2756 2320 2820 ὡς
2343 2753 2621 2832 ποτηρίου,
2652 2753 2743 2812 καὶ
2764 2755 2833 2814 Ε.
2864 2753 2918 2810 ἓν
2948 2752 3271 2832 Μυλωθρίδι,

2293 2912 2391 2923 --
2424 2870 2671 2940 Κᾶπιον
2706 2869 2889 2962 χωρὶς
2923 2871 3141 2963 μέτρου

2196 2972 2493 3071 ὁξύὲαφον
2526 2978 2606 3056 εἰς
2644 2980 2715 3044 τὸ
2745 2978 2966 3045 κοινόν·
3012 2972 3118 3043 εἷθ’
3150 2980 3466 3067 ὑπώμνυτο

2196 3092 2229 3151 ὁ
2258 3088 2363 3177 μὲν
2393 3081 2546 3162 οἶνος
2578 3083 2708 3169 ὅξος
2750 3083 2933 3149 αὑτὸν
2968 3078 3118 3149 εἶναι
3154 3086 3421 3175 γνήσιον,

2199 3192 2270 3259 τὸ
2294 3185 2353 3257 δ’
2386 3186 2517 3269 ὅξος
2557 3186 2714 3257 οἶνον
2743 3190 2893 3256 αὐτὸ
2924 3192 3161 3279 μᾷλλον
3198 3190 3459 3280 θατέρου.

2096 3320 2261 3377 Libri
2282 3338 2451 3375 versu
2477 3338 2499 3374 1
2540 3314 2649 3375 Καὶ
2672 3314 2809 3373 πιεῖν
2850 3336 2909 3393 χ.
2949 3312 3159 3393 μέτρῳ,
3182 3310 3611 3388 quemadmodum

2100 3430 2133 3486 α
2160 3419 2213 3464 et
2240 3427 2297 3462 αι
2315 3448 2331 3472 ,
2366 3427 2411 3463 ει
2430 3414 2486 3461 et
2514 3427 2570 3463 ον
2600 3417 2658 3461 et
2682 3426 2764 3476 ου,
2797 3426 2857 3460 ου
2890 3414 2951 3460 et
2984 3424 3062 3475 ω,
3092 3404 3299 3479 passim
3326 3407 3610 3457 commutata

2097 3506 2231 3551 sunt
2260 3496 2325 3549 in
2368 3495 2548 3553 libris.
2588 3494 2853 3550 Ridicule
2895 3495 3049 3549 enim
3090 3494 3358 3550 Comicus
3397 3506 3613 3567 personas

2104 3581 2269 3639 finxit
2301 3583 2505 3639 Vinum
2524 3592 2582 3637 et
2602 3585 2845 3637 Acetum
2860 3622 2879 3652 ,
2904 3600 3023 3638 una
3046 3582 3308 3637 bibentes
3338 3578 3549 3656 cupide,
3568 3586 3609 3629 et
3687 3602 3688 3653 3

2099 3670 2385 3725 inebriatae
2427 3671 2645 3726 sincere
2675 3669 3001 3743 judicantes
3055 3683 3281 3745 potum.
3322 3674 3387 3726 V.
3436 3670 3465 3723 3
3503 3677 3547 3721 et
3580 3671 3603 3725 :i
3687 3714 3688 3751 ¹

2096 3755 2253 3815 αὓτὸν
2272 3768 2329 3812 et
2348 3755 2477 3814 αὑτὸ
2498 3776 2609 3833 pro
2636 3756 2793 3815 αὐτὸν
2817 3770 2875 3816 et
2896 3756 3023 3815 αὐτὸ
3044 3759 3307 3815 Dindorf.
3687 3754 3688 3777 ¹

2630 3894 2792 3955 XXX
2804 3938 2815 3949 .
2863 3894 3128 3955 ΜΥΣΟῙ.
3144 3944 3160 3957 .

2172 4025 2380 4083 Athen.
2434 4045 2525 4096 11,
2562 4045 2624 4101 p.
2660 4032 2797 4097 417,
2838 4029 2891 4083 D
2934 4044 2950 4085 τ
2992 4025 3044 4082 ἐν
3068 4022 3125 4082 δὲ
3161 4032 3267 4091 τοῖς
3298 4022 3475 4086 Μυσοῖς
3510 4016 3603 4093 πρὶς

2097 4107 2185 4167 τὸν
2210 4109 2479 4188 Ἡρακλέα
2511 4120 2649 4170 ποιεῖ
2678 4135 2793 4171 τινα
2814 4112 2939 4171 τάδε
2962 4111 3211 4188 λέγοντα,

2844 4286 2897 4335 4.

2166 4412 2236 4422 --
2260 4383 2430 4471 Quasi
2448 4382 2787 4449 festinando,
2806 4399 3013 4457 ponens

2098 4468 2153 4525 in
2184 4468 2354 4526 abaco
2376 4469 2569 4543 pocula
2587 4468 2878 4543 confregit.

2730 4574 3006 4629 MEDEA.

2094 4676 2241 4730 Betis
2270 4674 2511 4731 involuta
2542 4674 2751 4745 virgine
2774 4674 2981 4731 Boeotia

2094 4760 2333 4834 Copaide
2356 4761 2551 4818 :deam
2578 4762 2727 4818 enim
2754 4776 2941 4817 vereor
2964 4762 3267 4817 nominare.

2676 4882 3070 4938 MOLITRIX.

2164 5012 2233 5024 —
2262 4985 2329 5038 Et
2347 4980 2609 5039 bibebant
2632 4982 2753 5040 sine
2772 4982 2935 5039 modo

2094 5070 2431 5127 acetabulum
2451 5084 2593 5137 una3
2620 5070 2747 5126 dein
2765 5069 2988 5143 jurabat

2094 5156 2281 5212 vinum
2301 5155 2523 5229 quidem
2541 5198 2556 5224 ‚
2580 5172 2639 5212 se
2666 5171 2851 5212 verum
2874 5164 3087 5212 acetum
3109 5169 3259 5221 esse÷

2092 5250 2305 5300 acetum
2328 5250 2509 5299 autem
2529 5283 2545 5310 ‚
2572 5256 2629 5299 se
2659 5242 2831 5314 magis
2858 5243 3047 5301 viuum
3072 5256 3189 5299 esse
3207 5254 3365 5313 quam
3387 5236 3575 5293 alterum
