3809 5850
467 417 536 468 32
1455 405 1864 468 COMOEmAE
1905 407 2235 470 VETEssls
2280 411 2681 486 RELIQUIAE.

461 546 600 622 (pro
625 546 696 611 ὡς
716 543 856 625 Ἀρ.)
899 544 1236 623 ἀσχημονῶν,
1268 547 1444 602 Mein.
1473 558 1692 618 autem,
1723 547 2020 621 dubitans,

457 647 524 690 ut
553 638 635 690 ait
659 661 683 686 α
713 653 850 690 1111111
880 631 950 699 ὣς
987 635 1069 689 sic
1099 637 1353 710 positum
1381 635 1748 694 comicorum
1775 639 2026 695 orationi

459 725 795 791 conveniat,
849 747 872 772 υ
919 723 1122 776 maluit
1160 722 1478 799 ἀσχημονεῖ,
1515 725 1674 796 quod
1703 726 1874 780 etiam
1916 727 2025 800 ipsi

455 813 840 883 praetulimus3
894 820 1285 882 praetereaque
1325 810 1532 865 excudi
1572 810 1841 882 jussimus
1877 831 2024 886 pro-

456 897 620 953 biore
663 915 902 952 numero
935 893 1302 969 Κιμωνείοισιν
1335 915 1444 971 pro
1477 894 1780 970 Κιμωνίοις.
1824 899 2024 956 Cetera

454 985 701 1039 restituit
723 984 928 1058 Bergk.
956 984 1299 1039 Commentt.
1327 1003 1390 1058 p.
1431 983 1558 1040 183.
1584 1009 1608 1034 α
1633 981 1744 1056 Ἀρ.
1767 981 1863 1054 ὢν,
1886 987 1945 1040 h.
1964 1005 2018 1043 e.

453 1073 605 1126 alter
643 1076 838 1139 Arist„
888 1082 952 1126 ut
1016 1071 1171 1146 apud
1221 1073 1662 1146 Aristophanem
1701 1075 1850 1128 Ran.
1909 1073 2019 1130 363

453 1155 743 1236 Θωρυκίων
780 1153 872 1214 ὤν.
919 1158 1314 1215 Cimoniorum
1351 1171 1854 1214 monumentorum
1899 1178 2024 1216 me-

452 1247 696 1300 moriam
717 1245 811 1301 hic
843 1246 1018 1301 latere
1041 1247 1332 1321 perspexit
1359 1245 1589 1320 Bergk„
1621 1247 1803 1302 allatis
1830 1248 2022 1304 Photii

450 1333 641 1390 verbis
665 1335 804 1389 Lex.
823 1351 886 1408 p.
923 1332 1056 1404 166,
1085 1351 1140 1401 1,
1167 1351 1198 1389 e
1227 1334 1435 1406 quibus
1451 1333 1760 1390 soedissima
1781 1353 2021 1410 quaequc

451 1421 566 1474 illic
593 1427 822 1494 patrata
848 1437 970 1476 esse
1008 1421 1347 1496 intelligitur
1397 1441 1410 1474 ε
1457 1418 1799 1494 Κιμώνεια
1849 1420 2021 1500 ἐρεί·

447 1526 568 1561 πια
611 1527 626 1560 :
674 1503 968 1582 Ἀθήνησιν,
1013 1495 1168 1571 ἐνόῗς
1198 1505 1498 1564 ἀπεπάτουν
1526 1506 1617 1565 καὶ
1663 1505 2013 1585 ζπεραίνοντο.

447 1595 597 1650 Plut.
638 1597 752 1652 vit.
782 1596 1033 1653 Cimonis
1071 1614 1200 1670 cap.
1235 1601 1266 1660 4
1297 1613 1311 1653 :
1343 1596 1528 1671 μνῆμα
1559 1593 1605 1652 δ’
1639 1596 1796 1652 αὐτοῦ
1828 1597 2017 1671 (Thu-

447 1683 698 1758 cydidis)
717 1683 768 1740 ἐν
791 1685 899 1748 τοῖς
929 1683 1238 1756 Κιμωνείοις
1267 1681 1546 1757 δείκνυταιε
1573 1684 1874 1740 Marcellus
1899 1687 2012 1742 vit.

445 1771 798 1844 Thucydidis
819 1791 882 1846 p.
915 1771 948 1827 3
987 1791 999 1826 ε
1035 1769 1164 1847 πρὸς
1189 1769 1303 1833 ταῖς
1328 1767 1570 1827 Μελιτίσι
1597 1768 1788 1835 πύλαις
1811 1773 2017 1829 καλου-

447 1855 626 1931 μέναις
665 1855 806 1914 ἐστὶν
848 1859 900 1913 ἐν
934 1854 1104 1933 Κοίλῃ
1152 1854 1221 1913 τὰ
1261 1853 1562 1933 καλούμενα
1601 1855 1849 1932 Κιμώνια
1886 1859 2015 1934 μνή-

446 1965 625 2019 ματα,
663 1943 785 2001 ἔνθα
826 1941 1086 2001 δείκνυται
1114 1939 1399 2020 Ἡροδότου
1431 1949 1445 2022 (
1472 1945 1856 2019 probabiliter
1897 1947 2017 2006 Co-

445 2051 568 2088 raes
605 2032 679 2088 ad
707 2032 855 2090 Plut.
889 2033 1000 2088 vit.
1029 2031 1084 2101 3,
1115 2050 1178 2106 p.
1211 2031 1356 2106 390,
1383 2029 1658 2109 Ἡρώδου)
1689 2031 1778 2089 καὶ
1807 2037 2012 2093 Goum-

444 2117 586 2176 δίδου
620 2115 896 2195 μνήματα.
921 2151 997 2162 -
1024 2120 1162 2191 Quis
1191 2120 1265 2173 sit
1303 2119 1452 2174 alter
1483 2119 1579 2175 ille
1615 2123 2013 2193 Aristodemus,

443 2226 612 2264 nemo
666 2208 834 2263 facile
889 2205 1260 2265 divinaverit.
1327 2207 1412 2262 Dc
1475 2207 1602 2282 ipso
1654 2208 2013 2266 Aristodemo

441 2313 496 2352 v.
525 2296 792 2370 Hesychii
826 2296 1078 2368 interpp.
1111 2295 1228 2350 vol.
1268 2313 1320 2362 1,
1350 2313 1414 2368 p.
1455 2292 1593 2363 534,
1625 2304 1683 2350 et
1711 2294 2014 2352 Libanium

441 2383 604 2438 Orat.
661 2401 759 2456 19,
789 2401 852 2457 p.
899 2380 1036 2450 500,
1083 2383 1156 2449 D,
1202 2381 1303 2436 ubi
1345 2400 1476 2435 cum
1524 2382 1834 2454 Clisthene,
1879 2383 2011 2438 Phi-

441 2470 681 2537 loxeno,
712 2469 984 2541 Amynia,
1011 2470 1227 2536 Dem0,
1256 2469 1556 2542 Ctesipp0,
1593 2469 1832 2542 aliisque
1871 2487 2011 2545 per-

441 2557 572 2610 ditae
623 2556 878 2611 libidinis
927 2555 1258 2610 hominibus
1309 2555 1696 2630 conjungitur.
1743 2579 1766 2606 υ
1829 2558 1880 2611 Ε
1919 2559 2007 2612 Μ.

439 2641 746 2718 Cogitabat
772 2643 979 2717 Bergk.
1004 2641 1075 2697 de
1100 2643 1391 2718 Hippone,
1427 2660 1598 2716 quem
1623 2643 1858 2716 quidem
1889 2655 2008 2700 tan·

439 2741 510 2784 1ae
541 2730 807 2786 foeditatis
847 2748 966 2786 non
1002 2729 1183 2803 magis
1211 2747 1318 2805 ego
1358 2730 1802 2785 insimulaverim
1832 2748 2006 2804 quam

439 2818 774 2876 Meinekius.
1194 2903 1226 2961 ⁵

518 3018 756 3072 Photius
783 3002 1016 3090 Lex.'p.
1069 3016 1218 3089 369,
1250 3020 1309 3085 4,
1343 3011 1580 3072 Παιδικά
1613 3032 1628 3069 2
1660 3011 1750 3069 ἐπὶ
1786 3014 2005 3085 θηλειῶν

436 3102 527 3159 καὶ
570 3102 797 3180 ἀρρένων
855 3101 1128 3178 ἐρωμένων
1192 3100 1440 3159 τάττεται
1484 3103 1518 3169 ἡ
1546 3098 1700 3167 λέξις.
1750 3102 2004 3179 παραδεί·

436 3212 617 3265 γματα
640 3188 694 3246 δὲ
718 3192 806 3247 τοῦ
828 3188 916 3247 ἐπὶ
941 3192 1043 3248 τῶν
1065 3188 1295 3269 ἀρρένων
1322 3187 1603 3247 τάττεσθαι
1623 3188 1885 3249 πολλάω.
1914 3190 2005 3248 καὶ

435 3278 538 3353 Κρ.
574 3278 718 3335 Παν.

531 3396 741 3467 Μισεῖς
787 3388 900 3483 γὰρ
951 3390 1108 3458 πάνυ
1153 3388 1264 3468 τὰς
1304 3398 1611 3485 γυναῖκας,
1663 3389 1808 3483 πρὸς
1865 3416 2003 3457 παι·

1459 3488 1608 3563 Sne&
1634 3508 1733 3563 νῦν
1771 3498 1999 3589 τρέπει.

433 3625 850 3682 Grammaticus
887 3624 1122 3681 Coislin.
1171 3622 1318 3697 μισεῖ
1368 3620 1472 3698 γὰρ
1517 3620 1660 3677 πάνυ
1695 3644 1746 3678 τ.
1784 3644 1864 3698 γ.,
1901 3622 2003 3700 πρὸ

430 3710 579 3769 παιδ.
615 3709 670 3767 δὲ
704 3708 883 3788 τρέπει
923 3712 1036 3765 νῦν.
1071 3711 1305 3764 Photius
1333 3730 1393 3783 μ.
1430 3706 1534 3785 γὰρ
1557 3704 1652 3773 τὰς
1681 3730 1827 3782 γυν.,
1873 3708 2003 3787 πρὸς

431 3818 491 3855 π.
525 3796 577 3853 δὲ
613 3796 777 3873 τρέπῃ
821 3798 910 3851 νῦν
959 3798 1080 3851 sinc
1111 3793 1267 3851 πάνυ.
1295 3795 1468 3869 Apud
1495 3796 1674 3852 schol.
1707 3798 1996 3871 Aristoph.

433 3882 608 3957 Vesp.
657 3902 799 3938 1021
843 3879 1068 3958 τρίπεις.
1109 3883 1284 3936 Mein.
1341 3900 1411 3937 ex
1449 3883 1684 3937 chorico
1739 3886 1993 3941 carmine

431 3972 672 4043 petitum
705 3969 1014 4025 arbitratus
1043 3968 1246 4024 scribit
1275 3988 1290 4024 ε

529 4092 738 4162 Μισεῒς
771 4110 841 4177 γε
877 4084 1032 4150 πάνυ
1057 4094 1380 4177 γυναῖκας,
1432 4086 1574 4177 πρὸς
1605 4077 1868 4151 παιδικὰ
1926 4079 1996 4153 δὲ

1183 4199 1219 4341 ’6
1633 4193 1837 4281 τρέπει
1872 4202 1993 4257 νῦν.

507 4398 698 4455 Schol.
740 4396 814 4455 ad
865 4396 1114 4453 Nubium
1161 4418 1218 4454 v.
1253 4398 1393 4473 985,
1423 4396 1686 4467 Κηκείδου
1730 4418 1744 4453 :
1778 4398 1997 4475 ἀρχαῖος

429 4485 893 4563 διθυραμὸοποιὸς,
947 4476 1006 4543 οὗ
1036 4484 1301 4562 μέμνηται
1333 4486 1440 4563 Κρ.
1479 4486 1531 4543 ἐν
1575 4484 1716 4545 Παν.
1757 4487 1994 4542 Photius

426 4592 486 4645 p.
543 4572 685 4641 160,
740 4578 805 4639 14
829 4615 844 4642 ,
895 4572 1128 4643 Κηδίδης
1167 4592 1182 4632 :
1232 4571 1763 4653 διθυραμόοποιητής.
1813 4577 1993 4630 Recte

427 4660 786 4717 Schleusner.
816 4660 1110 4734 Κηκείδης,
1139 4672 1194 4719 et
1218 4682 1324 4719 scr.
1357 4658 1692 4740 διθυράμὸων
1723 4659 1963 4731 ποιητής.

1187 4917 1240 4966 5.
1599 4918 1673 4981 [te
1697 4912 1984 4970 convertis

2878 575 2929 625 7.

2194 670 2399 728 Pollux
2452 691 2542 744 10,
2598 675 2665 730 16
2712 693 2726 732 :
2786 673 3238 750 ἀπεσκευασμένος
3285 674 3349 733 τὰ
3404 676 3689 755 χρήματα,

2116 757 2569 830 ἀνασκευασθῆναι
2594 759 2691 831 τὴν
2718 759 3001 838 τράπεζαν,
3036 761 3379 820 ἐπισκευάσαι
3402 763 3461 820 τὸ
3486 766 3687 843 τεῖχος,

2114 849 2332 920 πομπῆς
2359 847 2448 904 καὶ
2476 847 2749 922 πομπείων
2784 848 3187 920 ἐπισκευαστής.
3216 853 3327 928 Κρ.
3360 849 3419 908 δὲ
3446 853 3501 910 ἐν
3535 855 3681 914 Παν.

2114 931 2201 989 τὸν
2226 933 2592 1014 σκευοφύλακα
2622 933 2755 994 ἔοικε
2794 935 3120 1016 σκιυωρὸν
3160 938 3367 1008 καλεῖν,
3404 965 3429 988 ι
3448 942 3491 996 i.
3514 961 3599 1012 e.,
3626 953 3691 996 ut

2113 1023 2363 1096 videtur,
2394 1042 2559 1094 eum,
2606 1023 2769 1096 cujus
2795 1043 2947 1081 curae
2980 1045 3333 1102 pomparum
3372 1041 3689 1103 apparatus

2114 1109 2486 1168 demandatus
2512 1123 2655 1172 erat.
2690 1138 2715 1164 n
2750 1115 2801 1168 E
2824 1115 2914 1170 M.

2868 1235 2924 1293 8.

2192 1347 2576 1402 Antiatticista
2611 1366 2672 1421 p.
2704 1365 2812 1420 91,
2862 1364 2930 1402 10
2964 1367 2977 1400 :
3024 1341 3148 1404 Διὰ
3192 1342 3463 1402 πάντων
3510 1345 3685 1422 ἀγὼν

2110 1427 2319 1508 λέγεται
2354 1436 2381 1489 ὃ
2421 1431 2663 1511 ἔσχατος.
2702 1435 2801 1512 Κρ.
2832 1433 2977 1492 Παν.
3019 1461 3042 1484 ιι
3078 1435 3359 1490 Formulae
3398 1438 3685 1492 rationem

2110 1522 2385 1592 explicuit
2402 1522 2729 1581 Boeckh.ad
2750 1523 2923 1598 Corp.
2942 1523 3201 1592 inscript.
3229 1541 3361 1597 1,p.
3390 1523 3529 1594 768.
3548 1549 3575 1572 ι
3594 1527 3683 1584 Μ.

2186 1763 2379 1820 Schol.
2412 1766 2487 1820 ad
2514 1765 2683 1824 Iliad.
2712 1765 2772 1838 6,
2803 1785 2910 1838 77:
2944 1764 3039 1832 Τίς
3064 1765 3127 1824 ἂν
3143 1764 3271 1824 τάδε
3290 1765 3683 1846 γηθήσειεη...

2107 1849 2165 1907 οὗ
2203 1849 2371 1908 λείπει
2411 1850 2473 1910 τὸ
2518 1878 2545 1904 κ
2582 1854 2715 1932 ὁρῶν
2765 1880 2791 1904 a·
2838 1854 2956 1911 ἀλλ’
3000 1853 3111 1912 (etl
3154 1853 3359 1912 παλαιὰ
3402 1855 3678 1926 συνήθεια.

2107 1935 2365 2018 Ἀριστοφ.
2394 1940 2661 2015 (Acharn.
2697 1940 2787 2020 15)
2816 1967 2843 1993 οι
2868 1943 2985 2000 ἀλλ’
3003 1940 3173 2020 ἕτερον
3192 1941 3360 2013 ἥσθην
3380 1969 3425 2015 ι,
3453 1943 3545 2002 καὶ
3578 1948 3679 2022 Κρ.

2112 2027 2249 2088 Παν.
2276 2053 2299 2076 α
2328 2025 2573 2103 γέγηθα
2606 2029 2711 2086 τὸν
2744 2027 3012 2108 ἄνδραμ·
3046 2033 3299 2090 Eustath.
3320 2052 3384 2107 p.
3412 2035 3553 2104 737,
3576 2043 3635 2100 4.
3660 2057 3675 2088 z

2106 2112 2234 2192 φασὶ
2263 2111 2318 2170 δὲ
2355 2113 2447 2171 καὶ
2486 2115 2743 2194 Κρατῖνον
2778 2114 2913 2174 οὕτω
2952 2137 3054 2176 που
3100 2115 3298 2199 γράψαι
3352 2146 3379 2172 αι
3408 2119 3581 2197 γέγη
3602 2127 3681 2180 θα

2105 2200 2218 2258 τὸν
2269 2200 2387 2259 dv&
2404 2223 2478 2280 ρα
2503 2230 2552 2262 ι.

2596 2337 2763 2398 Vm.
2811 2337 3177 2398 ΠΛΟΥΤΟῙ.

2183 2483 2481 2538 Plutorum
2522 2485 2757 2539 nomine
2796 2482 3002 2558 Bergk.
3052 2481 3399 2542 Commentt.
3444 2503 3504 2558 p.
3564 2485 3669 2541 131

2103 2570 2351 2626 Chorum
2386 2571 2626 2626 divitum
2651 2569 2959 2644 significari
2990 2581 3188 2645 putat,
3220 2589 3365 2643 quos
3386 2572 3546 2627 velut
3576 2593 3677 2628 co-

2100 2660 2265 2714 mites
2299 2660 2447 2714 Pluti
2475 2657 2634 2716 Crat.
2668 2661 2727 2712 in
2754 2675 2981 2713 scenam
3014 2659 3324 2718 induxerit.
3368 2658 3438 2717 ld
3482 2663 3679 2734 aptius

2102 2745 2345 2800 dramati
2380 2764 2585 2819 quam,
2614 2746 2774 2820 quod
2800 2745 2956 2801 haud
3000 2747 3148 2802 nolit
3185 2747 3385 2816 Mein„
3414 2745 3679 2814 πλούτους

2098 2835 2432 2907 simpliciter
2466 2835 2832 2909 interpretari
2859 2836 3109 2902 divinar,
3142 2844 3207 2888 ut
3240 2836 3369 2909 ipso
3400 2835 3679 2894 laudante

2098 2921 2265 2981 Plato
2291 2922 2501 2997 Georg.
2535 2941 2597 2996 p.
2637 2923 2766 2993 167,
2811 2921 2879 2991 C,
2917 2917 3267 3001 ἠμφιεσμένοι
3296 2917 3400 2978 εἰσὶ
3441 2919 3677 2998 σώματά

2096 3031 2153 3064 τε
2176 3006 2313 3065 καλὰ
2338 3009 2428 3065 καὶ
2453 3006 2577 3085 γένη
2600 3007 2689 3065 καὶ
2712 3006 2983 3073 πλούτους.
3009 3012 3193 3066 ‚Etiam
3222 3012 3527 3086 Euripides
3548 3017 3675 3071 An-

2098 3096 2403 3167 dromeda,
2434 3096 2636 3171 fragm.
2664 3103 2737 3163 24
2766 3112 2782 3153 τ

2174 3228 2295 3285 Τῶν
2322 3223 2425 3304 γὰρ
2451 3222 2689 3284 πλούτων
2712 3221 2786 3282 ὅδ’
2820 3223 3027 3304 ἄριστος

2174 3314 2405 3391 γενναῖον
2432 3311 2585 3392 λέχος
2614 3314 2803 3391 εὑρεῖν.

2093 3440 2355 3495 Fortasse
2392 3438 2564 3491 etiam
2608 3432 3025 3513 πλουτοκρατίαν
3061 3434 3120 3491 ἐκ
3162 3432 3503 3509 τιμημάτων,
3536 3440 3579 3497 i.
3614 3459 3668 3501 e,

2094 3523 2279 3602 τιμίων
2304 3525 2385 3600 (v.
2410 3523 2683 3599 Xenoph.
2708 3524 2951 3581 Memor.
2987 3530 3045 3592 4,
3070 3524 3129 3592 6,
3166 3520 3286 3593 ια),
3308 3522 3473 3580 finxit
3502 3524 3665 3581 Crat.

2094 3616 2153 3669 in
2177 3614 2283 3668 hac
2320 3612 2532 3670 fabula.

2859 3751 2908 3790 1.

2170 3854 2378 3912 Athen.
2424 3862 2482 3923 4,
2514 3870 2575 3926 p.
2630 3849 2773 3919 138,
2817 3852 2864 3905 E
2912 3867 2927 3908 :
2982 3847 3241 3923 Πολέμων
3290 3850 3343 3905 ἓν
3398 3848 3477 3925 τῷ
3521 3850 3677 3928 παρὰ

2092 3940 2391 4019 Ξενοφῶντι
2426 3936 2671 4017 κανάθρῳ
2698 3936 2923 4014 (scribo
2974 3934 3026 3992 ἔν
3066 3935 3143 4012 τῷ
3178 3933 3298 4013 περὶ
3326 3932 3677 4013 Ξενοφῶντος
3775 3960 3776 3965 ¹

2090 4029 2371 4107 κανάθρου,
2420 4032 2587 4105 Ages.
2637 4026 2695 4097 8,
2744 4022 2809 4103 7)
2856 4028 2947 4083 τοῦ
2998 4019 3145 4101 παρὰ
3192 4020 3411 4083 Λάκωσι
3458 4025 3679 4085 καλου-

2093 4117 2247 4192 μένου
2288 4113 2499 4180 κοπίδος
2540 4110 2931 4189 μνημονεύοντα
2978 4112 3259 4189 Κρατῖνον,
3304 4109 3358 4167 ἐν
3402 4108 3677 4177 Πλούτοις

2088 4202 2258 4279 λέγειν

2188 4314 2295 4416 Ap’
2340 4324 2575 4398 ἀληθῶς
2606 4328 2737 4398 τοῖς
2770 4320 3022 4401 ξένοισίν
3051 4320 3241 4400 ἐστιν,
3273 4324 3353 4393 ὡς
3384 4313 3671 4409 les-fond,

3536 4428 3679 4490 ἐκεῖ

2181 4542 2335 4603 πᾶσι
2380 4543 2507 4610 τοῖς
2560 4534 2823 4599 ἐλθοῦσιν
2870 4536 2928 4597 ἐν
2973 4540 3052 4622 τῇ
3104 4520 3295 4595 κοπίδ
3302 4555 3323 4593 ι
3362 4528 3675 4595 θοινᾶσθαι

3426 4641 3641 4712 καλῶς
3660 4664 3677 4717 3

2744 4908 2985 4962 PLUTI.

427 4999 612 5069 Quum
634 5012 852 5071 prorsus
870 4995 996 5054 odio
1009 4997 1107 5054 tibi
1128 4998 1240 5055 sint
1253 4999 1524 5069 munem,
1541 5015 1690 5057 nunc
1705 4998 1774 5055 ad
1794 5014 1991 5072 pueros
2084 5001 2175 5054 An
2201 5010 2383 5053 revera
2408 4993 2717 5067 hospitibus
2730 5034 2745 5061 ‚
2768 5002 2831 5049 ut
2860 4994 3045 5056 aiunt,
3077 4990 3151 5045 ibi

1177 5091 1230 5141 9.

425 5176 656 5233 Gavisus
683 5190 804 5231 sum
837 5176 964 5230 viro.

2081 5083 2369 5150 omnibus,
2397 5082 2491 5154 qui
2516 5080 2773 5147 veniunt,
2806 5082 2861 5137 in
2890 5078 3081 5151 copide
3107 5087 3185 5133 est
3224 5094 3338 5149 quo
3368 5078 3507 5133 bene
3530 5092 3673 5148 epu-

3440 5162 3629 5217 lentur
3648 5166 3671 5217 ?
