3809 5850
1636 352 2028 416 EUPHRON.

3305 360 3412 417 631

205 512 311 569 pro
327 494 519 571 τραγῇ,
540 488 723 548 κωλέα
742 507 849 564 pro
870 488 1035 558 κωλῆ.
1056 488 1417 547 cf.1.obeck.
1448 487 1522 543 ad
1550 485 1763 561 Plu-yn.
1865 498 2058 544 tuetur
2089 487 2265 544 verba
2293 483 2555 561 ἐπιτεμὼν
2579 497 2636 541 et
2665 480 2872 558 μαθών.
2901 490 3158 559 Apparet
3182 503 3251 541 ex
3277 486 3410 545 h.1.

204 604 257 658 p.
290 584 440 653 78..
416 583 535 639 -V.
570 580 605 635 3
631 575 697 635 συ
716 597 827 653 pro
851 566 907 634 ευ
930 578 1251 651 Schweigh.
1289 580 1352 635 V.
1393 583 1424 642 ί.
1479 573 1764 647 inertem,
1862 576 1948 647 iis,
1975 578 2074 649 qui
2099 576 2284 631 theori
2311 592 2518 631 munus
2553 574 2715 631 obire
2747 574 2986 643 vellent,
3010 586 3431 650 proptereaque

208 670 375 727 intell.
380 667 615 742 ,ellipsi
646 666 802 722 haud
824 682 977 738 rara,
1002 663 1134 723 ἐστί.
1161 664 1325 721 Libri
1353 660 1619 723 ἂπότισον.

741 810 840 870 lv.
889 810 1227 869 ΔΙΔΥΜΟΙ.

950 956 1000 994 1.

278 1052 528 1109 Stobaeus
574 1052 732 1109 Flor.
786 1050 875 1117 15,
927 1068 986 1125 α,
1027 1068 1160 1105 cum
1203 1049 1463 1106 lemmate
1507 1044 1768 1127 Εὔφρονος

206 1138 441 1217 Διδύμων
470 1140 489 1215 (
518 1138 571 1195 ἐν
596 1135 849 1215 Διδύμοις
870 1138 963 1197 ed.
997 1138 1225 1196 Schow.
1258 1142 1302 1205 ).

296 1264 349 1335 ὁ
375 1266 488 1362 γὰρ
510 1269 616 1334 τὸν
636 1262 793 1333 ἴδιον
810 1267 1136 1357 οἰκονομῶν
1162 1273 1362 1342 κακῶς
1394 1263 1550 1349 βίον,

294 1385 418 1457 πῶς
446 1374 615 1451 οὗτος
641 1371 713 1440 ἂν
746 1378 956 1440 σώσειε
974 1382 1099 1439 τῶν
1127 1367 1243 1449 ἔξω
1261 1375 1435 1457 τινά;

950 1520 1008 1557 2·

283 1610 363 1668 lb.
396 1610 491 1685 98,
527 1630 616 1682 12,
648 1630 779 1667 cum
798 1609 1003 1666 eodem
1030 1594 1308 1669 lemmate.

309 1702 359 1784 ἦ
399 1716 507 1785 Ζεῦ
529 1769 550 1805 ,
591 1719 657 1786 τί
696 1720 861 1804 ποθ’,
900 1724 1050 1809 ἡμῖν
1090 1709 1225 1795 δοὺς
1257 1717 1466 1809 χρόνον
1508 1726 1619 1783 τοῦ
1657 1712 1766 1797 ζῆν

1512 1824 1762 1915 βραχὺν,

295 1930 537 1996 πλέκειν
555 1930 815 2028 Οοἱλύπως
833 1939 1047 1996 τοῦτον
1074 1934 1234 2020 ἡμᾶς
1272 1931 1379 1995 οὐκ
1409 1929 1546 2015 ἐᾷς;

664 2082 733 2141 V.
778 2082 977 2143 ΘΕΩΝ
1022 2083 1290 2142 ΑΓΟΡΑ.

281 2220 433 2277 Stob.
462 2220 551 2276 Fl.
582 2217 681 2291 28,
709 2238 731 2273 1
749 2238 802 2288 1,
826 2220 886 2274 in
902 2219 1070 2277 titulo
1088 2216 1207 2297 περὶ
1222 2206 1509 2298 ἐπιορκίας.
1536 2222 1767 2275 Lemma

214 2302 455 2383 Εὔφρονος
482 2306 637 2365 Θεῶν
665 2304 875 2383 ἀγορᾶς.

252 2476 271 2494 .
297 2423 553 2499 Καινοὺς
585 2416 824 2515 πορίζου
845 2470 863 2506 ,
896 2420 1041 2513 πρός
1069 2446 1133 2487 σε
1160 2430 1279 2488 τῶν
1308 2421 1478 2505 θεῶν,
1516 2421 1672 2497 θεοὺς
1694 2470 1713 2506 ,

298 2531 392 2593 ἵνα
422 2534 562 2606 τοὺς
580 2529 874 2604 παλαιοὺς
904 2530 985 2619 μὴ
1022 2521 1293 2619 ’πιορκῇς
1313 2521 1641 2603 πολλάκιςῖ

213 2658 375 2713 Versu
409 2678 431 2713 1
461 2660 597 2715 libri
625 2678 679 2715 κ.
712 2656 925 2735 πορίζου
969 2679 1036 2733 με
1078 2657 1207 2733 θεῶν
1239 2655 1413 2727 θεοὺς,
1441 2678 1569 2733 quae
1587 2660 1763 2713 mani·

212 2747 341 2802 festo
369 2757 643 2821 corrupta
666 2758 815 2804 sunt.
844 2744 1123 2802 Praeclare
1138 2746 1381 2818 Bailejus
1404 2747 1569 2806 Com.
1600 2766 1683 2822 gr.
1718 2766 1766 2817 1,

210 2852 263 2906 p.
292 2836 384 2905 76,
416 2837 518 2904 ita,
564 2845 631 2890 nt
665 2834 843 2903 edidi,
891 2833 1122 2889 laudato
1169 2834 1359 2889 Valck.
1390 2833 1465 2890 ad
1492 2831 1764 2889 Phoeniss.

218 2921 357 2997 1659
413 2920 637 3000 (1567).
688 2923 859 2979 Forte
893 2918 1024 2999 πρὸς
1064 2922 1333 2979 excidisse
1381 2922 1605 2978 videtur
1638 2934 1771 2998 post

214 3008 429 3087 πορίζου,
456 3023 519 3068 et
540 3011 645 3067 τῶν
672 3023 804 3067 ante
828 3011 977 3071 θεῶν.
1002 3013 1197 3068 Potest
1222 3029 1457 3086 quoque
1478 3023 1543 3067 ut
1562 3013 1666 3068 τῶν
1694 3022 1771 3068 te-

212 3117 355 3157 mere
385 3099 657 3157 omissum
684 3099 858 3155 fuerit
878 3118 911 3155 a
934 3100 1196 3156 librariis.

756 3219 851 3276 Vl.
895 3217 1208 3281 empol.

281 3341 481 3402 Athen.
527 3361 593 3418 9,
628 3361 691 3418 p.
748 3341 889 3418 399,
919 3344 962 3397 B
1007 3359 1022 3401 τ
1069 3339 1382 3417 μνημονεύει
1410 3340 1581 3398 αὐτῶν
1630 3339 1767 3420 (τῶν

223 3425 345 3500 μυῶν
371 3429 389 3502 )
418 3427 509 3484 καὶ
540 3431 606 3484 Ε.
634 3430 663 3486 ὃ
689 3426 921 3504 κωμικὸς
948 3429 1003 3486 ἐν
1030 3431 1297 3506 Θεωροῖς,

302 3547 485 3628 Λοὸός
512 3559 609 3629 τίς
653 3555 783 3619 ἐστι
810 3551 915 3620 καὶ
948 3551 1092 3638 ψύαι
1110 3556 1472 3646 καλούμεναι
1498 3579 1511 3594 ·

301 3659 522 3734 ταύτας
553 3661 817 3750 ἐπιτεμῶ
840 3709 859 3745 ,
890 3659 1030 3752 πρὶν
1059 3661 1344 3753 θεωρῆσαι
1375 3659 1595 3750 μάτην.

216 3785 374 3840 Versu
401 3804 435 3842 α
464 3788 603 3843 libri
622 3809 673 3844 τ.
704 3786 969 3864 ἐπιτεμὼν
1004 3809 1098 3866 πρ.
1130 3790 1183 3845 θ.
1224 3783 1427 3862 μαθών.
1460 3811 1485 3837 ι
1513 3788 1767 3857 Constat,

216 3874 305 3944 qui
330 3873 547 3953 θεωρίας
572 3893 743 3932 causa
770 3893 1011 3952 peregre
1036 3877 1283 3950 abirent,
1306 3888 1435 3933 ante
1453 3878 1769 3952 profectio-

1860 662 2243 720 sacrificarent
2257 682 2440 737 ‚opus
2465 662 2631 719 fuisse
2653 663 2896 736 praecisis
2943 664 3129 717 hostiae
3167 662 3304 718 lobo
3329 663 3430 719 he-

1857 753 2004 827 patis
2034 760 2092 807 et
2108 752 2336 806 lumbis.

2398 880 2531 940 vn.
2577 880 2891 939 ΜΟΥΣΑΙ.

1938 995 2146 1051 Athen.
2202 994 2262 1069 8,
2303 1013 2362 1069 p.
2397 994 2533 1066 343,
2581 996 2664 1067 B,
2716 994 2789 1051 de
2833 994 3060 1052 famosis
3096 994 3432 1053 lurconibus

1860 1082 2056 1139 dicens
2087 1099 2102 1141 τ
2133 1083 2199 1142 Ε.
2227 1080 2280 1140 δὲ
2304 1082 2358 1139 ἐν
2377 1080 2640 1154 Μούσαις,

1957 1193 2294 1278 Φοινικίδης
2322 1191 2388 1266 δ’
2416 1206 2496 1278 ὡς
2527 1196 2682 1267 εἶδεν
2713 1204 2772 1265 ἐν
2797 1198 3180 1273 πλῆθεινέων

1961 1310 2189 1397 μεστὴν
2217 1300 2458 1385 ζέουσαν
2486 1300 2731 1373 λοπάδα
2759 1304 3022 1399 Νηρείων
3051 1312 3302 1391 τέκνων,

1962 1410 2232 1505 ἐπίσχετ’
2261 1419 2406 1508 ὀργῇ
2436 1420 2644 1507 χεῖρας
2669 1414 3044 1506 ἠρεθισμένος
3065 1464 3084 1499 ,

1959 1546 1990 1581 α
2022 1517 2133 1596 Τίς
2162 1544 2338 1611 φησιν
2369 1514 2516 1587 εἶναι
2551 1511 2739 1597 δεινὸς
2768 1522 2836 1585 ἐκ
2866 1529 3057 1586 κοινοῦ
3079 1528 3325 1613 φαγεῒν;

1862 1618 1903 1690 5
1958 1624 2052 1701 τίς
2083 1628 2150 1691 ἐκ
2187 1627 2366 1717 μέσου
2397 1623 2478 1692 τὰ
2505 1623 2693 1717 θερμὰ
2723 1616 2911 1701 δεινὸς
2945 1626 3248 1717 ἁρπάσαι;

1955 1740 2070 1797 ποῦ
2102 1725 2374 1822 Κόρυδος
2392 1782 2410 1813 ,
2436 1728 2474 1803 ἢ
2495 1731 2842 1823 Φυρόμαχος
2864 1780 2883 1815 ,
2918 1728 2954 1803 ἢ
2991 1730 3204 1797 Νείλου
3226 1731 3373 1817 βίας

1958 1832 2069 1901 ἴτω
2100 1835 2246 1927 πρὸς
2264 1841 2423 1927 ἡμᾶς
2447 1885 2465 1921 ,
2497 1834 2600 1901 καὶ
2637 1834 2780 1926 τάχ’
2816 1828 2986 1901 οὐδὲν
3019 1832 3378 1926 μεταλάὲοι.
3401 1870 3428 1894 ι

1858 1969 2038 2025 Versu
2074 1988 2097 2024 1
2131 1980 2190 2025 et
2216 1969 2253 2025 6
2280 1970 2658 2039 Phoenice'des,
2687 1960 2960 2042 Cotyssdus,
2983 1970 3417 2045 Phyromachus,

1862 2058 2042 2125 Νἱὶιιε,
2085 2058 2334 2133 parasiti.
2366 2063 2434 2116 V.
2466 2058 2496 2114 3
2522 2060 2670 2115 male
2687 2059 2820 2115 libri
2848 2060 3030 2137 χεῖρας
3053 2058 3424 2137 ἠρεθισμένας.

1863 2150 1928 2203 V.
1965 2152 1996 2212 4
2050 2142 2147 2210 Τίς
2189 2166 2368 2224 φησιν,
2420 2158 2550 2217 etc.,
2602 2148 3034 2222 intelligendum
3075 2144 3302 2226 φάμενος
3338 2150 3428 2204 vel

1860 2232 2360 2319 quiddamxsimile,
2383 2244 2450 2287 ut
2481 2234 2708 2309 passim.
2738 2237 2807 2290 V.
2838 2234 2874 2289 6
2902 2232 3096 2292 Νείλου
3133 2232 3222 2311 βία
3241 2276 3257 2306 ,
3279 2236 3341 2293 h.
3369 2254 3424 2293 e.

1861 2322 2056 2377 Nilus:
2086 2322 2432 2397 periphrasis
2448 2323 2760 2393 homerica,
2788 2340 2894 2396 per
2911 2321 3114 2395 jocum
3140 2335 3426 2399 usurpata.

1860 2410 2004 2465 Male
2030 2408 2162 2465 libri
2183 2408 2378 2467 Νίλλου
2406 2407 2498 2489 (Α)
2531 2420 2630 2466 aut
2657 2408 2866 2470 Κοίλου.

2228 2555 2340 2614 vll
2348 2556 2389 2615 l.
2436 2554 3057 2615 ΠΑΡΑΔΙΔΟΜΕΝΗ.

1947 2686 2155 2745 Athen.
2203 2687 2260 2762 3,
2283 2706 2344 2762 p.
2383 2705 2508 2754 roo,
2533 2689 2603 2758 D,
2651 2687 2722 2744 de
2753 2689 2928 2745 vulva
2961 2688 3127 2745 suilla
3171 2690 3364 2747 dicens
3411 2708 3426 2749 z

1862 2778 1928 2831 E.
1954 2772 1998 2831 δ’
2029 2774 2082 2831 ἐν
2113 2773 2550 2853 Παραδιδομένῃ,

1959 2914 2162 3007 Οὑμὸς
2189 2905 2565 2992 διδάσκαλος
2595 2905 2661 2981 δὲ
2691 2896 2922 3007 μήτραν
2949 2915 3236 2993 σκευάσας

1958 3021 2254 3114 παρέθηκε
2281 3012 2746 3112 Καλλιμέδοντι
2765 3071 2785 3106 ,
2821 3020 3118 3088 κάσθίονθ’
3149 3023 3283 3114 ἅμα

1959 3132 2199 3207 ἐποίησε
2229 3127 2454 3220 πηδᾶν,
2485 3136 2612 3202 ὅθεν
2641 3135 2860 3208 ἐκλήθη
2896 3131 3201 3226 Κάραὸος.

1863 3295 1889 3322 α
1921 3274 2100 3327 Lusus
2121 3270 2359 3346 jocique
2379 3273 2562 3348 gratia
2583 3272 2702 3328 haec
2723 3269 2875 3328 ficta.
2899 3274 3106 3328 Veram
3133 3275 3429 3349 cognomi-

1860 3362 1948 3416 nis
1989 3360 2388 3417 Callimedonti
2428 3361 2692 3416 haerentis
2739 3361 3018 3416 rationem
3062 3361 3182 3434 ipse
3218 3361 3424 3418 Athen.

1862 3449 2155 3519 indicavit,
2193 3469 2256 3524 p.
2306 3455 2436 3519 104,
2478 3451 2572 3504 D:
2622 3447 2805 3512 παῖδες
2839 3447 3161 3518 ἐπεισῆλθον,
3195 3447 3430 3526 φέροντες

1862 3534 1949 3594 ἐπὶ
1973 3535 2164 3595 δίσκων
2200 3534 2463 3615 καράὸους
2502 3533 2740 3611 μείζονας
2769 3534 3186 3611 Καλλιμέδοντος
3217 3541 3305 3594 τοῦ
3333 3534 3429 3614 ῥή-

1865 3647 2008 3704 τορος
2022 3668 2040 3697 ,
2064 3624 2117 3692 ὃς
2137 3624 2224 3684 διὰ
2253 3623 2314 3683 τὸ
2332 3625 2566 3704 φιληδεῖν
2586 3627 2662 3703 τῷ
2687 3621 2931 3702 βρώματι
2955 3621 3183 3704 κάραὸος
3206 3625 3431 3696 ἐπεκλή·

1862 3718 1950 3786 θη.
1975 3741 1999 3767 ι
2028 3717 2080 3770 Ε
2102 3717 2190 3772 Μ.
2220 3715 2310 3772 Ob
2331 3733 2602 3772 numeros
2627 3713 2818 3770 scribo
2841 3731 3008 3769 versu
3041 3732 3065 3768 1

1963 3839 2166 3931 Οὑμὸς
2185 3831 2255 3905 δὲ
2290 3841 2520 3931 μήτραν
2551 3835 2839 3913 σκευάσας
2873 3826 3280 3917 διδάσκαλος,

214 3977 335 4016 nem
358 3963 557 4019 hostiae
584 3975 712 4020 exta
755 3965 1119 4024 constssuisse.
1148 3987 1173 4015 ν
1201 3966 1251 4018 E
1285 3966 1358 4020 M
1365 4005 1407 4034 .,
1434 3967 1535 4039 qui
1564 3965 1769 4021 frustra
1860 3976 1920 4022 et
1943 3983 2110 4021 versu
2134 3965 2166 4020 3
2200 3963 2416 4033 πηδᾶν
2448 3960 2640 4033 ἰποίη
2658 3961 2724 4034 σ’,
2756 3959 2869 4018 ὅθεν
2894 3973 3006 4022 etc.

850 4127 1081 4184 GEMIN
1087 4129 1133 4182 Ι.

216 4299 343 4354 Nam
368 4301 461 4372 qui
486 4302 762 4375 propriam
786 4303 953 4358 vitam
962 4222 1127 4359 ¹mele
1154 4303 1415 4368 instituit,

216 4388 474 4456 quomodo
502 4390 594 4446 hic
620 4391 924 4449 alienorum
952 4390 1193 4463 aliquam
1221 4393 1435 4448 servet?

954 4483 1009 4533 2.

1937 4215 2280 4274 Phoenicides
2297 4222 2480 4272 autem
2494 4224 2556 4272 ut
2573 4215 2706 4271 vidit
2726 4215 2782 4271 in
2801 4214 2961 4272 turba
2977 4213 3246 4287 juvenum

1937 4303 2151 4377 plenam
2174 4305 2411 4376 patinam
2441 4303 2740 4361 ferventem
2769 4301 3068 4359 liberorum
3099 4302 3289 4364 Nerei,

1935 4391 2014 4450 ira
2040 4393 2289 4472 cqpcitus
2309 4391 2586 4465 protendit
2603 4406 2799 4448 manus
2813 4432 2828 4458 ,
2857 4389 3064 4459 (dicens
3076 4393 3115 4456 ,)

1939 4501 1964 4528 α
1993 4481 2128 4550 Quis
2136 4479 2336 4536 fortem
2347 4495 2406 4535 se
2420 4494 2541 4536 esse
2565 4479 2644 4536 ait
2657 4478 2727 4535 ad
2741 4477 3018 4535 edendum
3034 4476 3103 4533 de
3113 4477 3396 4534 communi
3410 4481 3434 4532 ἱ)

216 4559 261 4612 O
283 4561 312 4614 J
316 4563 545 4634 uppiter‚
566 4579 739 4636 quum
772 4566 935 4622 breve
958 4564 1117 4622 nobis
1139 4563 1356 4620 dederis
1377 4564 1504 4621 vitaz
1532 4571 1765 4638 tempuS,
1864 4573 1897 4622 5
1937 4567 2060 4640 quis
2077 4565 2233 4624 fortis
2251 4566 2342 4638 ad=
2351 4564 2676 4640 rapiendum
2699 4581 2730 4622 e
2753 4565 2937 4622 medio
2957 4563 3168 4621 calida?

217 4659 311 4701 cur
326 4647 441 4706 sine
458 4651 601 4707 curis
618 4651 677 4708 id
708 4651 943 4723 plectere
976 4667 1075 4708 nos
1101 4667 1213 4707 non
1242 4651 1409 4708 sinis?

665 4741 989 4798 DEORUM
1021 4741 1305 4797 CONCIO.

220 4821 391 4878 Novus
408 4825 678 4896 excogita,
709 4843 807 4898 per
832 4835 891 4884 te
910 4825 1043 4884 deos
1064 4843 1192 4896 oro,
1208 4827 1370 4895 deca,

220 4921 281 4962 ne
298 4950 313 4977 ,
341 4925 435 4982 per
456 4919 661 4970 veteres
681 4913 871 4986 jurans
886 4955 901 4982 ‚
923 4929 1069 4987 saepe
1087 4916 1322 4989 pejeres!

838 5004 1137 5060 THEORI.

221 5083 310 5138 'Est
336 5084 486 5142 lobus
504 5088 597 5159 qui
628 5097 867 5159 vocatur,
888 5097 945 5146 et
966 5089 1173 5158 lumbi;

220 5167 311 5226 hos
331 5173 615 5242 praecidam
636 5215 651 5243 ‚
674 5177 989 5249 priusquam
1016 5176 1215 5235 frustra
1242 5178 1436 5234 obeam
1458 5176 1738 5237 theoriam.

1934 4653 2030 4711 ubi
2057 4659 2140 4710 est
2162 4651 2427 4726 Cor-ydus,
2471 4653 2569 4708 aut
2603 4649 3033 4726 Phyromachus,
3063 4658 3160 4706 aut
3187 4650 3292 4706 Nili
3321 4651 3432 4706 vis?

1939 4739 2164 4797 accedat
2190 4738 2260 4795 ad
2283 4754 2407 4808 nos,
2425 4746 2478 4794 et
2497 4737 2724 4795 fortasse
2740 4779 2757 4808 ‚
2789 4735 3058 4810 posterior
3078 4736 3320 4803 veniens,
3348 4737 3431 4792 ni-

2871 4823 2967 4892 [hil
2990 4823 3182 4896 reliqui
3209 4823 3431 4895 ceperit.

2477 4914 2825 4969 TRADITA.

1862 5001 2112 5074 Magister
2136 5014 2291 5057 meus
2317 4997 2530 5056 vulvam
2559 5005 2798 5072 paratam

1864 5087 2242 5148 Callimedonti
2271 5086 2551 5160 apposuit,
2581 5094 2636 5142 et
2663 5082 3037 5141 comedentem
3067 5083 3229 5139 simul

1860 5177 2054 5234 saltare
2075 5175 2232 5243 fecit;
2258 5174 2403 5232 unde
2424 5173 2663 5232 carabus
2690 5171 2994 5244 appellatus
3017 5178 3120 5232 est.
