3809 5850
553 457 665 508 286

1563 451 1976 512 COMOEDIAE
2020 453 2345 518 VETEms
2386 457 2802 532 RELIQUIAE.

549 583 726 652 λοῧσι,
753 577 1052 652 θάλλουσιν,
1092 583 1162 648 ὡς
1207 582 1295 639 καὶ
1349 583 1657 661 Χρύσιππος
1693 583 1850 663 (sic)
1903 609 1925 634 ιι
1964 582 2123 642 Ἀλλὰ
2218 589 2381 646 Adde
2403 592 2562 664 quod
2584 589 2844 668 Πρέσὸεις
2870 594 3036 648 simul
3072 613 3199 649 cum
3232 595 3415 671 Vespis
3436 595 3668 673 Aristoplm

549 667 708 746 δᾷδας
756 667 1000 743 ἡμμένας
1017 668 1048 699 ¹*
1091 692 1192 746 μου
1241 669 1375 728 δότω
1416 694 1493 737 τις
1537 669 1769 743 ἔνδοθεν,
1817 672 1909 730 καὶ
1944 669 2125 751 κόρους

547 753 798 820 πλεκτοὺς
825 755 856 786 ’⁴‘
897 757 1178 835 ἀκραπνεῖς
1197 757 1466 837 μυρρίνης.
1499 783 1524 809 ν
1550 763 1686 832 Quae
1715 761 2125 836 depravatiora

547 846 712 900 etiam
746 847 806 899 in
834 849 1018 920 Etym.
1047 846 1198 904 Gud.
1225 867 1288 922 p.
1321 848 1459 920 338,
1493 845 1584 908 15.
1607 850 1782 904 Mein.
1809 850 2124 906 secundum

551 934 870 990 Hemsterh.
899 936 973 990 ad
999 937 1224 992 Plutum
1248 957 1301 994 v.
1338 935 1507 1013 1195,
1543 938 1690 1013 ἡμμ.
1719 937 1837 1013 ἐμοὶ
1871 937 1920 995 δ.
1948 959 2025 1004 τις

549 1019 847 1098 ἀκραιφνεῖς
881 1043 938 1096 μ.
967 1023 1290 1080 Scribamus

646 1129 825 1202 Ᾱλλὰ
861 1127 1054 1224 δᾷδας
1083 1140 1362 1230 ἡμμένας
1403 1163 1522 1205 που
1558 1163 1660 1228 μοι
1707 1130 1875 1206 δότω
1914 1165 2005 1217 τις
2034 1141 2121 1206 ἔν-

1909 1237 1947 1310 δ
1952 1247 2079 1312 οθεν
2101 1296 2120 1332 ,

645 1345 746 1414 καὶ
775 1346 977 1442 κόρους
1005 1351 1304 1430 πλεκτοὺς
1342 1351 1681 1446 ἀκραιφνεῖς
1720 1352 2021 1446 μυρρίνης.

547 1475 898 1556 Ἀκραιφνεῖς,
935 1479 972 1534 i.
1001 1495 1054 1536 e.
1105 1478 1412 1556 ἀκεραίους,
1457 1487 1724 1557 integrae,
1757 1482 2003 1553 virides,
2033 1501 2122 1539 re-

544 1576 748 1623 centes.
788 1562 1083 1644 Ἀκεραίους
1133 1569 1338 1624 milites
1388 1588 1508 1625 non
1547 1569 1809 1646 fatigatos
1844 1572 1935 1626 vel
1986 1590 2120 1626 sau-

545 1654 666 1710 cios
683 1654 830 1712 dixit
849 1656 1181 1730 Xenophon
1207 1656 1392 1713 Anah.
1422 1656 1484 1725 6,
1509 1655 1568 1730 5,
1595 1679 1654 1734 9.
1683 1654 1994 1737 Χρύσιππος
2014 1678 2122 1734 per

543 1761 795 1799 errorem
827 1763 937 1818 pro
966 1739 1242 1808 Λύσιππος
1285 1745 1556 1818 scriptum
1595 1743 1822 1822 putavit
1847 1748 2118 1820 Meinek.;

545 1832 864 1891 Hemsterh.
893 1841 1082 1889 autem
1129 1831 1173 1889 1.
1210 1831 1246 1886 l.
1290 1843 1346 1888 et
1375 1835 1663 1890 Porsonus
1691 1836 1832 1896 Λᾶν.
1877 1855 1942 1912 p.
1976 1835 2115 1914 267,

544 1917 615 1973 de
647 1920 936 1976 Strattidis
959 1919 1281 1996 Chrysippo
1305 1922 1718 1996 cogitaverunt.

1303 2036 1363 2099 4.

622 2142 878 2216 Hesych.,
906 2139 1120 2207 Βούδιος
1148 2141 1249 2220 (ἳ)
1288 2159 1306 2201 2
1343 2141 1490 2222 παρὰ
1537 2141 1801 2223 Λυσίππῳ
1828 2142 1889 2201 τὸ
1928 2142 2117 2221 ὄνομα,

543 2224 583 2276 «ι’
601 2225 756 2285 Κύων
785 2226 841 2285 δέ
877 2250 954 2294 τις
987 2227 1116 2286 ἐὸόα
1159 2227 1427 2305 δεδεμένος
1463 2228 1643 2307 ὥσπερ
1685 2229 1923 2296 Βούδιος.
1960 2257 1983 2283 ι
2012 2231 2119 2291 Σέ-

541 2315 720 2379 λευκος
749 2316 1064 2373 ἀποδίδωσιν
1114 2307 1314 2396 δίφρων,
1357 2314 1595 2388 ἀνόητος.
1625 2321 1825 2376 Deleto
1849 2316 1930 2384 τὶς
1963 2339 2125 2396 pro-.

541 2405 772 2459 nomine
797 2405 1195 2479 glossematico
1211 2407 1567 2465 restituamus
1588 2409 1864 2465 senarium
1887 2410 1965 2466 ita
1984 2409 2116 2466 scri-

543 2491 738 2546 bentes

639 2609 811 2671 Κύων
843 2599 900 2671 δ’
939 2601 1082 2672 ἐὸόα
1117 2599 1436 2700 δεδεμένος
1467 2611 1664 2702 ὥσπερ
1693 2603 1965 2686 Βούδιος.

460 2751 463 2754 ·
539 2737 928 2809 Suspicionem
965 2748 1156 2794 autem
1181 2750 1378 2795 movet
1415 2739 1732 2796 inauditum
1768 2742 1877 2797 viri
1903 2759 2115 2798 nomen

541 2819 770 2888 Βούδιος.
815 2825 1106 2903 AEschylus
1149 2828 1296 2884 Cho.
1334 2826 1483 2900 619,
1523 2824 1700 2884 habet
1747 2826 2111 2906 βουλιώτερον,

537 2932 643 2969 nec
687 2931 816 2969 rara
857 2923 940 2970 est
969 2917 1016 2972 Δ
1055 2925 1114 2971 et
1159 2915 1203 2973 Λ
1235 2916 1530 2972 literarum
1566 2916 1831 2974 confusio
1873 2937 1887 2971 ε
1925 2929 2115 2992 potest

536 3000 732 3075 igitur,
756 3011 819 3057 ut
837 3013 1009 3076 poeta
1027 3003 1232 3061 dixerit
1259 2999 1497 3079 Βούλιος,
1516 3005 1676 3079 quod
1697 3006 1902 3081 placet.

1291 3119 1346 3177 5.

617 3227 850 3284 Photius
901 3250 960 3306 p.
1003 3230 1151 3305 498,
1204 3232 1273 3302 3,
1324 3229 1615 3306 Σάμακα

535 3314 776 3372 ἀπέδωκε
803 3316 890 3375 τὸν
922 3316 1142 3399 φορμόν.
1177 3317 1390 3395 ἄμεινον
1413 3318 1469 3377 δὲ
1494 3318 1582 3377 τὸν
1613 3317 1811 3387 τοξικὸν
1840 3318 2104 3396 κάλαμον.

534 3400 696 3470 οὕτως
726 3403 860 3463 Λύσ.
891 3408 981 3468 Cf.
1017 3409 1226 3469 Chion.
1259 3410 1547 3467 Heroibus
1573 3409 1644 3469 fr.
1681 3428 1729 3465 1.

1669 3252 1681 3285 :
1733 3228 2110 3308 Ἐρατοσθένης

1209 3584 1428 3645 xxm.

1117 3734 1510 3803 LEUCON.

619 3914 643 3939 «ι
674 3890 878 3948 Suidas
908 3912 922 3947 ε
954 3890 1174 3951 Λεύκων
1201 3892 1231 3923 ¹⁵
1259 3891 1482 3969 Ἆγνὼς,
1522 3890 1744 3969 γεγονὼς
1774 3894 1826 3950 ἐν
1862 3895 1968 3959 τοῖς
1991 3894 2105 3952 Πε-

531 3978 983 4048 λοποννησιακοῖς.
1034 3982 1138 4038 τῶν
1192 3980 1477 4057 δραμάτων
1529 3982 1686 4038 αὐτοῦ
1739 3982 1850 4040 ἐστι
1909 3984 2101 4057 ταῦτα,

531 4061 707 4134 Ὀνος,
753 4063 1093 4145 Ἀσκοφόρος,
1145 4067 1438 4147 Φρᾶτορες.
1491 4070 1576 4128 lta
1620 4070 1734 4129 Ms.
1773 4070 1955 4128 Paris,
1998 4088 2103 4144 pro

531 4149 724 4227 Ἁγνὸς,
774 4154 936 4229 quod
982 4157 1156 4213 habet
1197 4158 1456 4215 Eudocia
1499 4178 1565 4233 p.
1613 4159 1751 4215 282.
1797 4160 2105 4233 Corrigunt

531 4236 822 4314 Ἁγνούσιος
871 4240 974 4319 (ld
1012 4244 1222 4319 legitur
1258 4246 1415 4319 apud
1450 4248 1921 4322 Demosthenem,
1970 4248 2105 4303 Plu-

529 4329 786 4384 tarchum
851 4332 1019 4390 Thes.
1109 4332 1200 4392 13.
1276 4334 1444 4392 Both.
1473 4332 1490 4410 )
1549 4336 1818 4392 Praestare
1869 4334 2101 4391 videtur

529 4411 1112 4493 ‘'A-(vmvoc,Hagnonis
1134 4422 1236 4497 (de
1255 4442 1370 4496 quo
1395 4424 1576 4482 Thuc.
1598 4434 1656 4480 et
1675 4424 1794 4482 alii.
1814 4424 2006 4490 Both.)
2024 4425 2101 4493 fi·

531 4508 669 4578 ems,
703 4516 767 4561 ut
795 4508 978 4564 voluit
1011 4512 1267 4585 Toupius
1293 4512 1529 4571 Emend.
1564 4532 1616 4583 ι,
1658 4533 1719 4588 p.
1753 4512 1885 4571 382.
1912 4514 2091 4568 Recte

531 4592 734 4648 Suidas
765 4604 1022 4671 tempore
1051 4598 1186 4654 belli
1215 4600 1686 4675 Peloponnesiaci
1728 4619 1858 4657 eum
1903 4602 2099 4656 vixisse

533 4680 644 4748 ait,
676 4682 774 4753 qui
807 4682 1175 4742 Melanthium
1205 4687 1388 4744 rideat
1409 4707 1500 4764 ap.
1533 4690 1733 4747 Athen.
1764 4688 1823 4757 8,
1854 4708 1915 4762 p.
1957 4687 2096 4757 343,

532 4767 606 4835 C,
641 4778 700 4823 et
737 4770 1118 4844 Hyperbolum
1167 4775 1323 4849 apud
1365 4776 1706 4849 Hesychium
1753 4795 1806 4832 v.
1853 4770 2094 4840 Πᾶαπις.

1279 4950 1332 4999 4.

529 5032 634 5089 Sed
659 5030 802 5087 faces
829 5043 1086 5086 accensas
1115 5029 1315 5103 aliquis
1339 5032 1470 5092 dato
1491 5032 1623 5089 mihi
1643 5030 1812 5088 domo
1831 5076 1844 5099 ,

529 5128 584 5173 et
612 5134 793 5209 ramos
816 5116 1000 5189 plexos
1027 5114 1226 5173 virides
1252 5119 1433 5190 myrti.

1279 5212 1334 5260 4.

529 5294 690 5348 Canis
711 5300 889 5347 autem
923 5292 1136 5347 latravit
1164 5293 1374 5348 vinetus
1395 5333 1408 5358 ‚
1437 5302 1498 5348 ut
1537 5292 1746 5349 Budius
1771 5296 1787 5357 (
1814 5296 1866 5357 Ρ)

2214 679 2301 734 nis
2339 679 2535 736 docuit
2561 682 2777 756 olymp.
2808 680 2908 756 89,
2940 700 2975 737 α
3016 682 3187 757 (ante
3222 685 3352 742 Chr.
3391 698 3497 744 nat.
3530 691 3687 760 [μήτι

2214 786 2365 824 anno
2391 781 2525 844 post
2552 767 2834 849 Φράτερας
2870 789 3003 826 cum
3036 773 3183 828 Pace
3210 783 3269 828 et
3302 775 3565 847 Eupolidis
3583 777 3685 830 Adu-

2213 857 2519 928 latoribus,
2547 860 2609 914 in
2632 870 2881 932 utroque
2905 862 3212 917 certamine
3232 863 3423 918 tertius
3438 863 3633 930 habitus,
3648 877 3688 917 ut

2215 955 2433 1000 constat
2454 964 2487 1001 e
2518 946 2840 1004 didascaliis
2868 945 3191 1004 dramatum
3212 951 3685 1024 Aristophaneorum.

2214 1032 2476 1089 Ceterum
2497 1034 2617 1090 haec
2642 1037 2927 1092 Leuconis
2962 1034 3152 1092 fabula
3186 1039 3355 1093 etiam
3392 1040 3449 1093 in
3468 1035 3689 1096 didascalia

2213 1121 2374 1177 Pacis
2394 1134 2634 1179 vocatur
2652 1120 2949 1202 Φράτορες,
2976 1141 3215 1199 quaeque
3234 1125 3307 1182 de
3326 1127 3433 1182 hoc
3452 1126 3689 1182 discrimine

2213 1210 2383 1266 allata
2426 1223 2557 1266 sunt
2595 1211 2667 1268 ab
2716 1212 2985 1283 eruditis,
3016 1231 3088 1269 eo
3126 1213 3369 1270 redeunt
3388 1258 3406 1290 ,
3452 1225 3511 1269 ut
3544 1212 3694 1292 φράτωρ

2211 1298 2419 1356 Ionum
2443 1299 2624 1358 forma
2646 1301 3021 1359 existunanda
3053 1301 3157 1376 εἰτ’,
3184 1299 3389 1381 φράτηρ
3414 1313 3577 1360 autem
3600 1305 3694 1358 Atti-

2212 1405 2435 1444 corum.
2468 1391 2765 1446 Philemon
2787 1410 2849 1466 p.
2888 1409 2998 1448 112
3043 1390 3137 1446 ed.
3163 1391 3337 1448 Burn.
3370 1412 3382 1446 :
3414 1392 3459 1448 oi
3480 1388 3527 1448 δὲ
3546 1390 3695 1468 ἀρχαῖοι

2212 1496 2249 1554 φ
2267 1474 2421 1554 ράτε
2442 1498 2471 1554 ρ
2491 1497 2525 1534 α
2542 1499 2567 1543 ς
2589 1473 2679 1534 διὰ
2706 1481 2801 1536 τοῦ
2844 1499 2890 1549 ε,
2926 1467 3007 1548 οὗ,
3048 1474 3231 1555 φασὶν,
3272 1477 3439 1535 εὖθεῖα
3477 1475 3694 1556 φράτηρ,

2216 1562 2427 1643 φέρεται
2446 1563 2501 1624 δὲ
2534 1565 2757 1643 (minus
2774 1567 2923 1624 bene
2948 1567 3084 1623 libri
3104 1563 3196 1622 καὶ
3220 1586 3413 1624 errore
3435 1564 3695 1641 frequentis-

2210 1655 2387 1726 sime,
2413 1655 2487 1712 de
2514 1673 2630 1730 quo
2652 1676 2711 1711 v.
2744 1657 3005 1714 Schaeser.
3048 1656 3239 1712 Melet.
3282 1657 3407 1715 crit.
3434 1676 3491 1732 p.
3524 1656 3625 1728 59),
3642 1653 3694 1708 ὅτι.

2210 1763 2247 1820 φ
2264 1739 2341 1820 ρά
2357 1764 2429 1813 τη
2448 1763 2477 1822 ρ
2512 1740 2735 1802 Ἀττικοί
2772 1764 2931 1824 φασιν
2953 1787 2971 1814 ,
2999 1741 3177 1809 Ἴωνες
3215 1741 3273 1800 δὲ
3314 1741 3397 1800 διὰ
3422 1747 3501 1801 τοῦ
3526 1765 3563 1798 ω
3582 1741 3694 1817 μεγά-Ι

2211 1829 2325 1889 λου.
2344 1833 2417 1890 Et
2434 1833 2787 1891 Theodosius
2805 1833 2961 1908 apud
2979 1833 3129 1890 Bekk
3138 1851 3301 1890 erum
3318 1833 3520 1892 Anecd.
3534 1849 3671 1907 p.992
3682 1845 3694 1886 :¹

2210 1921 2313 1976 τῶν
2343 1921 2417 1986 εἷς
2461 1943 2530 1997 ηρ
2561 1921 2863 1999 βαρυτόνων
2894 1919 2995 1978 ὅσα
3038 1919 3135 1997 μὲν
3176 1929 3359 2002 μακρᾷ
3385 1919 3695 1998 παραλήγετω.

2210 2005 2402 2066 διὰτοῧ
2431 2007 2730 2082 εκλίνεται,
2758 2008 3128 2088 φράτερος,
3157 2007 3428 2087 Πίερος,
3450 2009 3537 2066 ὅσα
3558 2007 3599 2064 δὲ
3616 2010 3695 2082 pp·

2207 2095 2329 2176 χείᾳ
2348 2096 2734 2174 παραλήγεται,
2762 2095 2849 2156 διὰ
2875 2097 2937 2156 τὸ
2954 2119 2991 2167 η
3010 2095 3264 2170 κλίνεται,
3282 2091 3382 2156 '16
3398 2121 3429 2168 η
3443 2120 3471 2174 ρ
3484 2117 3557 2167 ος,
3572 2095 3694 2170 ἐρίητ

2211 2207 2239 2262 ρ
2252 2205 2315 2250 ος
2330 2229 2343 2242 .
2366 2186 2653 2244 Vetustior
2674 2199 2863 2245 autem
2884 2185 3065 2243 forma
3086 2187 3241 2260 apud
3277 2189 3484 2243 Atticos
3517 2184 3694 2256 scripto··

2207 2292 2295 2328 res
2316 2273 2655 2349 plerumque
2672 2275 2901 2331 videtur
2928 2271 3255 2330 oblitterata
3277 2293 3411 2345 esse,
3430 2285 3525 2330 etc.
3543 2297 3561 2320 ι
3580 2273 3619 2324 E
3632 2270 3694 2325 M.

2208 2361 2348 2419 nist.
2377 2362 2500 2420 crit.
2522 2364 2683 2420 Com.
2704 2383 2767 2439 p.
2798 2379 2865 2418 οι
2880 2381 2910 2434 7
2947 2379 3088 2437 seq„
3114 2373 3173 2418 et
3202 2363 3405 2438 Bergk.
3426 2359 3694 2444 Commenu.

2206 2468 2268 2526 p.
2305 2469 2412 2522 107
2438 2469 2551 2526 seq.

2772 2580 3201 2642 ΦΡΑΤΕΡΕΣ.

2964 2732 3013 2771 1.

2286 2841 2526 2916 Hesych.
2548 2837 2577 2864 ⁸*
2600 2839 2832 2911 Παάπης
2865 2861 2877 2897 :
2911 2829 3057 2906 οὗτος
3092 2838 3321 2918 ποτήριά
3346 2859 3457 2898 τινα
3480 2835 3570 2900 τοῖς
3594 2832 3694 2924 Ἀῡῐῇ

2203 2930 2365 2995 ναίοις
2404 2929 2607 3010 ἔπεμψε
2648 2931 2814 3010 δῶρα.
2863 2931 3082 2990 Λεύκων
3130 2930 3432 3009 Φράτερσιν
3466 2954 3489 2978 ι
3528 2921 3646 2997 Ἀτᾶρ
3672 2921 3694 2971 ‘3³

2204 3018 2226 3041 *
2238 3018 2542 3095 Μεγάκλεες
2556 3016 2781 3075 ὑσθᾶτου
2799 3014 3409 3097 ΠαάπιδοςὙπέρὸολος
3426 3010 3694 3085 vinatiis-au

2202 3106 2567 3178 κατεδήδοκεν.
2600 3132 2623 3159 ³·
2649 3109 2735 3165 Ita
2764 3107 2947 3164 codex
2968 3106 3275 3180 mendose;
3300 3107 3396 3165 sed
3422 3108 3474 3162 in
3490 3108 3694 3180 promptu

2201 3209 2284 3255 est
2311 3198 2632 3255 emendatio

2216 3346 2225 3353 ·
2301 3310 2487 3407 Ᾰτὰρ,
2515 3318 2546 3380 ὁ
2578 3314 2936 3407 Μεγακλέης
2970 3306 3188 3403 (οἶσθα
3206 3308 3260 3401 ),
3294 3321 3401 3377 τοῦ
3450 3292 3694 3375 nudula:

2299 3418 2635 3517 Ῠπέρὸολος
2676 3422 3065 3513 τάκπώματα
3094 3413 3512 3495 κατεδήδοκεν.
3692 3404 3694 3419 ’

2202 3549 2271 3610 ‘O
2301 3548 2616 3621 Μεγακλέης
2658 3550 2942 3625 eleganter
2974 3548 3191 3605 dictum
3234 3560 3319 3604 est
3340 3566 3444 3623 pro
3482 3532 3521 3601 ὦ
3560 3534 3694 3613 Meri-ff

2200 3640 2373 3710 κλεες,
2402 3639 2561 3714 quod
2596 3640 2717 3694 aliis
2744 3639 2964 3713 placuit
2996 3658 3009 3692 ι
3038 3656 3095 3693 v.
3118 3638 3324 3694 Matth.
3358 3636 3455 3693 Gr.
3480 3632 3510 3707 §
3534 3632 3694 3693 312.¹-2

2202 3718 2377 3787 Οἶσθα
2398 3746 2503 3803 per
2519 3728 2905 3804 parenthesin,
2926 3736 2993 3781 ut
3008 3714 3122 3782 οἶδα
3139 3726 3426 3801 Aristoph.
3440 3721 3571 3782 Nub.
3594 3712 3688 3811 δ’ἐξ.

2198 3820 2511 3893 saepiusque
2557 3816 2711 3891 apud
2749 3816 3122 3891 Sophoclem3
3170 3815 3430 3871 similiter
3461 3811 3603 3867 etiam
3630 3803 3694 3856 st:

2198 3908 2425 3981 schylus
2450 3905 2647 3962 Prom.
2678 3904 2791 3961 286
2821 3924 2835 3959 ε
2866 3904 2982 3968 ταῖς
3011 3908 3126 3967 σαῖς
3154 3898 3207 3958 δὲ
3240 3899 3421 3979 τύχαις
3444 3890 3694 3975 (ἴσθι)συν-·

2198 3994 2364 4072 αλγῶ.
2402 4021 2427 4045 κ
2457 3997 2547 4052 De
2578 3992 2831 4068 Paapide
2872 3990 3167 4066 AEgyptiO,
3200 3992 3301 4064 qui
3336 3980 3695 4076 Atheniensibus⁴

2196 4086 2405 4158 pocula
2426 4084 2522 4139 illa
2547 4084 2793 4158 pretiosa
2812 4082 3022 4137 misisse
3051 4079 3265 4135 dicitur
3281 4122 3298 4152 ,
3322 4087 3568 4153 praterea
3592 4062 3694 4121 mlnl.

2197 4184 2438 4228 constat.
2466 4173 2687 4229 Nomen
2716 4170 2993 4246 AEgyptiis
3018 4170 3305 4226 usitatum.
3338 4166 3593 4239 Diogenes
3616 4158 3695 4209 An·

2196 4263 2384 4317 tonius
2426 4259 2620 4316 Photii
2656 4259 2804 4317 Bibl.
2866 4256 2995 4331 166,
3024 4268 3101 4332 p.·
3136 4274 3247 4330 ¹09
3282 4276 3297 4310 z
3328 4250 3527 4313 Παᾶπις
3558 4244 3694 4319 (ssaff-

2196 4347 2308 4426 πίς)
2334 4371 2443 4418 τις,
2466 4343 2633 4426 ἱερεὺς
2666 4342 2965 4422 Αἰγύπτιος.
2992 4370 3015 4395 ¹·
3040 4348 3094 4401 E
3112 4346 3203 4401 M.

2945 4494 3001 4530 2.

2276 4598 2471 4655 Athen.
2501 4598 2559 4666 8,
2590 4616 2647 4671 p.
2685 4594 2829 4665 343,
2850 4596 2893 4653 C
2927 4614 2940 4650 z
2986 4594 3303 4668 κωμῳδοῦσι
3336 4591 3381 4649 δ’
3421 4586 3559 4645 αὐτὸν
3587 4580 3695 4655 (Me-

2194 4685 2501 4760 lanthium)
2531 4686 2612 4739 ἐπ’
2644 4682 2906 4763 ὀψοφαγίᾳ
2936 4680 3153 4741 Λεύκων
3183 4680 3236 4737 ἐν
3268 4676 3566 4758 Φράτερσιν,
3596 4666 3694 4739 ’ΛΨ

2196 4770 2450 4851 στοφᾶνης
2474 4774 2525 4830 ἐν
2552 4769 2750 4851 Εἰρήνῃ
2767 4818 2780 4841 ,
2812 4768 3155 4849 Φερεκράτης
3182 4771 3235 4827 ἐν
3262 4766 3473 4843 Πετάλῃ
3500 4762 3586 4838 (fr.
3610 4752 3657 4813 3?

3619 4870 3680 4881 ..a-⁴-

2747 4974 3199 5035 PHRATORES.

2960 5070 2977 5116 1

2197 5159 2289 5218 At,
2318 5169 2353 5210 o
2371 5151 2647 5223 Megacles
2676 5151 2913 5218 (nosti),
2942 5147 3190 5221 l‘aapidis

2138 5275 2144 5351 Ι
2192 5240 2385 5315 pocula
2412 5239 2758 5313 Hyperbolus
2778 5237 3015 5294 comedit
3038 5236 3111 5301 (i.
3141 5252 3190 5291 e.
3223 5230 3523 5289 intere-eni!
3546 5244 3557 5290 ‚³
