3809 5850
457 425 570 477 520

451 551 753 625 perperam
783 551 915 608 libri
955 549 1098 628 Ἐγὼ
1133 552 1405 612 δέδωκα...
1443 553 1792 624 ἀποδέδωκας.
1821 561 2016 620 Poste-

448 639 564 694 rius
588 638 818 712 quidem
843 641 1166 697 emendavit
1189 643 1420 699 Casaub.

947 786 1050 845 IV.
1087 788 1430 847 ΑΙΠΟΔΟῘ.

526 911 755 984 Suidas,
803 909 904 969 T&
939 909 1094 992 τρία
1131 915 1254 970 τῶν
1291 915 1388 980 εἰς
1428 914 1710 974 Θάνατον
1751 936 1766 976 :
1803 917 1907 981 τοῖς
1948 919 2019 984 εἷς

445 997 666 1054 θάνατον
696 1001 1054 1077 κατακριθεῖσι
1083 998 1201 1078 τρία
1236 1001 1562 1081 παρετίθουν,
1595 1001 1732 1084 ξίφος
1751 1047 1770 1076 ,
1807 1007 2019 1084 βρόχον,

447 1082 752 1144 adiutem...
791 1084 1056 1160 μέμνηται
1077 1085 1196 1148 Ἄλ.
1231 1088 1550 1167 (zenobius
1577 1093 1636 1162 6,
1677 1114 1742 1150 ιι
1773 1091 2019 1160 Ἀλέξαν-

446 1172 592 1250 δρος)
649 1177 702 1232 ἐν
757 1172 1024 1243 Αἰπόλοις.
1095 1179 1182 1234 De
1227 1179 1341 1234 hoc
1398 1182 1710 1255 proverbio
1764 1182 2015 1239 Lobeck.

445 1263 724 1338 Aglaoph.
749 1283 806 1338 p.
844 1272 956 1334 740
975 1267 1110 1324 citat
1129 1266 1295 1323 Mein.

987 1409 1061 1469 V.
1112 1409 1479 1470 ΑΙΣΩΠΟΣ.

523 1545 726 1603 Athen.
760 1563 851 1614 ιο,
881 1563 943 1620 p.
974 1545 1110 1615 431,
1149 1548 1201 1603 D
1236 1565 1250 1601 :
1279 1541 1582 1622 Λύσανδρος
1603 1545 1632 1600 ὁ
1672 1541 2016 1623 Σπαρτιάτης

443 1633 547 1710 (de
575 1652 691 1706 quo
733 1652 790 1691 v.
830 1631 1073 1692 Pausan.
1110 1652 1184 1708 9,
1235 1633 1330 1704 32,
1375 1633 1546 1691 Corn.
1581 1635 1799 1709 Nepos,
1840 1633 2013 1709 etc.),

442 1719 530 1779 τὸν
558 1709 692 1777 οἶνον
723 1721 890 1799 ὑδαρῆ
914 1718 1230 1779 πωλούντων
1254 1722 1358 1796 τῶν
1381 1719 1632 1790 καπήλων
1656 1723 1709 1778 ἐν
1740 1723 1816 1800 τῷ
1841 1743 2013 1800 στρα-

441 1807 676 1888 τοπέδῳ,
693 1807 1030 1886 ’κεκραμένον
1059 1809 1326 1867 ἐκέλευσεν
1353 1807 1510 1865 ἄλλον
1535 1809 1751 1880 πωλεῖν,
1769 1808 1846 1865 ἵν’
1859 1808 2013 1875 αὐτὸς

441 1897 819 1977 ἀκρατέστερον
847 1900 1052 1960 ὠνοῖτο.
1081 1896 1144 1956 τὸ
1169 1895 1540 1976 παραπλήσιον
1559 1896 1650 1956 καὶ
1670 1894 1787 1958 'AL
1807 1895 2011 1976 εἴρηκεν

441 1989 494 2044 ἐν
525 1985 760 2064 Αἰσώπῳ
803 1983 968 2052 οὕτως
1005 1987 1252 2063 (AEsopo
1295 1999 1350 2044 et
1387 1988 1598 2044 Solone
1627 1989 2011 2062 colloquenti-

439 2075 574 2152 bus)
597 2117 614 2145 ,

587 2205 656 2254 Δ.
695 2185 942 2278 Κομψόν
969 2213 1040 2280 γε
1065 2193 1236 2254 τοῦτ’
1269 2185 1428 2252 ἐστὶν
1455 2193 1595 2281 παρ’
1628 2193 1804 2278 ὑμῖν,
1829 2184 1876 2252 ὦ
1908 2188 2012 2254 Σό-

1850 2300 2004 2376 λων,

583 2403 642 2464 ἐν
676 2405 814 2476 ταῖς
845 2395 1099 2474 Ᾰθῆναις
1121 2447 1140 2481 ,
1165 2389 1374 2475 δεξιῶς
1393 2397 1444 2462 θ’
1477 2400 1808 2489 εὑρημένον.

585 2517 644 2570 Σ.
683 2503 769 2569 Τὸ
804 2509 1016 2588 ποῖον;
1047 2515 1120 2568 Δ.
1160 2496 1240 2570 ἓν
1267 2508 1398 2576 τοῖς
1433 2499 1780 2592 συμποσίοις
1816 2504 1882 2566 οὐ
1908 2500 2007 2567 πί-

1877 2631 2008 2676 νετε

582 2713 870 2811 ἄκρατον.
911 2727 974 2781 Σ.
1010 2715 1158 2781 Οὕτ’
1203 2709 1274 2779 ἃν
1308 2704 1513 2804 ῥᾴδιον
1533 2735 1550 2752 ·
1585 2716 1850 2779 πωλοῦσι
1891 2709 2007 2806 γὰρ

437 2819 477 2888 5
581 2827 640 2888 ἐν
677 2827 819 2899 ταῖς
855 2819 1116 2912 ἁμάξαις
1158 2819 1365 2894 εὐθέως
1399 2819 1780 2910 κεκραμένον,

578 2932 690 3018 οὐχ
712 2977 731 3013 ,
768 2925 872 2994 ἵνα
902 2952 966 2992 τι
1006 2916 1396 3019 κερδαίνωσι,
1423 2933 1545 2991 τῶν
1571 2915 1630 2989 δ’
1661 2925 2002 3016 ὠνουμένων

577 3034 988 3126 προνοούμενοι
1021 3040 1127 3099 τοῦ
1151 3026 1264 3107 τὰς
1289 3023 1554 3121 κεφαλὰς
1571 3031 1751 3122 ὑγιεῖς
1781 3029 1939 3119 ἔχειν

577 3145 645 3206 ἐκ
662 3137 998 3232 κραιπάλης
1022 3162 1036 3176 ·
1075 3143 1239 3203 τοῦτ’
1265 3136 1418 3221 ἔσθ’,
1453 3140 1625 3227 ὁρᾷς,
1663 3130 2001 3214 Ελληνικὸς

575 3246 788 3329 πότος,
825 3242 1115 3336 μετρίοισι
1139 3244 1478 3334 χρωμένους
1512 3238 1819 3332 ποτηρίοις

441 3374 524 3419 10
573 3356 786 3417 λαλεῖν
815 3375 886 3415 τε
913 3347 1015 3416 καὶ
1041 3354 1244 3440 ληρεῖν
1273 3346 1419 3439 πρὸς
1445 3346 1656 3420 αὑτοὺς
1685 3336 1910 3423 ἡδέως·

573 3455 644 3523 τὸ
673 3456 778 3548 μὲν
808 3452 921 3550 γὰρ
951 3458 1143 3548 ἕτερον
1171 3454 1418 3547 λουτρόν
1446 3456 1635 3537 ἐστιν,
1666 3456 1732 3518 οὐ
1759 3450 1979 3533 πότος,

573 3560 827 3654 ψυκτῆρι
843 3560 1033 3629 πίνειν
1060 3559 1162 3628 καὶ
1183 3549 1392 3637 κάδοις
1410 3581 1424 3598 ·
1461 3557 1709 3637 θάνατος
1739 3558 1846 3648 μὲν
1867 3556 1991 3625 οὖν.

427 3689 600 3765 Apud
642 3690 852 3747 Athen.
910 3688 1044 3743 libri
1093 3683 1230 3743 ἐκέλ.
1269 3683 1426 3743 αὑτὸν
1459 3685 1654 3742 πωλεῖν
1675 3727 1692 3756 ,
1741 3681 1810 3741 ἵν’
1844 3682 1999 3741 αὐτὸν

429 3778 550 3854 ἀκρ.
580 3775 823 3845 ὠνοῖντο,
853 3794 980 3849 quae
1007 3775 1250 3831 correxi.
1282 3776 1371 3831 De
1401 3772 1648 3827 confusis
1670 3774 1796 3848 plus
1825 3774 2001 3829 semel

427 3860 585 3927 ἄλλος
611 3875 672 3919 et
703 3858 856 3925 αὐτὸς
891 3882 948 3921 ν.
983 3861 1166 3917 Thuc.
1205 3860 1268 3931 6,
1310 3860 1404 3919 31.
1435 3862 1614 3915 Versu
1657 3879 1682 3915 1
1716 3860 1851 3915 libri
1889 3878 1999 3915 an-

425 3952 704 4026 tiquiores
741 3939 786 4009 ἶι
833 3946 1017 4008 Σόλων
1061 3958 1192 4023 post
1231 3942 1514 4025 εὑρημένον
1561 3966 1615 4002 v.
1659 3966 1693 4003 2
1727 3948 1998 4008 inferunt.

425 4042 496 4097 V.
536 4042 570 4095 3
607 4042 687 4095 sic
715 4038 1027 4095 Jacobsius.
1059 4036 1224 4093 Libri
1262 4032 1630 4111 συμποσίοισιν
1660 4036 1755 4091 vel
1789 4056 1997 4111 συμπο·

425 4124 554 4189 σίοις
580 4121 672 4181 ἵν’.
710 4129 888 4182 Versu
928 4132 964 4191 4
997 4124 1208 4199 legitur
1233 4123 1316 4180 Οὗ
1349 4120 1450 4199 γὰρ
1481 4118 1675 4200 ῥᾴδιον,
1705 4122 1997 4197 inelegan-

425 4224 513 4270 ter
554 4212 820 4287 quidem,
855 4230 1032 4285 quum
1061 4221 1328 4284 sequatur
1357 4210 1495 4265 πωλ.
1523 4206 1626 4286 γὰρ
1661 4220 1773 4268 etc.
1815 4212 1886 4266 V.
1939 4208 1995 4281 5,

424 4304 620 4356 vinum
648 4300 765 4373 jam
797 4314 943 4373 aqua
978 4301 1221 4355 mixtum
1255 4316 1388 4354 rure
1415 4299 1478 4352 in
1499 4297 1704 4354 urbem
1735 4297 1996 4353 advehe-

422 4392 582 4447 bant.
633 4390 836 4446 Pollux
873 4406 932 4459 7,
971 4405 1079 4460 192
1132 4402 1146 4442 :
1189 4382 1513 4462 ἐπίπρασκον
1553 4378 1610 4438 τὸ
1657 4382 1872 4457 γλεῦκος
1918 4384 1998 4461 ἐφ’

1441 423 1740 494 ‚MEDIAE
1782 425 2193 492 COMOEDIAE
2238 434 2643 509 RELIQUIAE.

2118 563 2253 629 τούς.
2278 567 2457 625 Recte
2484 571 2655 630 Mein.
2686 592 2696 625 :
2725 598 2747 620 ι
2772 575 2979 648 Scripsi
3000 573 3209 652 αὑτοὺς,
3230 579 3329 634 i.e.
3348 579 3584 649 ἀλλήλους.
3604 611 3619 634 ι
3689 593 3690 616 ³

2561 726 2663 786 v1.
2710 728 3239 793 ΔΙΧΜΑΛΩΤΟΣ.

2196 855 2430 911 Antiatt.
2464 875 2525 930 p.
2570 856 2671 932 98,
2719 859 2817 931 13,
2845 855 3231 937 Ἧμίκακον
3263 888 3278 923 2
3308 863 3419 928 Ἄλ.
3450 870 3623 947 Ainia-
3689 903 3690 946 3

2108 935 2287 1020 λῶτῳ.
2322 944 2526 1000 Pollux
2550 945 2587 1002 6
2617 988 2634 1017 ,
2678 947 2826 1006 162:
2865 948 3128 1025 ἡμίκακον
3170 951 3225 1011 δὲ
3258 955 3523 1026 Εὐκλείδης
3548 961 3622 1032 (cf.
3689 961 3690 1028 j

2114 1028 2282 1084 Mein.
2306 1033 2451 1090 nist.
2480 1035 2609 1092 crit.
2635 1035 2798 1092 Com.
2825 1055 2887 1113 p.
2921 1039 3065 1116 269)
3089 1039 3229 1120 λέγει
3255 1042 3347 1102 καὶ
3368 1046 3619 1124 Σοφοκλῆς,

2114 1111 2483 1195 Ἀριστοφάνης
2513 1117 2567 1176 δὲ
2596 1119 2689 1178 καὶ
2718 1122 3017 1197 ἡμικάκως.

2586 1263 2720 1324 Vll.
2769 1265 3211 1330 AAEmTPlA.

2112 1407 2180 1464 V.
2212 1407 2555 1483 AntiplianIs
2582 1409 2832 1469 fabulam
2858 1418 3278 1491 cognominem.

2591 1557 2749 1618 vlu.
2800 1561 3105 1623 ΔΜΦΩΤΙ
3112 1563 3177 1624 Σ.

2189 1707 2213 1732 «ι
2245 1684 2453 1741 Pollux
2487 1706 2580 1759 10,
2612 1687 2721 1760 175
2746 1688 2831 1766 (V.
2858 1687 3101 1766 AEschyli
3120 1695 3407 1768 Cercyon.
3432 1699 3487 1768 6,
3512 1720 3559 1773 p.
3578 1702 3627 1755 38

2107 1781 2311 1826 nostrae
2329 1773 2441 1840 ed„
2476 1775 2577 1830 ubi
2604 1777 2751 1833 forte
2774 1781 3006 1835 omissus
3024 1791 3107 1836 est
3128 1785 3461 1862 numer-usk
3484 1786 3627 1854 Ἀλέξι-

2090 1857 2191 1923 ·δος
2214 1855 2269 1915 δὲ
2297 1861 2386 1916 καὶ
2415 1862 2591 1939 δρᾶμα
2610 1861 2888 1942 Ἄμφωτίς.
2919 1866 3009 1924 Ad
3028 1870 3431 1946 explicandum
3450 1878 3627 1932 titulum
3688 1933 3690 1944 ⁴

2108 1945 2307 2003 sabulae
2332 1952 2648 2009 Hemsterli.
2672 1953 2843 2008 affert
2864 1956 2959 2010 illa
2984 1956 3247 2032 flaeychii
3262 2003 3281 2030 ,
3318 1960 3625 2041 Ἆμφωτίδες,
3689 1985 3690 2004 ³

2108 2033 2167 2099 ἃς
2204 2033 2417 2113 ἔχωσιν
2458 2039 2507 2096 οἳ
2550 2040 2847 2098 παλαισταὶ
2888 2041 3009 2121 περὶ
3052 2052 3161 2110 τοῖς
3188 2046 3343 2122 ὠσὶν,
3372 2053 3445 2108 de
3466 2055 3627 2126 quibu<
3689 2057 3690 2078 ³

2104 2126 2327 2180 aurium
2377 2129 2743 2184 munimentis
2790 2130 3055 2188 disseruit
3102 2136 3431 2197 Salmasius.
3480 2143 3625 2212 Quum

2106 2222 2295 2269 tamen
2319 2213 2523 2271 Pollux
2558 2217 2631 2272 de
2652 2219 3035 2276 instrumentis
3058 2225 3285 2280 rusticis
3302 2239 3433 2302 agat
3449 2271 3465 2297 ,
3495 2231 3627 2304 magis

2102 2302 2213 2358 huc
2243 2304 2425 2360 facere
2448 2305 2707 2362 videatur
2728 2309 2936 2364 Athen.
2971 2329 2993 2364 1
3011 2329 3063 2380 1,
3084 2331 3147 2386 p.
3178 2313 3294 2384 783
3314 2359 3333 2387 ‚
3368 2319 3417 2373 D
3444 2339 3457 2372 :
3484 2319 3625 2396 ἄμφω·
3689 2373 3690 2396 ÷

2103 2388 2178 2455 τὶς
2214 2387 2409 2456 ξύλινον
2452 2391 2727 2472 ποτήριον,
2763 2385 2808 2470 ᾧ
2835 2397 3065 2474 χρῆσθαι
3105 2397 3225 2465 τοὺς
3259 2402 3515 2480 ἀγροίκους
3540 2407 3621 2463 Φι-
3689 2431 3690 2458 ᾗ

2104 2477 2266 2546 λητᾶς
2294 2501 2457 2558 φησι,
2497 2479 2613 2546 τοὺς
2650 2480 2973 2558 ἀμέλγοντας
3001 2485 3073 2551 εἶς
3098 2485 3259 2560 αὖτὸ,
3290 2489 3383 2548 καὶ
3408 2492 3527 2548 οὕτω
3550 2491 3625 2546 πί-

2103 2587 2297 2632 νοντας.
2332 2591 2359 2618 »
2380 2571 2432 2624 Ε
2456 2571 2543 2624 Μ.

2182 2800 2385 2859 Pollux
2430 2825 2488 2875 7,
2522 2823 2597 2860 20
2631 2826 2645 2861 z
2674 2804 2761 2861 τὸν
2794 2803 2851 2862 δὲ
2884 2809 2971 2862 νῦν
3008 2809 3311 2883 μυλοκόπον
3348 2811 3621 2886 ὀνοκόπορ
3689 2877 3690 2882 ¹

2104 2884 2310 2966 εἴρηκεν
2338 2884 2452 2949 Ἀλ.
2476 2892 2529 2949 ἐν
2556 2889 2863 2971 Ἀμφωτίδι.
2888 2891 3177 2961 Ὀνοκόπος
3200 2898 3306 2954 τῶν
3328 2897 3439 2965 τοὺς
3458 2899 3619 2955 ἄλει-Εἰ·
3689 2887 3690 2890 ¹

2098 2996 2190 3041 νας
2216 2978 2376 3035 τῶνδε
2404 2978 2703 3039 κοπτόντων
2722 2980 2884 3049 ὄνους.
2910 2986 2999 3041 lta
3020 2986 3205 3043 codex
3228 2988 3420 3049 Falck.
3446 2990 3617 3046 Meine-
3689 3026 3690 3053 ÷

2096 3064 2221 3122 laius
2242 3069 2440 3124 scribit

2254 3222 2332 3242 -ἡ
2352 3193 2636 3261 Ὀνοκόπος

2176 3284 2279 3339 τῶν
2307 3280 2427 3350 τοὺς
2452 3285 2715 3351 ἄλετῶνας
2738 3286 2898 3375 τῷνδε
2943 3287 3105 3364 (sort.
3126 3286 3344 3368 τούσδε)
3371 3290 3619 3349 aon-edum-

3480 3400 3621 3447 ονους,

2094 3504 2252 3576 quasi
2286 3504 2405 3560 haec
2446 3506 2561 3561 sint
2592 3516 2775 3580 poetae
2814 3508 2983 3563 verba
3002 3551 3023 3584 ,
3052 3527 3233 3582 quum
3261 3529 3335 3566 ex
3361 3531 3429 3568 eo
3460 3511 3623 3567 Pollux
3689 3568 3690 3575 ἶ

2094 3604 2503 3649 commemoret
2540 3596 2939 3651 tantummodo
2972 3616 3176 3653 vocem
3206 3597 3472 3667 ὀνοκόπον,
3500 3608 3621 3653 cete·

2092 3680 2283 3754 risque
2303 3699 2425 3737 eam
2444 3682 2867 3757 interpretetur.
2892 3686 3029 3755 Quae
3048 3685 3283 3759 quidem
3303 3690 3385 3743 sic
3408 3688 3625 3742 habuisse
3689 3674 3690 3715 ³

2090 3770 2349 3842 suspicor
2380 3771 2441 3824 in
2470 3771 2828 3845 autographo
2860 3769 3106 3837 ὀνοκόπος
3134 3774 3239 3829 τῶν
3262 3772 3382 3839 τοὺς
3402 3774 3625 3831 ἀλετῶνα(
3689 3840 3690 3851 ¹

2090 3856 2212 3910 τῶν
2236 3856 2269 3910 ἅ
2282 3858 2443 3912 στῶν
2466 3856 2569 3913 δια
2587 3854 2883 3914 κοπτόντων
2902 3856 3063 3924 ὄνους.
3076 3862 3267 3917 Facile
3286 3864 3437 3918 enim
3452 3862 3625 3937 negligi
3689 3904 3690 3909 ,

2090 3962 2120 3999 a
2150 3944 2349 3999 scribis
2380 3956 2640 4019 poterant
2668 3947 2779 4001 ista
2806 3947 2912 4001 τῶν
2950 3948 3158 4023 ἀστῶν,
3196 3969 3386 4023 neque
3420 3954 3493 4005 ita
3520 3968 3625 4003 raro

2088 4024 2539 4105 permiscuerunt
2556 4029 2638 4103 δὲ,
2665 4030 2729 4102 δὴ
2745 4076 2764 4109 ,
2788 4045 2847 4089 et
2869 4032 2976 4093 διά.
3001 4036 3265 4092 Ceterum
3290 4038 3502 4110 majore
3520 4055 3623 4091 cor-

2089 4122 2356 4194 ruptione
2386 4122 2598 4196 vulgati
2624 4122 2872 4178 Pollucis
2894 4124 3025 4179 libri
3059 4122 3347 4190 Ὀνοκόπος
3367 4124 3479 4190 τοὺς
3498 4126 3623 4180 ἀλα·

2087 4210 2302 4283 τρυόνας
2328 4208 2433 4264 τῶν
2472 4204 2527 4263 δὲ
2563 4206 2860 4265 κοπτόντων
2900 4208 3031 4275 ὄνος.
3072 4237 3095 4263 ι
3125 4210 3445 4289 Ὀνοκόπος,
3480 4233 3617 4277 unm,
3689 4232 3690 4245 ¹

2088 4300 2181 4367 qui
2211 4298 2450 4350 molares
2479 4297 2697 4369 lapides
2722 4299 2923 4365 credin
2962 4298 3040 4355 cf.
3071 4296 3328 4374 Pyrauni
3355 4300 3427 4358 sr.
3462 4299 3510 4357 3.
3530 4300 3621 4355 Xe·

2088 4384 2321 4457 nophon
2354 4382 2539 4439 Anah.
2585 4402 2636 4452 1,
2670 4380 2726 4453 5,
2770 4383 2830 4455 5,
2862 4386 3003 4441 dicit
3031 4384 3175 4451 ὅνους
3206 4380 3415 4453 ἀλέτας.
3444 4389 3515 4444 De
3542 4385 3624 4459 ὄνῳ

423 4474 640 4551 ἁμαξῶν
669 4475 741 4538 εἷς
767 4472 863 4543 τὴν
893 4468 1086 4551 ἀγορὰν
1108 4468 1423 4545 κομίζοντες.
1451 4473 1520 4527 V.
1579 4488 1650 4525 ιο
1691 4470 1861 4545 vulgo
1894 4470 1995 4526 αὔ-
2088 4492 2143 4527 ν.
2184 4473 2431 4546 interpp.
2460 4472 2725 4546 Hesychii
2752 4492 2809 4530 v.
2836 4470 3024 4543 Μύλη.
3050 4500 3075 4523 ι
3101 4477 3151 4530 Ε
3168 4478 3255 4571 ill,

1021 4639 1388 4696 CAPRARn.

422 4766 552 4821 Tria
571 4760 858 4821 mortifera
880 4759 1065 4827 (ensis
1081 4801 1097 4827 ‚
1121 4758 1344 4831 laqueus
1359 4798 1376 4825 ,
1401 4758 1631 4825 cicuta).

1055 4881 1362 4939 AESOPUS.

525 4994 779 5059 AEsopus.
811 4984 1044 5059 Elegans
1065 4983 1171 5040 hoe
1185 4990 1268 5039 est
1290 4982 1438 5057 apud
1465 4998 1564 5039 vos
1582 5024 1598 5051 ‚
1619 4982 1806 5048 Solon,

527 5074 786 5143 AtheniS,
811 5082 866 5130 et
887 5073 1075 5131 dextre
1100 5072 1454 5128 inventum...

525 5164 709 5221 Solon.
742 5162 1056 5236 Quidnam?
1075 5165 1169 5217 AE.
1201 5164 1266 5216 ln
1288 5160 1550 5217 conviviis
1573 5176 1684 5217 non
1703 5157 1886 5214 bibitis

525 5264 820 5306 meracum.
857 5254 914 5307 S.
945 5250 1058 5305 Nee
1081 5262 1209 5305 sane
1233 5246 1392 5303 facile
1407 5254 1522 5303 est:
1551 5262 1680 5302 nam
1714 5244 1955 5301 vendunt

2034 4646 2042 4721 Ῑ
2091 4643 2123 4692 5
2198 4638 2257 4692 in
2284 4636 2535 4710 plaustris
2552 4639 2739 4694 statim
2765 4640 3027 4707 mixtum,

2200 4741 2309 4782 non
2332 4724 2471 4782 lueri
2494 4740 2655 4782 causa
2672 4768 2689 4793 ,
2710 4725 2809 4783 sed
2837 4729 3227 4801 prospicientes

2194 4812 2555 4884 emptoribus»,
2581 4828 2653 4868 ne
2674 4813 2851 4886 capita
2881 4812 3085 4870 laedant

2191 4898 2440 4970 crapula!
2465 4898 2555 4953 hie
2584 4897 2793 4967 (vides)
2814 4900 3039 4959 Graeeus
3058 4910 3141 4957 est

2192 4994 2351 5055 potus
2370 5026 2385 5051 ,
2416 4999 2528 5057 quo
2547 5026 2562 5051 ,
2593 4982 2957 5042 mediocribus
2978 4988 3064 5043 usi
3088 4987 3325 5060 poeuliS‚

2088 5078 2152 5126 ιο
2189 5073 2433 5143 garriant
2454 5079 2512 5128 et
2536 5082 2817 5144 nugentur
2842 5074 3060 5130 interse
3087 5074 3321 5130 suaviter
3346 5094 3359 5129 z

2188 5159 2418 5215 :alterum
2444 5159 2591 5214 enim
2616 5166 2698 5215 est
2721 5158 2975 5215 balneum
2994 5201 3011 5225 ‚
3033 5175 3141 5215 non
3166 5167 3346 5231 potus,

2186 5242 2587 5317 refrigeratorio
2610 5242 2795 5302 bibere
2824 5254 2877 5302 et
2899 5246 3049 5302 cadis
3067 5262 3253 5319 3Jnors
3276 5262 3425 5303 saue.
