3809 5850
448 415 563 466 0³6

452 533 491 604 5
547 529 734 629 ὅμως
756 530 827 602 δὲ
848 585 867 620 ,
896 536 1120 602 τούτων
1144 531 1195 598 εἶ
1216 557 1291 623 με
1321 529 1747 626 προσγελάσειέ
1776 555 1869 607 τις
1892 579 1912 614 ,

547 635 783 710 ἐδίδουν
818 638 1105 722 στενάξας
1135 637 1349 704 ὁπόσον
1381 637 1651 709 αἰτήσειέ
1680 656 1786 726 με·

546 749 800 842 γόγγρον
840 748 945 838 μὲν
968 795 987 830 ,
1014 749 1211 836 ὥσπερ
1244 748 1275 808 ὁ
1317 739 1594 834 Πρίαμος
1619 740 1723 810 τὸν
1747 731 2013 833 Europa,

546 855 679 920 ὅσον
720 852 985 920 εἱλκυσεν
1008 899 1028 934 ,
1060 858 1307 916 τοσοῦτο
1337 845 1617 924 καταθεὶς
1645 845 1964 939 ἐπριάμην.

450 1048 717 1106 Versibus
744 1066 778 1104 α
826 1058 885 1104 et
918 1046 950 1102 3
988 1048 1049 1102 in
1087 1047 1249 1102 libris
1284 1046 1457 1104 αὐτῶν
1499 1043 1813 1122 ἐλάμὸανις.
1870 1046 2018 1104 Cor-

456 1137 607 1190 rexit
618 1136 870 1194 GrotiuS.
895 1138 955 1193 V.
991 1134 1024 1190 3
1044 1135 1195 1191 malo
1215 1131 1461 1199 ἑκάσταις
1486 1131 1727 1212 ἡμέραις,
1750 1154 1823 1192 ne
1854 1137 2021 1191 colli-

453 1221 592 1279 dant
630 1223 865 1299 genitivi
916 1223 1144 1281 similes.
1196 1223 1261 1280 V.
1331 1229 1366 1290 4
1411 1219 1801 1289 πλουσιώτατος
1839 1225 2014 1282 Mein.

454 1328 564 1384 pro
592 1330 811 1387 π-τερος
830 1351 847 1379 ,
873 1309 1069 1366 mendi
1103 1327 1279 1385 genus
1316 1309 1474 1366 haud
1504 1310 1849 1385 infrequens.
1876 1313 1948 1368 V.
1981 1307 2016 1364 5

456 1395 509 1454 εἴ
540 1420 606 1474 με
629 1399 862 1456 Grotius
890 1416 1002 1473 pro
1032 1397 1315 1453 librorum
1350 1397 1635 1472 scriptura
1670 1397 1715 1454 εἰ
1740 1395 1816 1474 μὴ
1852 1397 1946 1456 νεὶ
1968 1393 2018 1453 εἴ

456 1507 569 1562 μοι.
599 1491 667 1544 V.
692 1485 727 1542 8
746 1486 921 1543 iidem
954 1485 1223 1543 τοσοῦτον.

536 1805 623 1861 lb.
657 1822 719 1879 p.
753 1820 889 1872 227,
916 1801 1002 1856 E:
1029 1800 1097 1859 Δ.
1122 1795 1169 1856 δ’
1190 1798 1243 1857 ἐν
1270 1795 1530 1878 Ἐμπόρῳ
1566 1795 1661 1856 καὶ
1690 1795 1852 1874 νόμον
1889 1788 2022 1857 εἶναί

456 1912 585 1973 φησι
610 1887 758 1969 παρὰ
784 1883 1073 1966 Κορινθίοις
1089 1883 1208 1944 τινὰ
1234 1887 1487 1958 τοιοῦτον,

650 2106 747 2118 -
774 2092 836 2133 α.
870 2065 1143 2158 Νόμιμον
1176 2071 1345 2132 τοῦτ’
1386 2062 1549 2148 ἐστὶ,
1598 2059 1898 2148 βέλτιστ’,
1933 2069 2023 2129 ἐν·

1876 2160 2022 2235 θάδε

599 2274 995 2370 Κορινθίοισιν
1018 2323 1037 2360 ,
1065 2269 1141 2342 ἄν
1169 2269 1285 2341 τιν’
1319 2271 1643 2364 ὀψωνοῦντ’
1685 2271 1779 2338 ἀεὶ

600 2390 897 2476 λαμπρῶς
931 2385 1159 2472 ὁρῶμεν
1180 2429 1201 2464 ,
1248 2373 1459 2446 τοῦτον
1491 2374 1812 2471 ἀνακρίνειν
1845 2377 2023 2444 πόθεν

590 2485 665 2583 ζῇ
687 2539 705 2571 ,
736 2487 842 2555 καὶ
868 2485 934 2552 τί
952 2497 1171 2555 ποιῶν·
1204 2482 1317 2554 κᾶν
1356 2510 1465 2578 μεν
1492 2483 1692 2551 οὐσίαν
1722 2485 1833 2578 ἔχῃ
1854 2534 1873 2570 ,

510 2591 550 2663 5
602 2593 674 2672 ἧς
692 2595 753 2661 αἱ
776 2585 1067 2685 πρόσοδοι
1092 2594 1295 2659 λύουσι
1317 2591 1742 2682 τάναλώματα
1764 2639 1785 2674 ,

603 2704 704 2766 ἐᾶν
733 2699 1050 2766 ἀπολαύειν
1073 2689 1191 2770 ἡδὺ
1221 2706 1433 2765 τοῦτον
1450 2704 1559 2762 τοῦ
1597 2695 1752 2780 βίου·

606 2802 711 2872 ἐὰν
741 2797 797 2870 δ’
826 2805 974 2894 ὑπὲρ
996 2807 1109 2877 τὴν
1138 2802 1337 2889 οὐσίαν
1367 2797 1657 2868 δαπανῶν
1690 2801 1849 2891 τύχῃ
1876 2849 1896 2884 ,

604 2911 859 2977 ἀπεῖπον
890 2912 1049 2994 αὐτῷ
1071 2917 1250 2975 τοῦτο
1282 2911 1362 3002 μὴ
1400 2911 1584 2973 ποιεῖν
1602 2905 1729 2990 ἔτι,

605 3018 740 3082 ὅσον
760 3008 829 3081 δὲ
858 3019 939 3105 μὴ
969 3012 1202 3095 πίθητ’,
1222 3008 1515 3079 ἐπέὅαλον
1562 3005 1811 3103 ζημίαν·

475 3142 555 3187 10
606 3118 706 3187 ἐὰν
737 3112 777 3185 δ
782 3121 807 3186 ὲ
830 3112 980 3212 μηδ’
1005 3125 1201 3186 ὁτιοῦν
1240 3119 1397 3209 ἔχων
1418 3112 1492 3211 ζῇ
1522 3123 1877 3191 πολυτελῶς
1900 3162 1920 3200 ,

604 3234 695 3311 τῷ
742 3218 944 3317 δημίῳ
998 3217 1360 3317 παρέδωκαν
1422 3222 1669 3292 αὐτόν...
1722 3225 1782 3307 β.
1858 3214 2025 3309 trpez-

1576 3410 1591 3423 ·
1822 3318 2018 3402 κλειςί

610 3462 673 3501 α.
719 3438 850 3501 Οὔκ
878 3425 1188 3525 ἐνδέχεται
1216 3430 1330 3527 γὰρ
1360 3429 1635 3512 ζῆν’ἅνευ
1663 3440 1849 3498 κακοῦ
1866 3456 2030 3507 τινος

605 3550 811 3606 τοῦτον
832 3590 849 3623 ,
880 3538 1158 3632 (συνίης;
1182 3536 1209 3631 )
1230 3541 1372 3606 ἀλλ’
1406 3536 1741 3633 ἀναγκαίως
1771 3536 1902 3627 ἔχει

605 3642 645 3719 ἢ
669 3639 1051 3713 λωποδυτεῖν
1081 3642 1193 3723 τὰς
1221 3650 1440 3724 νύκτας
1462 3694 1480 3729 ,
1506 3643 1543 3718 ἢ
1584 3650 2002 3736 τοιχωρυχεῖν,

460 3834 494 3883 5
535 3826 904 3884 Nihilominus
919 3869 937 3897 ,
957 3828 1003 3884 si
1025 3827 1223 3885 borum
1242 3826 1437 3899 aliquis
1461 3826 1594 3883 mihi
1612 3824 1880 3882 arrideret
1896 3862 1916 3891 ‚

534 3913 731 3971 dabam
746 3913 1027 3987 suspirans
1041 3954 1058 3982 ,
1078 3920 1347 3985 quantum
1376 3912 1541 3969 homo
1566 3926 1655 3968 me
1676 3920 1955 3984 posceretg

536 4016 807 4075 congrum
834 4000 1079 4072 quidem,
1104 4000 1251 4058 sicut
1280 3999 1536 4057 Priamus
1552 4000 1872 4063 Hectorem,

538 4094 809 4159 quantum
840 4086 1196 4160 ponderabat,
1216 4093 1429 4143 tantum
1450 4084 1814 4142 denumerans
1838 4084 1966 4138 emi.

1226 4176 1280 4228 2.

568 4270 619 4310 a.
640 4256 923 4313 Usitatnm
946 4272 1071 4314 vero
1101 4236 1347 4325 hoc'est,
1381 4256 1619 4328 optime,
1650 4252 1744 4309 hic

568 4340 865 4397 Corinthiis
884 4383 900 4410 ,
928 4342 975 4399 si
998 4356 1165 4414 quem
1186 4342 1439 4415 opsonari
1463 4354 1676 4411 semper

570 4424 854 4498 splendide
880 4426 1153 4496 videmus,
1176 4422 1457 4499 explorare
1474 4466 1491 4494 ,
1511 4440 1621 4495 quo

573 4511 745 4580 vivat,
776 4518 832 4568 et
858 4512 989 4585 quid
1017 4520 1177 4585 agat3
1202 4522 1258 4569 et
1278 4513 1325 4569 si
1354 4527 1471 4575 rem
1490 4510 1683 4579 habet,

502 4603 535 4655 5
574 4596 730 4669 cujus
751 4598 960 4657 reditus
982 4609 1165 4673 aequat
1188 4608 1459 4671 sumptus,

571 4685 901 4755 permittere,
931 4694 995 4742 ut
1011 4686 1060 4743 is
1074 4685 1311 4743 suaviter
1334 4684 1551 4743 truamr
1565 4684 1671 4741 vita
1691 4702 1703 4739 :

570 4770 660 4826 sin
678 4778 865 4827 autem
887 4786 1054 4845 supra
1074 4788 1193 4829 rem
1220 4773 1525 4845 impensam
1544 4769 1709 4838 facit,

576 4854 904 4914 interdicere
922 4858 1134 4926 solent,
1164 4873 1235 4915 ne
1258 4858 1337 4915 sic
1358 4865 1569 4932 pergat,

572 4951 628 4999 et
651 4958 763 5001 non
782 4944 1130 5005 obedientem
1149 4946 1423 5020 puniunt;

473 5036 535 5085 ιο
568 5030 806 5104 denique
825 5034 875 5090 si
899 5034 1051 5091 nulla
1068 5050 1129 5091 re
1150 5049 1501 5107 quacumque
1524 5030 1815 5105 magnifice
1839 5032 1994 5098 vivit,

574 5117 819 5175 carnifici
840 5121 1070 5179 tradunt
1092 5136 1285 5177 eum...
1313 5121 1367 5177 b.
1397 5117 1690 5177 Hercules!

576 5220 625 5259 a.
648 5206 839 5279 Neque
858 5208 1007 5266 enim
1040 5216 1234 5282 potest,
1258 5216 1318 5266 ut
1348 5209 1393 5265 is
1417 5208 1535 5265 sine
1556 5204 1823 5263 maleficio
1846 5204 2030 5278 aliquo

1474 395 1713 456 NovAE
1758 391 2174 456 couOEmAE
2215 389 2626 464 RELlQmAE.

2071 550 2082 564 ·
2116 549 2138 592 r
2155 521 2193 594 5
2247 523 2284 599 ἢ
2328 533 2454 590 τῶν
2479 523 2810 590 ποιούντων
2829 530 3027 590 ταῦτα
3053 529 3368 588 κοινωνεῖν
3401 547 3582 604 τισιν,

2247 629 2283 704 ἢ
2305 635 2692 722 συκοφαντεῖν
2714 625 2849 696 κατ’
2865 625 3114 722 ἀγορὰν,
3143 627 3184 701 ἢ
3215 633 3543 721 μαρτυρεῖν

2249 727 2459 826 ψευδῆ.
2491 733 2580 801 Τὸ
2595 743 2865 800 τοιοῦτον
2893 730 3329 826 ἐκκαθαίρομεν
3359 737 3556 826 γένος.

2253 846 2314 928 β.
2364 836 2568 934 ὀρθῶς
2612 865 2726 935 γε,
2777 843 2846 916 νὴ
2879 837 2975 906 Δί’
2991 845 3006 907 Ξ
3045 837 3214 908 ἀλλὰ
3259 833 3344 916 δὴ
3397 839 3474 906 τί
3519 852 3662 906 τοῦτ’

3517 973 3662 1036 εμοις

2251 1079 2314 1120 α.
2347 1047 2597 1146 ὁρῶμεν
2623 1046 2968 1141 ὀψωνοῦνθ’,
3004 1049 3268 1127 ἑκάστης
3305 1051 3546 1143 ἡμέρας

2109 1179 2203 1226 20
2250 1157 2388 1250 οὐχὶ
2423 1156 2707 1252 μετρίως,
2741 1159 3024 1244 βέλτιστε
3049 1208 3069 1244 ,
3117 1153 3206 1242 σ’,
3247 1154 3429 1225 ἀλλὰ
3465 1161 3670 1248 ὑπερι-

2255 1374 2362 1437 οὗκ
2383 1369 2546 1436 ἔστιν
2589 1369 2869 1463 ἰχθυηρὸν
2901 1369 3016 1435 ὑπὸ
3045 1377 3148 1435 σοῦ’
3175 1364 3590 1460 μεταλαὸεἶν·

2256 1485 2514 1568 συνῆχας
2545 1481 2717 1568 ἡμῶν
2753 1475 2833 1553 εἰς
2869 1472 2954 1541 τὰ
2976 1473 3226 1564 λάχανα
3245 1479 3366 1548 τὴν
3407 1475 3624 1544 πόλιν·

2255 1579 2390 1675 περὶ
2431 1589 2554 1648 τῶν
2607 1579 2849 1646 σελίνων
2896 1579 3188 1674 μαχόμεθ’
3211 1630 3230 1667 ,
3282 1584 3500 1672 ὥσπερ
3565 1577 3680 1648 ἰσθ-

3567 1714 3680 1762 ιοις·
3758 1705 3760 1750 ἐ

2256 1794 2462 1884 λαγώς
2489 1817 2590 1869 τις
2613 1788 2958 1864 εἰσελήλυθ’·
2989 1791 3147 1868 εὐθὺς
3173 1794 3487 1884 ἥρπακας·
3515 1715 3566 1779 μ

2113 1889 2202 1962 25
2256 1887 2515 1988 πέρδικα
2541 1887 2602 1961 δ’
2637 1893 2675 1968 ἢ
2705 1894 2924 1988 κίχλην
2949 1921 3057 1987 γε,
3091 1897 3172 1968 νὴ,
3203 1891 3328 1979 Δί’,
3363 1899 3486 1962 οὐκ
3511 1898 3610 1962 ἔτι

2258 2003 2416 2068 ἔστιν
2450 1996 2532 2067 δι’
2558 2004 2714 2093 ὑμᾶς
2745 1993 2886 2068 οὐδὲ
2919 2003 3249 2092 πετομένην
3291 1993 3483 2066 ἰδεῖν·

2253 2107 2358 2172 τὸν
2395 2099 2619 2183 ξενικὸν
2649 2101 2802 2173 οἶνόν
2837 2101 2899 2173 τ’
2929 2106 3368 2198 ἐπιτετίμηκας
3393 2111 3586 2174 πολύ.

2111 2336 2292 2391 Versu
2335 2353 2370 2389 2
2413 2333 2548 2390 libri
2591 2329 2916 2410 Κορινθίοις,
2945 2327 3014 2388 ἶν’
3031 2372 3051 2400 ,
3079 2329 3240 2404 quod
3277 2333 3543 2388 conexit
3577 2335 3682 2390 ca-

2111 2423 2273 2480 saub.
2297 2418 2394 2479 Ἂν
2413 2439 2524 2496 pro
2548 2417 2638 2478 ἐὰν
2652 2418 2920 2478 Dindorf.
2943 2422 3011 2479 V.
3043 2416 3079 2475 6
3102 2419 3237 2475 libri
3257 2416 3560 2476 ἀπολαύειν
3584 2419 3684 2489 ἤδη

2113 2511 2294 2566 τοῦτον
2329 2505 2418 2564 τὸν
2457 2503 2593 2584 βίον.
2629 2509 2862 2564 Frustra
2905 2505 3130 2562 Jacobs.
3177 2505 3405 2566 Additt.
3455 2526 3523 2580 p.
3579 2507 3678 2578 ¹37

2115 2593 2438 2655 ἀπολάπνειν
2455 2635 2472 2665 ,
2505 2595 2742 2652 Casauh.
2773 2595 2942 2650 metri
2967 2595 3172 2670 gratia,
3193 2595 3379 2650 τοῦτον
3406 2593 3536 2664 ἤδη.
3571 2600 3682 2670 Ap-

2116 2687 2228 2740 tius
2248 2680 2348 2753 ἡδὺ
2371 2701 2481 2758 pro
2505 2679 2692 2752 ἡδέως.
2729 2681 2814 2740 Cf.
2841 2699 2974 2738 ann.
3003 2681 3080 2737 ad
3113 2680 3429 2742 Alexandr.
3471 2683 3674 2759 Κυυηγ.

2114 2774 2201 2829 De
2243 2771 2444 2826 litteris
2492 2788 2519 2823 ν
2550 2779 2607 2825 et
2651 2789 2682 2824 υ
2721 2768 3084 2824 commutatis
3115 2786 3175 2824 v.
3221 2767 3526 2842 Ari-steph.
3577 2775 3680 2826 Av.

2125 2864 2300 2929 1442,
2326 2866 2436 2916 etc.
2457 2859 2528 2914 V.
2557 2857 2790 2933 9vulgo
2819 2851 2956 2922 ὅςᾶν
2983 2851 3041 2912 δὲ
3163 2853 3238 2913 cf.
3273 2856 3466 2914 Thac.
3495 2875 3554 2928 7,
3587 2857 3678 2913 28.

2114 2949 2184 3005 V.
2230 2965 2303 3003 αα
2361 2946 2494 3001 libri
2551 2946 2810 3017 συνῆκας,
2857 2943 3016 3019 quod
3059 2944 3312 3000 correxit
3359 2942 3678 3021 Schweigb.

2113 3036 2200 3089 De
2225 3037 2386 3107 apin,
2413 3031 2906 3088 Isthmionicarum
2936 3032 3172 3107 praemio
3195 3071 3216 3104 ,
3239 3049 3298 3088 v.
3333 3032 3586 3091 Meinek.
3615 3034 3682 3089 ad

2117 3118 2378 3196 Euphor.
2424 3140 2486 3195 p.
2523 3126 2654 3187 ¹14·
2689 3119 3141 3178 Adsententiam
3176 3118 3468 3177 simillime
3497 3123 3680 3179 Alexis

2117 3211 2365 3267 Demetr.
2402 3227 2425 3264 1
2438 3250 2455 3277 ,
2481 3205 2517 3264 6
2544 3226 2558 3263 ε
2581 3202 2771 3285 τοῦψον
2799 3204 3084 3286 πριάμενος
3109 3202 3338 3283 οἴχεται,
3360 3218 3474 3266 etc.
3505 3210 3576 3265 V.
3605 3208 3676 3263 25

2115 3298 2266 3354 malo
2290 3292 2440 3353 οὐδέ
2476 3292 2596 3352 τιν’
2621 3294 2790 3352 ἰδεῖν
2811 3289 3225 3368 πετομένην.

2877 3476 2934 3535 3.

2201 3657 2408 3713 Athen.
2438 3673 2499 3728 7,
2521 3672 2582 3729 p.
2612 3653 2749 3722 316,
2773 3654 2818 3709 F
2844 3669 2858 3711 ε
2881 3648 2972 3707 καὶ
3002 3653 3068 3709 Δ.
3087 3650 3140 3705 ἐν
3169 3648 3344 3725 ’Eg-nir.

2226 3822 2369 3876 vivat
2387 3859 2403 3887 ,
2424 3816 2782 3889 (intelligisne
2795 3818 2819 3871 Ρ
2834 3820 2854 3882 )
2871 3814 2968 3872 sed
2985 3815 3295 3873 nece-rio

2223 3915 2320 3965 aut
2343 3913 2518 3965 vestes
2537 3904 2761 3979 mrripit
2782 3910 2950 3963 noctu
2967 3944 2984 3973 ,
3009 3910 3105 3961 aut
3125 3904 3364 3977 parietes
3379 3902 3646 3979 perfodit,

2123 4001 2187 4052 15
2225 4002 2322 4051 aut
2345 3992 2404 4049 id
2427 3992 2746 4051 facientium
2768 3991 2950 4048 socius
2978 3998 3063 4047 est
3081 4030 3098 4058 ‚

2227 4088 2322 4139 aut
2343 4079 2771 4154 sycophantam
2793 4078 2852 4134 in
2877 4076 2999 4134 foro
3017 4118 3035 4147 ,
3065 4085 3163 4134 aut
3185 4076 3472 4135 mendacia

2234 4174 2538 4225 attestatur.
2566 4165 2699 4223 Tale
2723 4177 3094 4238 expurgamus
3111 4178 3306 4235 genm.

2225 4254 2282 4310 b.
2303 4255 2475 4310 Recte
2493 4250 2718 4325 quidem
2737 4291 2754 4320 ,
2789 4264 2886 4325 per
2909 4252 3139 4305 Iovem!
3179 4246 3281 4305 sed
3313 4247 3424 4305 hoe
3445 4247 3576 4321 quid
3605 4246 3668 4303 ad

3517 4340 3540 4405 [
3559 4338 3670 4392 nne?

2227 4445 2279 4484 a.
2311 4425 2577 4483 Videmus
2608 4430 2965 4498 opsouantem
2989 4428 3045 4479 te
3067 4421 3315 4495 quotidie

2123 4521 2190 4571 20
2227 4514 2371 4571 haud
2403 4512 2755 4571 mediocriter
2775 4552 2793 4579 ,
2816 4510 3051 4584 optime,
3069 4508 3170 4566 sed
3195 4508 3452 4582 superbe.

2227 4598 2375 4658 Nihil
2407 4598 2650 4673 piscatile
2673 4597 2758 4655 tui
2775 4610 2940 4655 causa
2965 4595 3281 4669 participari
3297 4594 3456 4665 licet;

2227 4686 2542 4760 compulisti
2569 4684 2639 4743 ad
2667 4683 2947 4758 legumina
2967 4688 3208 4739 nostram
3232 4681 3432 4739 urbem
3459 4702 3472 4737 :

2227 4774 2298 4831 de
2315 4775 2452 4847 apiis
2481 4786 2794 4847 pugnamus
2808 4813 2825 4838 ,
2849 4769 2999 4827 velut
3021 4768 3296 4826 Isthmiis:

2227 4863 2385 4935 lepus
2410 4860 2602 4935 aliquis
2627 4860 2852 4919 intravit
2871 4899 2889 4928 ,
2921 4857 3110 4915 statim
3125 4856 3226 4915 abs
3251 4864 3306 4914 te
3325 4866 3512 4931 raptus
3527 4864 3634 4921 est;

2123 4956 2192 5005 25»
2231 4946 2506 5022 perdicem
2537 4964 2664 5005 vero
2695 4946 2776 5003 vel
2807 4942 3052 5012 undum,
3083 4958 3180 5016 per
3205 4945 3398 5001 Jovem
3421 4987 3437 5009 ,
3465 4952 3672 5018 propter

3547 5034 3672 5098 [ros

2229 5136 2300 5177 ne
2325 5120 2596 5177 volantem
2619 5117 2842 5192 quidem
2867 5113 3050 5173 videre
3071 5128 3400 5187 possumus:

2229 5215 2285 5264 et
2307 5214 2590 5265 externum
2616 5204 2805 5263 vinum
2825 5201 3002 5261 multo
3027 5200 3209 5275 carius
3229 5199 3536 5259 reddidisti.
