3809 5850
1585 429 1987 490 CRATINUS.
2490 465 2495 468 -
2856 427 2865 434 ’
3334 447 3399 498 01

167 569 262 622 tini
313 567 599 621 versiculo
659 561 986 631 πηνηκίζων,
1018 561 1142 637 ubi,
1191 562 1378 616 deleto
1417 565 1746 636 glossemate
1800 599 1806 616 .

167 653 398 734 ἐξαπατᾷ
413 697 434 726 ,
459 653 868 710 dochmiacum
890 653 1185 708 restituere
1218 653 1358 707 mihi
1386 651 1592 708 videor
1613 655 1747 708 scri-
1799 669 1806 730 ἰ

164 742 355 799 bendo

271 858 566 949 ῐιονηροὺς
603 855 950 946 ἀνθρώπους
983 855 1341 938 πηνικίσων,

164 985 250 1040 vel
277 983 474 1057 potius
497 978 852 1049 πηνικίσω.
878 981 1110 1035 servato
1130 977 1416 1048 πηνικίζων
1441 997 1633 1036 versus
1661 982 1751 1034 in-

169 1073 537 1128 tolerabiliter
555 1070 984 1144 propemodum
1002 1071 1170 1124 meris
1192 1071 1375 1144 longis
1398 1070 1745 1127 decurreret.

165 1161 366 1216 Suidas
385 1201 403 1229 ,
451 1156 658 1228 Ἔπην
676 1157 692 1213 ί
713 1181 746 1214 κ
769 1159 904 1224 ιζεν
955 1177 968 1211 :
1015 1154 1270 1226 ἐξηπάτα.
1310 1155 1470 1222 οὕτως
1512 1157 1616 1234 Κρ.
1676 1158 1748 1215 cf.

167 1253 372 1306 Zonar.
407 1268 474 1323 p.
507 1248 622 1313 834
655 1259 712 1302 et
738 1246 942 1322 fragm.
973 1252 1069 1311 24.

920 1356 1014 1414 52.

245 1475 638 1551 llarpocratio
685 1491 748 1546 p.
803 1479 862 1541 4,
911 1473 979 1528 18
1013 1491 1028 1530 :
1063 1461 1166 1529 εἶεν
1197 1471 1242 1528 δ’
1273 1469 1337 1529 ἂν
1379 1473 1427 1530 οἱ
1466 1469 1611 1550 παρὰ
1647 1478 1753 1538 τοῖς

169 1561 423 1627 Ἀττικοῖς
450 1559 728 1638 λεγόμενοι
769 1560 964 1635 ἅγυιεῖς
992 1561 1040 1619 οἱ
1069 1557 1174 1640 πρὸ
1195 1562 1302 1618 τῶν
1337 1562 1512 1618 οἰκιῶν
1545 1559 1749 1640 βωμοὶ,

167 1650 234 1716 ὥς
263 1672 394 1730 φασι
427 1651 533 1728 xp.
563 1647 658 1705 καὶ
687 1644 1004 1726 Μένανδρος.

912 1757 1012 1817 53.
1095 1801 1108 1810 .

249 1871 542 1948 Hephaest.
587 1868 684 1941 15,
710 1889 770 1944 p.
800 1868 900 1940 84,
926 1871 1282 1929 Archilochii
1297 1889 1492 1928 versus
1519 1889 1752 1947 asynar-

180 1961 277 2017 teti
308 1960 638 2034 exemplum
661 1978 1019 2036 proponens,

245 2071 314 2131 ’E
319 2070 616 2150 ρασμονίδη
645 2071 912 2149 Χαρίλαε,
939 2069 1131 2149 χρῆμά
1152 2093 1232 2132 τοι
1254 2069 1474 2149 γελοῖον,

166 2187 342 2244 Τουτο
359 2182 439 2257 δὲ,
462 2187 676 2260 inquit,
699 2185 748 2241 oi
771 2185 888 2259 μετ’
913 2181 1067 2245 αὐτον
1090 2188 1150 2243 ου
1153 2207 1192 2262 χ
1215 2183 1407 2260 ὁμοίως
1430 2186 1574 2276 αὐτῷ
1597 2184 1750 2266 ἔγρα-

167 2276 292 2348 ψαν·
323 2263 475 2340 οὗτος
504 2271 602 2348 μὲν
630 2269 736 2350 γὰρ
777 2273 856 2348 (ἰ.
893 2293 948 2329 e.
977 2273 1401 2351 Archilochus)
1435 2277 1502 2351 τῇ
1529 2295 1588 2332 τι
1613 2278 1751 2353 τομῇ

169 2362 234 2417 δι’
261 2359 390 2418 ὅλου
419 2359 682 2440 κέχρηται
725 2365 816 2418 τοῦ
854 2363 1280 2440 ἑφθημιμιρους,
1323 2360 1417 2419 καὶ
1457 2360 1755 2428 σπονδείους

168 2445 476 2526 παρέλαὸεν
500 2449 554 2506 ἐν
579 2451 656 2528 τῷ
681 2449 1048 2528 α’ναπαιστικῷ
1069 2449 1228 2529 κώλῳ
1249 2447 1368 2521 δύο,
1391 2439 1498 2507 οἷον

169 2559 366 2618 'Ao-tm
385 2561 432 2618 δ’
457 2562 506 2619 οἱ
529 2557 627 2636 μὲν
648 2558 962 2620 κατόπισθεν
986 2551 1122 2632 ἦσαν
1159 2551 1337 2642 (ᾖσαν
1359 2564 1538 2622 Mein.
1556 2563 1598 2640 ),
1627 2565 1674 2619 ol
1699 2559 1755 2619 δὲ

1548 2649 1755 2727 πολλοὶ,

168 2746 214 2800 οἱ
243 2741 300 2801 δὲ
342 2745 463 2818 μετ’
507 2741 663 2801 αὐτὸν
691 2745 758 2820 τῇ
790 2740 885 2818 μὲν
924 2745 1066 2821 τομῇ
1109 2741 1375 2824 διαφόρως
1420 2741 1752 2823 ἐχρήσαντο,

173 2831 356 2912 ὥσπερ
391 2835 500 2910 Κρ.

267 2958 486 3049 Χαῖρ’,
514 2952 564 3020 ὦ
603 2958 750 3049 μέγ’,
775 2955 1180 3051 ἀχρειόγελως
1224 2959 1404 3049 ὅμιλε
1438 2964 1577 3034 ταῖς
1627 2956 1758 3024 ἐπί-

1557 3055 1756 3151 ἕδαις,

267 3178 388 3245 τ-ῆς
419 3170 724 3263 ἡμετέρας
755 3168 964 3262 σοφίας
1001 3174 1210 3262 κριτὴς
1245 3164 1449 3263 ἄριστε
1472 3164 1751 3237 ποίντωνέ

265 3266 590 3365 εὐδαίμον’
629 3276 838 3343 ἔτικτέ
881 3302 946 3343 σε
968 3280 1167 3369 μήτηρ
1205 3276 1401 3370 ἰκρίων
1423 3272 1704 3369 ψόφησιν·

169 3419 400 3475 ἐνταῦθα
425 3414 532 3494 γὰρ
559 3416 754 3493 ὁμοίως
781 3416 842 3476 τὸ
885 3416 1059 3497 τρίτον
1098 3417 1354 3495 τέτμηται
1382 3425 1489 3484 τοῖς
1517 3416 1756 3496 Ἄρχιλο-

169 3504 362 3582 χείοις,
383 3504 458 3563 τὰ
495 3502 552 3561 δὲ
579 3504 712 3584 πρὸς
739 3504 868 3563 αὐτὸ
893 3502 986 3563 δύο
1023 3504 1128 3583 πρὸ
1155 3504 1446 3577 συλλαὸῆς.
1487 3508 1758 3565 Mendose

169 3594 292 3649 libri
320 3591 580 3671 ψόφησις,
595 3606 808 3667 praeter
829 3596 1017 3664 Flor.‚
1037 3596 1137 3669 qui
1156 3596 1330 3651 habet
1346 3596 1529 3673 ψ-σιν.
1558 3592 1755 3674 Ψόφη·

167 3700 246 3735 σιν
270 3691 368 3737 oet
385 3683 746 3737 accusativus
765 3700 970 3738 causae.
991 3685 1244 3740 Tertium
1263 3683 1470 3738 horum
1490 3699 1754 3739 versuum

169 3788 280 3823 non
335 3767 674 3825 dissimilem
720 3770 956 3843 quidem
987 3768 1153 3845 τομὴν
1187 3770 1404 3825 habere
1454 3769 1596 3826 dicit
1643 3774 1756 3827 He-

169 3858 444 3931 phaestio,
493 3856 594 3911 sed
622 3876 808 3931 prope
841 3858 959 3913 sive
986 3868 1115 3914 ante
1164 3853 1224 3912 τὸ
1265 3854 1542 3928 τέμνεσθαι
1570 3860 1761 3933 posita

175 3963 284 3999 esse
333 3942 464 3998 dno
511 3944 873 4018 praesyllaba,
917 3946 960 4000 i.
994 3964 1047 4002 e.
1097 3944 1238 4001 duas
1277 3946 1515 4018 syllabas
1557 3946 1760 4003 breves

177 4030 234 4103 (-
259 4028 382 4105 μον’
411 4030 506 4105 b)
533 4033 732 4106 potius
757 4051 928 4105 quam
951 4052 1122 4089 unam
1145 4035 1396 4109 longam,
1417 4046 1760 4108 anapaestum

173 4137 276 4191 pro
311 4118 630 4195 spondeo,
662 4138 832 4193 quem
861 4140 931 4175 eo
968 4122 1100 4177 loco
1143 4122 1460 4196 usurpabat
1486 4123 1762 4178 Archilo-

175 4208 323 4264 chus.
383 4239 478 4250 -—
545 4208 768 4264 Similes
816 4208 1245 4265 Atheniensium
1304 4210 1500 4265 laudes
1553 4211 1754 4286 Bergk.

173 4296 530 4353 Commentt.
559 4314 620 4371 p.
671 4314 742 4351 10
783 4296 972 4352 attulit
996 4299 1246 4354 Platonis
1271 4300 1334 4354 in
1363 4300 1616 4354 Xantriis
1639 4300 1760 4355 He-

171 4382 364 4455 phaest.
399 4382 508 4459 15,
531 4401 682 4457 p.91
722 4404 738 4438 z

251 4497 461 4575 Χαῖρε,
495 4495 858 4573 παλαιογόνων
881 4498 1081 4576 ἀνδρῶν
1107 4502 1303 4557 θεατῶν
1325 4499 1546 4578 σύλλογε
1567 4522 1760 4559 παντο-

1549 4610 1610 4645 σο
1674 4613 1720 4646 w

179 4678 586 4754 Aristophanis
609 4680 757 4739 Ran.
780 4680 918 4752 675,
946 4684 1245 4739 Menandri
1272 4684 1560 4759 Adelphis,
1613 4611 1676 4667 4⁰
1737 4634 1753 4661 ⁹

932 4883 1020 4932 51.

185 4958 378 5019 Pravos
403 4962 662 5020 homines
691 4962 980 5036 decipiam.

925 5058 1012 5108 53.

187 5133 352 5201 Salve,
379 5137 746 5197 immoderate
769 5140 958 5198 ridens
987 5150 1198 5199 caterva
1225 5142 1469 5215 EpibdiS‚

191 5230 380 5281 nostrae
405 5228 696 5301 sapientiai
713 5226 882 5303 Iudex
909 5229 1110 5303 optime
1129 5230 1412 5288 omnium!

2081 560 2215 626 Θεός
2254 563 2363 619 ἐστι
2388 568 2493 627 τοῖς
2516 561 2763 672 χρηστοῖς
2788 562 2871 622 ἀεὶ

1920 653 1949 707 ὁ
1972 672 2087 716 νους
2118 650 2225 730 ἄρ’,
2256 652 2327 714 ὣς
2350 649 2536 722 ἔοικεν,
2566 673 2613 708 ω
2640 651 2967 730 σοφώτατοι,

1841 772 2089 846 denique
2136 774 2235 827 illa
2263 773 2658 828 Demosthenis
2682 774 2917 846 Olynth.
2952 773 3010 846 3,
3056 794 3115 849 p.
3164 776 3236 832 32
3270 798 3281 834 :
3320 776 3409 834 καὶ

1838 855 1941 936 γὰρ
1970 859 2135 916 εἰπεῖν
2156 857 2222 917 τὰ
2252 857 2432 916 δέοντα
2461 857 2586 937 παρ’
2615 860 2737 934 ὑμῖν
2774 859 2934 937 εἰσὶν,
2969 849 3012 918 ὦ
3043 860 3220 940 ἄνδρες
3258 862 3411 934 Ἀθη-

1843 948 2011 1018 ναῖοι,
2042 945 2343 1023 δυνάμενοι,
2372 945 2461 1004 καὶ
2502 948 2696 1022 γνῶναι
2732 945 2945 1004 πάντων
2987 949 3133 1024 ὑμεῖς
3175 949 3411 1017 ὀξύτατοι

1841 1032 1909 1092 τὰ
1954 1033 2193 1116 ρηθέντα.
2238 1040 2417 1093 Versu
2462 1056 2487 1091 1
2518 1033 2862 1113 ἄχρειογέλως
2898 1049 2983 1094 est
3016 1042 3309 1096 immodice
3331 1049 3411 1096 ri.-

1839 1125 1993 1191 dens,
2033 1149 2058 1174 ι
2082 1127 2361 1198 petulanti
2403 1126 2599 1198 splene
2636 1125 2916 1180 cachinno
2962 1151 3013 1193 υ,
3062 1137 3128 1181 ut
3158 1128 3415 1202 loquitur

1841 1213 2066 1268 Persius
2100 1231 2150 1282 1,
2187 1231 2279 1267 ια.
2318 1212 2519 1268 Suidas
2559 1209 2928 1288 Ἄχρειόγελως
2971 1209 3239 1290 ἄνθρωπος
3272 1235 3285 1270 :
3326 1214 3413 1271 ἐπὶ

1841 1301 1947 1364 τοῖς
1992 1297 2274 1377 ἀχρήστοις
2316 1297 2406 1355 καὶ
2436 1297 2511 1374 μὴ
2542 1297 2841 1365 σπουδαίοις
2867 1301 3032 1373 γελῶν
3072 1299 3164 1356 καὶ
3184 1299 3407 1379 χαίρων.

1845 1391 1911 1446 V.
1940 1407 1997 1442 2.
2024 1399 2247 1457 notum,
2275 1388 2416 1461 quid
2432 1391 2668 1463 proprie
2695 1389 2767 1442 sit
2785 1389 2817 1455 ἡ
2840 1385 3069 1446 ’En-{63⁰1
3092 1391 3187 1468 (v.
3214 1392 3413 1445 Ruhn-

1844 1474 1959 1530 ken
2004 1475 2081 1530 ad
2115 1476 2263 1530 Tim.
2304 1494 2361 1548 p.
2412 1475 2593 1548 120);
2634 1473 2875 1548 figurate
2923 1476 3095 1530 etiam
3140 1476 3415 1532 Pindarus

1845 1559 2016 1635 Pyth.
2064 1568 2125 1630 4,
2160 1571 2292 1629 140,
2327 1562 2470 1618 dixit
2514 1567 2769 1638 τραχεῖαν
2812 1559 3099 1633 Ἐπίὸδαν,
3148 1575 3213 1623 ut
3242 1567 3413 1622 Mein.

1847 1651 2161 1708 adnotavit.
2198 1677 2221 1702 «ι
2254 1651 2395 1706 Mihi
2418 1651 2509 1708 Cr.
2536 1647 2758 1715 ἐπίὸδας
2783 1647 3106 1728 (Έπίὸδας)
3143 1655 3415 1710 translato

1842 1758 2009 1796 sensu
2025 1741 2225 1796 dixisse
2243 1739 2471 1795 videtur
2488 1738 2739 1794 fabulam
2756 1758 2939 1810 suam,
2965 1759 3089 1814 quae
3111 1741 3167 1796 in
3188 1742 3413 1798 drama·

1844 1838 1967 1881 tum
2007 1827 2403 1882 commissione
2451 1827 2679 1882 tertium
2720 1827 2915 1882 locum
2952 1829 3150 1883 sortita
3190 1841 3332 1884 erat.
3380 1855 3407 1880 n

1842 1917 1894 1970 E
1918 1917 2009 1970 M.
2038 1919 2105 1972 V.
2127 1915 2160 1971 3
2184 1911 2363 1991 ἰκρίων
2390 1911 2615 1992 ψόφησις
2639 1925 2725 1970 est
2751 1915 2963 1970 theatri
2979 1919 3259 1989 strepitus,
3287 1935 3413 1990 spe-

1842 2006 2097 2070 ctacula;
2134 2003 2200 2057 cf.
2256 2002 2455 2076 fragm.
2494 2009 2589 2067 4ο.
2638 2005 2722 2058 Ex
2764 2003 3123 2062 Archilochis
3170 2006 3415 2078 petitum

1843 2091 2219 2168 fragmentum
2248 2100 2454 2166 putant
2474 2091 2717 2164 ltaspius
2743 2101 2799 2146 et
2816 2089 3108 2165 Bergkius.

2579 2199 2675 2266 54.

1930 2320 2218 2394 Hephaest.
2250 2317 2333 2372 ih.
2360 2334 2418 2391 p.
2450 2315 2551 2391 96,
2581 2325 2827 2371 metrum
2854 2313 3181 2372 Cratineum
3203 2313 3417 2385 descri-

1843 2407 1987 2463 bens
2019 2427 2032 2462 :
2074 2402 2185 2462 ἔστι
2222 2401 2324 2481 γὰρ
2367 2404 2427 2460 ἐκ
2460 2401 2810 2482 χοριαμὸικοῦ
2854 2401 3160 2477 ἐπιμίκτου,
3192 2407 3283 2460 τοῦ
3316 2400 3415 2473 τὴν

1845 2494 2089 2572 δευτέραν
2119 2488 2373 2570 ῖαμὸικὴν
2399 2489 2637 2568 ἔχοντος,
2678 2489 2769 2548 καὶ
2792 2493 3078 2571 τροχαῖκοῧ
3118 2491 3416 2571 ἑφθημιμε-

1848 2605 1995 2660 ρους,

1945 2739 1969 2762 «ι
2020 2707 2181 2785 Effice,
2234 2710 2575 2795 κισσοχαῖτ’
2629 2699 2803 2786 ἄναξ,
2854 2696 3053 2796 χαῖρἿ
3106 2728 3137 2763 n
3194 2703 3410 2792 ἔφασκ’

3005 2797 3415 2898 Ἐκφαντίδης.

1948 2917 2169 2985 Πάντα
2210 2913 2464 3011 φορητὰ,
2518 2915 2724 2983 πάντα
2766 2911 3073 3007 τολμητὰ,
3116 2906 3279 3002 τῷδε
3327 2925 3416 3001 τῷ

3233 3046 3415 3113 me·

1946 3133 2115 3203 Πλὴν
2148 3128 2347 3195 Ξενίου
2382 3129 2619 3221 νόμοισι
2654 3127 2755 3194 καὶ
2788 3126 3167 3221 Σχοινίωνος,
3202 3124 3250 3191 ὦ
3286 3127 3418 3194 Xoi-

3287 3258 3409 3297 οον.

1848 3370 2065 3425 Cratini
2086 3386 2199 3423 esse
2220 3368 2325 3423 hos
2354 3386 2571 3435 versus,
2610 3384 2729 3421 non
2758 3364 3095 3437 conjunctos
3112 3367 3413 3442 perpetui-

1849 3468 1965 3513 tate
2000 3456 2317 3525 sententiae‚
2344 3455 2535 3509 neseio
2574 3472 2693 3527 quo
2726 3455 2839 3510 alio
2866 3456 3027 3529 signo
3050 3472 3223 3527 quam
3250 3456 3419 3509 metri

1848 3532 2153 3620 agnoscere
2180 3542 2291 3597 sibi
2313 3542 2419 3596 visi
2452 3544 2564 3597 sint
2586 3542 2893 3616 Sopingius
2918 3540 2992 3597 ad
3024 3543 3265 3615 Hesych.
3298 3545 3415 3600 vol.

1851 3650 1908 3702 a,
1940 3653 2005 3708 p.
2038 3631 2210 3703 1334,
2248 3632 2477 3703 aliique.
2514 3626 2638 3706 Ἐφ.
2668 3627 2823 3706 Ἔκφ.
2856 3627 3057 3685 Pauw.
3085 3647 3195 3703 pro
3221 3626 3417 3707 ἔφασκε

1849 3716 2145 3789 Φαντίδης.
2184 3721 2270 3775 De
2310 3718 2663 3793 Ecphantide
2698 3736 2759 3776 v.
2800 3734 2975 3793 supra
3012 3736 3116 3773 suo
3144 3718 3297 3773 loco.
3339 3750 3418 3761 —

1855 3834 1882 3861 α
1905 3812 2085 3865 Versu
2100 3826 2135 3864 a
2156 3807 2363 3883 Bergk.
2390 3809 2731 3863 Commentt.
2752 3824 2815 3880 p.
2850 3826 2873 3861 1
2891 3826 2912 3860 1
2926 3805 2980 3876 5,
3000 3806 3253 3863 Chorum
3276 3826 3419 3862 con-

1850 3898 2013 3971 queri
2030 3898 2331 3967 existimat,
2344 3895 2502 3969 quod
2516 3896 2847 3951 necessitate
2864 3904 3097 3951 coactus
3108 3896 3184 3951 sit
3198 3898 3421 3968 quasvis

1849 3984 2069 4039 fabulas
2086 4002 2278 4058 agere,
2304 3984 2395 4038 vel
2410 3984 2701 4057 pessimas;
2726 4000 2895 4037 versu
2912 3983 2944 4037 3
2969 3982 3209 4055 aequales
3230 3983 3419 4038 Comi·

1852 4092 1951 4128 cos
1975 4072 2271 4147 perstringi
2302 4081 2556 4146 apparet.
2578 4070 2979 4129 Schoenionem
3001 4070 3187 4128 Calliae
3213 4074 3419 4127 comici

1851 4158 2019 4215 fuisse
2043 4170 2510 4234 cognomentum,
2544 4176 2611 4212 ex
2639 4156 2813 4213 Suida
2840 4157 3014 4213 docui
3037 4159 3246 4230 Quaest.
3267 4176 3418 4214 scen.

1853 4266 1909 4317 2,
1938 4268 2000 4323 p.
2036 4254 2136 4323 49,
2166 4258 2401 4303 auctore
2443 4245 2770 4301 Gaisfordio
2813 4264 2943 4301 ann.
2991 4246 3067 4301 ad
3097 4246 3328 4302 Suidam
3358 4266 3414 4303 v.
3492 4286 3497 4316 ‚-

1852 4332 2109 4399 Καλλίας.
2135 4334 2247 4391 Sed
2278 4335 2350 4391 de
2376 4334 2567 4389 Xenio
2590 4334 2681 4388 vel
2700 4334 2884 4389 Xenia
2912 4350 3119 4408 anceps
3136 4332 3418 4405 judicium

1853 4433 1959 4481 est.
1985 4422 2260 4497 Bergkius
2274 4432 2373 4477 aut
2394 4421 2829 4496 Aristophanem
2845 4463 2861 4489 ‚
2884 4430 2981 4476 aut
2996 4410 3381 4493 Phrynichum
3400 4462 3417 4485 ,

1852 4510 2277 4586 intelligendum
2305 4521 2493 4585 putat,
2526 4528 2772 4583 quorum
2805 4510 3034 4581 utrique
3072 4507 3421 4583 exprobrata

1853 4598 1959 4652 fuit
2004 4600 2395 4675 peregrinitas.
2450 4600 2536 4653 De
2579 4597 2840 4653 Charone
2880 4597 3025 4651 nihil
3068 4606 3311 4651 constat.
3358 4597 3418 4651 Si

1854 4705 2045 4741 versus
2074 4705 2142 4741 ex
2171 4686 2526 4741 Archilochis
2550 4686 2755 4759 petitus
2794 4695 2956 4753 esset,
2988 4684 3147 4758 quod
3182 4694 3421 4759 propter

1851 4882 2083 4937 Beatum
2106 4889 2157 4936 te
2180 4880 2387 4951 peperit
2410 4886 2583 4935 mater
2602 4880 3035 4951 spectaculorum
3056 4877 3306 4951 strepitu.
3500 4940 3505 4945 ,

2586 4972 2675 5021 54.
3068 4968 3088 5033 [
3107 4964 3412 5038 ρΙιαιιῐίἀοε.

1854 5076 1878 5102 «ι
1918 5054 2071 5122 Exue,
2102 5051 2319 5109 hederis
2364 5051 2615 5108 redimite
2643 5068 2757 5117 rex,
2796 5050 2967 5107 salve!
2996 5074 3022 5099 ι
3059 5050 3273 5106 dicebat
3314 5052 3417 5107 Ec·

1848 5140 2047 5196 Omnia
2076 5137 2315 5207 serenda,
2342 5138 2525 5195 omnia
2549 5136 2819 5205 audenda,
2849 5136 2975 5194 huic
3001 5134 3199 5193 Choro.

1853 5231 2217 5301 Praeterquam
2234 5228 2433 5285 Xeniae
2452 5227 2659 5300 legibus
2678 5234 2731 5283 et
2751 5225 3110 5294 SehoenioniS,
3128 5240 3160 5281 o
3176 5224 3415 5284 Charon.
