3809 5850
1584 381 1992 443 CRATlNUS.
3326 401 3393 450 41

156 520 340 574 amico
425 517 652 575 Cratini
690 515 848 572 dieta
887 527 1044 586 sunt,
1087 517 1328 571 mirante
1355 516 1588 571 nimiam
1619 513 1740 586 ejus

155 606 532 673 edacitatem3
573 603 654 662 cf.
694 604 770 661 fr.
821 622 914 678 19.

911 745 1004 799 ¹9·

240 847 614 904 Herodianus
653 849 744 902 De
771 844 906 901 diet.
937 845 1090 901 solit.
1123 861 1184 918 p.
1217 841 1318 913 38,
1363 841 1396 898 5
1430 863 1445 898 :
1477 839 1557 899 διὸ
1585 843 1742 918 μονῆ·

159 957 242 1012 ρες
274 934 417 992 κατὰ
460 933 550 992 τὸν
585 931 737 992 τόνον
773 930 948 1011 φαμὲν
997 921 1128 990 εἶναι
1165 928 1294 988 αὐτό
1323 930 1564 1009 (ὀστέον)
1590 949 1603 962 ·
1647 931 1742 989 οὐκ

159 1024 340 1097 ἀγνοῶ
378 1019 470 1094 δὲ,
497 1023 570 1087 ὣς
609 1019 704 1078 καὶ
733 1019 918 1078 ὀστοῦν
955 1018 1194 1096 λέγεται,
1225 1020 1296 1086 ὣς
1316 1018 1461 1099 παρὰ
1499 1015 1744 1098 Κρατίνῳ

161 1113 216 1168 ἐν
254 1112 338 1170 Π.

261 1235 424 1306 Ᾱλλ’
459 1232 598 1306 οὐδὲ
640 1237 908 1330 λάχανον
943 1231 1114 1303 οὐδὲν
1147 1230 1278 1304 οὐδ’
1316 1241 1529 1304 ὀστοῦν
1554 1238 1644 1304 ἔτι

267 1350 414 1436 ὁρῶ.

165 1485 366 1542 Codex
396 1483 512 1542 οὐδὲ
554 1482 665 1541 οὐδ’
693 1485 805 1543 aar.
845 1481 984 1554 ἔστι,
1013 1503 1138 1558 quae
1163 1485 1412 1540 correxit
1433 1484 1700 1544 Dindorf.

917 1615 1011 1653 20.

249 1711 441 1783 Etym.
489 1709 570 1763 M.
617 1727 682 1782 p.
729 1707 868 1780 267,
921 1707 990 1764 18
1047 1728 1060 1762 2
1112 1710 1299 1772 καῦνος
1333 1703 1437 1785 γὰρ
1472 1704 1682 1784 λέγεται
1719 1709 1748 1764 ὁ

163 1797 384 1874 κλῆρος.
415 1797 527 1873 Κρ.
558 1797 636 1854 Π.
679 1821 703 1846 α
734 1793 862 1854 Ἀπὸ
890 1793 1140 1874 προτέρω
1175 1792 1266 1852 τὸν
1307 1799 1496 1852 καῦνον
1523 1794 1746 1874 ἀριθμή-

164 1906 276 1950 σεις
298 1907 312 1920 ·
360 1911 386 1936 ι
437 1883 531 1941 καὶ
571 1881 710 1961 ἐγὼ,
759 1885 828 1949 ὡς
876 1881 1123 1941 Καυνίων
1162 1881 1394 1958 μάλιστα
1433 1881 1743 1961 χρωμένων.

167 1974 371 2028 Schol.
417 1975 717 2048 Aristoph.
764 1970 902 2028 Pac.
949 1971 1138 2050 1801,
1186 1969 1556 2028 διακαυνιάσαι
1595 1992 1609 2027 :
1659 1971 1749 2028 καὶ

167 2062 274 2136 Κρ.
316 2060 392 2118 Π.
443 2085 470 2108 ⁸
515 2056 647 2116 Ἀπὸ
692 2057 944 2137 προτέρω
993 2055 1083 2140 τὸν
1131 2059 1320 2115 καῦνον
1359 2055 1680 2136 άριθμήσεις.
1717 2083 1742 2108 ι.

163 2147 222 2206 Ἀ
231 2148 399 2213 λλως·
421 2145 542 2204 ἀντὶ
558 2149 653 2204 τοῦ
675 2146 1010 2223 κληρωθῆναι
1032 2146 1104 2211 ὥς
1123 2145 1226 2200 τῶν
1247 2143 1494 2204 Καυνίων
1517 2145 1750 2220 μάλιστα

168 2234 490 2314 χρωμένων,
535 2235 608 2300 ὥς
647 2233 740 2291 καὶ
778 2231 1062 2310 σιφνιάζειν
1116 2231 1208 2290 καὶ
1247 2233 1473 2310 χιάζειν.
1515 2238 1749 2308 Depra-

167 2325 444 2380 vatabaec
481 2334 541 2380 et
575 2324 810 2396 disjecta
834 2364 852 2394 ,
893 2341 1018 2396 quae
1051 2324 1130 2377 sic
1163 2322 1298 2377 olim
1327 2323 1590 2378 habuisse
1633 2341 1746 2378 sus·

165 2414 341 2486 picot
373 2430 390 2470 ε
427 2415 615 2486 Etym.
645 2413 723 2467 M.
771 2411 1052 2473 Καῦνος...
1081 2408 1298 2486 κλῆρος,
1345 2407 1590 2467 Καυνίων
1615 2410 1747 2486 μάλ.

167 2496 470 2579 χρωμένων
493 2499 588 2576 (h.
625 2521 678 2558 e.
708 2520 780 2557 eo
821 2519 986 2558 sensu
1015 2498 1245 2558 Cauniis
1263 2499 1508 2558 maxime
1535 2503 1746 2558 utenti-

67 2591 74 2594 ’
169 2595 286 2647 bus
315 2591 598 2647 vocabulo
625 2590 868 2666 καῧνος).
903 2591 1008 2667 Κρ.
1055 2590 1131 2648 Π.

274 2711 398 2781 ἐπὶ
429 2717 662 2808 ποτέρῳ
693 2714 800 2780 τὸν
839 2722 1054 2779 καῢνον
1091 2713 1438 2804 ἀριθμήσι-ις
1467 2719 1702 2798 καλῶς

175 2849 412 2930 Ποτέρου
437 2853 504 2907 ἰ11
541 2861 793 2908 mentem
829 2859 1062 2906 venerat
1098 2850 1383 2906 Meinekio
1415 2869 1538 2906 non
1570 2852 1750 2925 expli·

175 2953 302 2998 cata
337 2942 641 2998 sententia.
676 2939 958 3013 Equidem
997 2938 1091 2993 hic
1121 2940 1214 3013 agi
1239 2950 1384 3013 puto
1415 2937 1638 3013 ‚Cratini
1661 2940 1754 2995 di-

167 3032 422 3086 vortium
451 3050 584 3085 eum
609 3029 906 3085 Comoedia
930 3045 1114 3083 uxore
1133 3067 1152 3098 ,
1182 3046 1309 3101 quae
1336 3027 1656 3100 quaesiverit
1685 3048 1752 3084 ex

163 3118 366 3189 judice
394 3120 763 3174 eleeto·inter
784 3117 1088 3172 familiares
1107 3157 1126 3185 ,
1155 3117 1274 3171 utri
1305 3127 1440 3170 tunc
1469 3118 1653 3190 parti,
1676 3118 1754 3171 si-

167 3208 304 3262 bine
329 3224 404 3261 an
428 3206 696 3273 Cratino,
724 3213 882 3260 reete
903 3202 1377 3258 adnumeraturus
1397 3243 1414 3273 ,
1442 3204 1485 3260 i.
1509 3222 1562 3258 e.
1587 3202 1754 3274 adju-

167 3294 495 3363 dicaturus»,
535 3294 610 3349 sit
631 3292 1039 3367 possessionem
1065 3291 1352 3347 bonorum
1375 3291 1561 3348 adhuc
1590 3312 1752 3347 eom-

169 3385 456 3437 munium.
510 3383 853 3456 Importuna
889 3381 994 3435 ista
1023 3377 1114 3455 ml
1140 3376 1275 3456 ἐγὼ,
1306 3382 1374 3444 ὥς
1400 3391 1526 3438 orta
1551 3382 1756 3437 viden-

170 3482 266 3526 tur
307 3472 421 3526 hac
465 3472 820 3527 successione
861 3468 1205 3523 mendorum
1240 3468 1402 3533 καιῶς
1419 3511 1436 3539 ,
1463 3464 1612 3543 κάγὼ
1651 3470 1753 3540 ὡς,

169 3558 263 3615 καὶ
289 3556 398 3636 ἐγὼ
423 3561 512 3624 ὡς.
543 3559 816 3616 Similiter
857 3560 918 3612 in
959 3558 1180 3614 scholio
1223 3557 1636 3613 restituendum
1673 3568 1758 3613 est

163 3650 352 3712 καλῶς
377 3668 490 3723 pro
525 3650 722 3723 inepto
750 3644 940 3710 ἄλλως.
971 3648 1246 3702 Praeterea
1273 3645 1593 3701 scribamus
1617 3646 1754 3718 jun-

164 3740 274 3792 ctis
307 3735 627 3813 jungendis
649 3732 1018 3791 διακαυνιάσαι
1053 3753 1066 3787 :
1101 3730 1218 3789 ἀντὶ
1245 3736 1335 3790 τοῦ
1362 3733 1518 3811 κληρ.
1553 3734 1624 3797 ὡς
1651 3734 1754 3789 τῶν

169 3826 242 3885 Κ.
279 3848 345 3899 μ.
391 3845 489 3902 χρ.
521 3866 594 3883 ...
642 3821 878 3900 χιάζειν,
924 3823 985 3877 in
1029 3821 1243 3895 quibus
1290 3822 1438 3877 bene
1484 3821 1750 3877 Fritzseh.

167 3932 228 3987 p.
265 3921 416 3989 294,
457 3910 661 3989 χιάζειν
684 3930 794 3985 pro
811 3908 1034 3988 βιάζειν.
1064 3912 1150 3966 De
1173 3909 1404 3970 Cauniis
1426 3908 1755 3965 Herodotus

177 4021 226 4071 1,
262 4021 408 4075 172,
438 4001 651 4057 Strabo
690 4004 867 4073 ¹42P·
905 3998 1048 4071 964,
1089 3996 1162 4059 A.

922 4128 1018 4164 21.

249 4222 602 4281 Plutarchus
624 4222 738 4277 vit.
769 4220 894 4277 dee.
923 4228 1091 4277 oratt.
1125 4238 1186 4293 p.
1223 4218 1362 4286 833,
1393 4220 1467 4286 Ἀ,
1497 4216 1568 4273 tle
1589 4218 1754 4272 Anti-

169 4312 395 4385 phonte
425 4310 782 4365 Rhamnusio
816 4327 833 4362 t
882 4306 930 4362 οἱ
957 4303 1012 4362 δὲ
1040 4302 1142 4361 ὑπὸ
1169 4307 1273 4361 τῶν
1300 4302 1600 4383 ’Τριάκοντα
1627 4304 1755 4381 ἀνῃ-

171 4402 368 4473 ρῆσθαι
391 4393 556 4453 αὐτὸν
587 4395 909 4472 ἱστοροῦσιν,
946 4395 1018 4457 ὡς
1053 4390 1252 4457 Λυσίας
1277 4392 1330 4448 ἐν
1373 4394 1449 4470 τῷ
1491 4388 1624 4467 ὑπὲρ
1665 4392 1759 4460 τῆς

171 4484 524 4563 Ἀντιφῶντος
564 4480 819 4560 θυγατρὸς
846 4480 1020 4558 λόγῳ·
1050 4478 1254 4556 ἐγένετο
1277 4477 1382 4557 γὰρ
1413 4480 1556 4558 αὐτῷ
1599 4476 1755 4554 θυγά-

171 4594 336 4650 τριον,
373 4560 436 4629 οὗ
475 4568 856 4647 Κάλλαισχρος
883 4566 1251 4627 ἐπεδικάσατο.
1295 4565 1374 4624 ὅτι
1415 4566 1468 4623 δὲ
1512 4565 1615 4623 ὑπὸ
1655 4568 1759 4622 τῶν

175 4660 486 4736 Τριάκοντα
507 4655 786 4727 ἀπέθανεν,
798 4658 993 4733 ἱστορεῖ
1013 4652 1104 4712 καὶ
1128 4653 1448 4729 Θεόπομπος
1469 4656 1524 4711 ἓν
1543 4656 1608 4732 τῇ
1629 4675 1758 4710 πεν-

1835 512 2031 593 ἕτερος,
2073 515 2428 575 Λυσιδωνίδου
2470 513 2695 594 πατρὸς,
2724 505 2783 572 οὗ
2808 519 2911 594 Κρ.
2942 517 2993 574 ἐν
3026 518 3102 577 Π.
3136 520 3208 586 ὡς
3236 543 3401 592 πονη-

1838 607 1929 681 ροῦ
1958 601 2296 679 μνημονεύει.
2338 628 2361 654 οι
2392 605 2479 660 Ita
2506 605 2626 660 haec
2666 607 2891 680 scripsit
2928 609 3203 680 Taylorus
3240 614 3398 667 Lect.

1837 693 1969 764 Lys.
2006 691 2162 767 apud
2194 690 2490 747 Reiskium
2540 710 2597 761 7,
2644 711 2705 765 p.
2754 693 2891 762 273.
2938 695 3199 752 Eundem
3236 699 3403 754 Anti-

1834 778 2108 853 phontem
2126 820 2143 850 ,
2172 778 2532 854 Lysidonidis
2556 776 2758 846 filium,
2798 783 2981 837 riserit
3004 785 3405 859 Aristophanes

1837 869 2005 942 Vesp.
2052 867 2223 922 1301.
2270 867 2683 941 Antiphontem
2724 885 2758 923 a
2805 869 3195 943 Trigintaviris
3234 891 3401 928 neca-

1836 964 1958 1010 tum
1981 966 2390 1010 commemorat
2404 956 2573 1010 etiam
2594 956 2924 1029 Xenophon
2944 959 3094 1016 Heu.
3128 977 3184 1025 α,
3212 961 3269 1029 3,
3296 967 3402 1030 l.o;

1837 1061 2008 1117 quem
2052 1043 2297 1099 eundem
2326 1060 2443 1098 esse
2479 1059 2546 1097 ae
2588 1053 2849 1099 notatum
2889 1046 3059 1102 istum
3098 1065 3129 1104 a
3174 1048 3403 1105 Cratino

1840 1127 2042 1200 Πυτίνη
2064 1170 2080 1192 .
2112 1130 2285 1187 tradit
2309 1130 2661 1188 Plutarchus,
2700 1157 2724 1182 υ
2755 1133 2843 1188 Μ.

2568 1276 2665 1317 22.

1920 1387 2115 1443 Schol.
2178 1387 2430 1442 Platonis
2474 1386 2715 1442 Bekker.
2766 1407 2827 1461 p.
2864 1387 2969 1444 331
2992 1431 3009 1458 ‚
3062 1390 3133 1446 de
3186 1389 3407 1448 Chaere·

1837 1473 2058 1549 phonte
2084 1494 2095 1528 :
2138 1469 2372 1538 Εὔπολις
2396 1468 2491 1546 μὲν
2520 1461 2609 1529 οὗν
2650 1472 2705 1529 ἐν
2739 1471 2936 1532 Πόλεσι
2969 1471 3055 1531 διὰ
3079 1473 3175 1546 τὴν
3218 1475 3405 1554 χροιὰν

1842 1557 2053 1628 πύξινον
2106 1558 2264 1617 αὐτὸν
2326 1561 2507 1630 καλεῖ,
2555 1557 2930 1640 Ἀριστοφάνης
2990 1560 3035 1619 δ’
3091 1563 3143 1620 ἰν
3196 1561 3406 1639 Ὄρνισι

1847 1648 2067 1724 (1296)
2094 1646 2395 1726 νυκτερίδα·
2420 1649 2474 1706 ἐν
2499 1644 2554 1704 δὲ
2590 1649 2641 1708 Τ
2642 1648 2993 1724 ελμησσεῢσιν
3026 1647 3261 1728 (fragm.
3296 1653 3364 1709 15
3390 1655 3409 1727 )

1843 1737 1915 1801 ὣς
1958 1735 2391 1816 συκοφάντην
2438 1732 2813 1810 ἀποσκώπτει,
2866 1734 3016 1813 (καὶ)
3066 1739 3175 1815 Kp.
3214 1739 3287 1798 Π.
3336 1742 3409 1804 ὡς

1843 1823 2191 1904 αὐχμηρὸν
2234 1823 2324 1883 καὶ
2364 1820 2645 1894 πένητα.
2676 1825 2835 1882 Libri
2872 1825 2944 1891 εἰς
2979 1846 3167 1906 συκοφ.
3210 1827 3309 1886 ἀπ.
3350 1839 3410 1883 et

1845 1915 1919 1979 εἰς
1958 1914 2151 1990 αὐχμ.,
2199 1913 2270 1970 de
2316 1932 2435 1990 quo
2479 1912 2693 1968 mendo
2746 1912 2993 1969 diximus
3042 1914 3115 1971 ad
3170 1916 3413 1990 AEsehyli

1843 2003 1997 2058 Pers.
2048 2001 2200 2072 536,
2238 2020 2345 2058 nee
2380 2001 2705 2057 dubitamus
2734 2005 2873 2076 quin
2916 2004 3088 2058 etiam
3122 2003 3293 2060 schol.
3338 2004 3410 2059 ad

1844 2091 2095 2145 Platonis
2143 2091 2310 2164 Apol.
2355 2090 2517 2149 Soer.
2563 2108 2623 2163 p.
2669 2089 2806 2159 330,
2844 2091 3131 2164 scripserit
3166 2088 3280 2146 ἐπεὶ
3318 2091 3409 2147 καὶ

1843 2174 2136 2257 Ἄρχιππος
2180 2173 2405 2254 Ἰχθύσιν
2432 2176 2502 2240 ὣς
2528 2173 2665 2254 (pro
2698 2175 2799 2252 εἷς)
2832 2175 3027 2233 σκυτέα
3062 2175 3218 2235 αὐτὸν
3264 2173 3409 2234 σκώ-

1844 2285 1986 2322 πτει.
2026 2265 2213 2320 Etiam
2254 2258 2621 2320 ἀποσκώπτειν
2656 2281 2774 2319 11011
2814 2266 3047 2320 memini
3090 2284 3182 2322 me
3222 2267 3411 2341 legere

1847 2353 2005 2428 apud
2036 2354 2343 2427 scriptores
2364 2393 2381 2422 ‚
2421 2350 2521 2406 sed
2548 2347 2898 2408 ἐπισκώπτειν
2925 2371 3073 2409 eum
3099 2353 3269 2427 alias,
3292 2365 3413 2412 tum

1847 2441 2006 2518 apud
2044 2423 2510 2518 Xenophontem·
2532 2439 2867 2516 Cyropaedia
2884 2481 2901 2512 ,
2942 2441 3413 2500 Memorabilibus

1846 2533 2045 2602 Soet„
2084 2532 2406 2601 ConviviO„
2443 2533 2631 2604 Quare
2680 2532 2876 2586 malim
2934 2532 3274 2591 ἐπισκώπτει.
3325 2535 3411 2591 Cf.

1846 2620 2048 2694 fragm.
2076 2637 2173 2677 ao.

2586 2747 2679 2804 23.

1929 2882 2089 2940 Idem
2114 2882 2295 2939 schol.
2329 2901 2391 2957 p.
2424 2879 2561 2941 332:
2596 2877 2787 2940 Λύκων
2813 2878 2991 2957 μέντοι
3017 2877 3194 2960 πατὴρ
3213 2871 3278 2953 ἦν
3303 2883 3417 2941 Αὖ-

1847 2969 2094 3047 τολύκου,
2115 2968 2243 3029 Ἴων
2271 2968 2437 3046 γένος,
2462 2966 2641 3044 δήμων
2660 2968 2935 3048 Θορίκιος,
2954 2966 3037 3027 πί
3050 2991 3185 3040 νης,
3212 2972 3283 3037 ὡς
3304 2974 3406 3049 Κρ,

1852 3061 1951 3133 Π.,
1974 3057 2343 3138 Ἀριστοφάνης
2376 3055 2573 3137 Σφηξίν
2604 3057 2833 3135 (1301).
2861 3060 2947 3118 cf.
2976 3062 3147 3115 etiam
3174 3061 3409 3135 Lysistr.

1851 3146 1986 3204 265.
2042 3147 2127 3203 De
2174 3150 2442 3220 Lycone,
2496 3158 2697 3221 postea
2758 3148 3009 3204 Socratis
3060 3136 3414 3217 accusatore,

1849 3254 1907 3293 v.
1952 3235 2286 3292 Schneider.
2339 3234 2500 3308 praef.
2550 3234 2825 3309 Xenoph.
2880 3235 3062 3294 Anah.
3106 3255 3169 3310 p.
3218 3236 3313 3306 32,
3358 3250 3417 3292 et

1848 3324 2021 3379 Mein.
2055 3324 2200 3378 Hist.
2232 3322 2361 3379 erit.
2403 3322 2566 3379 Com.
2597 3340 2659 3395 p.
2700 3341 2831 3392 117,
2868 3324 2970 3396 qui
3004 3320 3218 3379 ibidem
3246 3328 3417 3381 etiam

1851 3410 1923 3465 de
1973 3410 2259 3481 Autolyco
2300 3426 2516 3483 puer0,
2574 3410 2835 3481 eorporis
2887 3422 3178 3467 venustate
3221 3411 3414 3487 claro,

1847 3498 2130 3571 exposuit.
2161 3496 2417 3553 Fortasse
2444 3496 2622 3551 satius
2646 3507 2759 3565 est,
2779 3506 3069 3569 postrema
3098 3498 3308 3553 horum
3334 3501 3414 3555 ita

1847 3586 2023 3641 scribi
2054 3614 2133 3627 --
2174 3578 2243 3649 ὡς
2280 3582 2385 3660 Κρ.
2430 3579 2655 3660 Πυτίνῃ.
2702 3579 2901 3660 Ἀριστ.
2949 3581 3169 3661 Σφηξίν.
3215 3587 3414 3660 Neque

1851 3675 2003 3729 enim
2044 3672 2452 3746 Aristophanes
2490 3688 2723 3745 quoque
2766 3674 3059 3745 Lyconem
3097 3672 3243 3728 dixit
3280 3692 3419 3748 pau·

1849 3780 2083 3838 pei-em,
2104 3763 2281 3817 immo
2316 3771 2509 3836 potest
2543 3771 2608 3815 ut
2629 3760 2803 3817 verba
2837 3758 2948 3838 Ἀρ.
2980 3760 3089 3839 Σφ.
3133 3761 3419 3838 adscripta

1846 3854 1963 3907 sint
1998 3850 2389 3924 superioribus
2430 3850 2501 3905 ab
2540 3850 2653 3905 alio
2692 3849 2941 3923 quodam
2960 3891 2977 3920 ,
3019 3853 3119 3925 qui
3146 3852 3258 3909 hoe
3290 3864 3417 3908 tan-

1849 3940 2149 3996 tummodo
2188 3938 2507 4013 significare
2534 3939 2732 4014 vellet,
2760 3940 2931 3995 etiam
2965 3941 3082 3996 illic
3110 3940 3267 4017 apud
3302 3941 3417 4001 Co·

1846 4031 2061 4085 micum
2081 4029 2437 4084 mentionem
2466 4025 2590 4083 fieri
2608 4028 2871 4101 Lyconis.

2590 4172 2684 4232 24.

1930 4297 2135 4355 Pollux
2162 4317 2254 4368 10,
2292 4296 2366 4353 58
2396 4318 2409 4353 ε
2442 4298 2470 4353 ὁ
2493 4294 2548 4353 δὲ
2578 4294 2705 4354 ἐνὼν
2726 4300 2790 4375 τῇ
2822 4294 3055 4353 πινακίδι
3084 4296 3101 4375 (
3128 4297 3317 4352 tabula
3342 4298 3417 4352 ad

1849 4386 2214 4443 scribendum
2234 4427 2251 4457 ,
2282 4384 2581 4460 pugillari)
2626 4382 2782 4461 κηρὸς
2800 4427 2815 4454 ,
2844 4381 2878 4453 ἢ
2904 4382 3079 4461 μάλθη
3102 4427 3117 4455 ,
3147 4380 3181 4453 ἢ
3213 4382 3413 4458 μάλθα.

1850 4472 2131 4549 Ἡρόδοτος
2162 4470 2257 4548 μὲν
2294 4470 2396 4550 γὰρ
2425 4470 2585 4550 κηρὸν
2617 4471 2792 4550 εἴρηκε
2817 4474 2908 4549 (7,
2939 4472 3113 4549 139),
3136 4473 3233 4549 Κρ.
3279 4469 3334 4527 δὲ
3363 4472 3417 4528 ἓν

1848 4566 1914 4640 τῇ
1942 4564 2014 4623 Π.
2046 4561 2309 4638 μάλθην
2341 4560 2463 4640 ἔφη.

1930 4656 2015 4708 De
2056 4653 2179 4707 aliis
2218 4650 2574 4725 fragmentis,
2602 4668 2730 4722 quae
2757 4650 2830 4705 ad
2859 4650 3099 4722 Pytinen
3134 4649 3420 4723 pertinere

175 4744 528 4823 τεκαιδεκάτῃ
559 4745 666 4801 τῶν
715 4744 1086 4803 Φιλιππικῶν.
1136 4742 1258 4800 ἀλλ’
1301 4732 1446 4809 οὗτός
1482 4764 1547 4820 γε
1582 4738 1644 4799 ἂν
1674 4738 1757 4813 εἴη
1851 4741 2141 4808 videntur,
2167 4758 2221 4796 ν.
2248 4737 2458 4797 Incert.
2494 4745 2625 4811 140,
2659 4736 2791 4810 157,
2825 4736 2956 4798 158.

931 5001 1018 5052 19.

193 5093 458 5230 *ἑὲ-ἕψε
475 5086 603 5143 olus
621 5082 802 5142 ullum
827 5099 1004 5155 neque
1027 5096 1088 5139 os
1117 5084 1354 5157 amplius

185 5188 232 5227 u
341 5216 354 5229 .

1853 5082 1979 5139 Utri
2011 5080 2149 5136 bona
2178 5080 2277 5136 rite
2298 4996 2682 5151 adjumeabssop-
