3809 5850
505 408 616 457 382

502 549 532 583 2
553 574 568 599 ,
596 548 626 583 α
664 550 676 583 :
711 524 982 586 ὑπόκειται
1016 532 1049 599 ἡ
1086 526 1214 607 ὀργὴ
1245 530 1334 599 τῆς
1364 527 1640 607 ὀλιγωρίας
1679 528 1806 610 πρὸς
1841 528 1960 595 τοὺς
1988 528 2063 605 μὴ

499 614 890 693 προσήκοντας,
917 614 1170 695 προσήκει
1204 614 1258 673 δὲ
1287 623 1393 683 τοῖς
1433 615 1616 687 ἥττοσι
1657 614 1733 693 μὴ
1775 618 2064 697 ὀλιγωρεῖν.

499 707 604 770 τοῖς
647 703 702 763 δᾶ
730 704 924 782 φίλοις,
962 704 1051 763 lviv
1079 728 1137 763 τε
1166 702 1242 783 μὴ
1272 694 1329 763 εὗ
1365 704 1586 783 λέγωσιν
1625 704 1662 777 ἢ
1698 708 1947 776 ποιῶσιν,
1976 705 2067 765 καὶ

497 790 573 847 ἔτι
617 791 818 867 μᾶλλον
861 790 952 850 ἐὰν
990 791 1240 850 τάναντία
1260 834 1276 861 ,
1316 789 1407 850 καὶ
1444 790 1533 852 ἐὰν
1573 790 1650 869 μὴ
1687 790 2036 850 αἰσθάνωνται
2052 837 2067 864 ,

499 875 679 956 ὥσπερ
710 880 739 935 ὁ
767 878 1099 954 Ἀντιφῶντος
1131 877 1439 949 Πλήξιππος
1472 882 1548 957 τῷ
1589 879 1917 959 Μελεάγρῳ·
1954 881 2068 937 ὀλι-

501 965 695 1044 γωρίας
720 964 822 1046 γὰρ
842 964 902 1025 τὸ
926 964 1002 1041 μὴ
1028 966 1364 1027 αἰσθάνεσθαι
1385 974 1625 1044 σημεῖον.
1651 970 1724 1028 Et
1749 969 1830 1027 ib.
1860 976 1933 1033 24
1964 988 1977 1024 ε
2008 967 2065 1025 ἔκ

503 1056 594 1111 τοῦ
619 1054 930 1133 Μελεάγρου
953 1058 1046 1113 τοῦ
1078 1053 1417 1136 Ἀντιφῶντος

580 1166 703 1245 Οὗχ
727 1164 814 1224 ἵνα
842 1164 1043 1225 admei
1069 1163 1208 1245 θῆρ’,
1233 1164 1376 1234 ὅπως
1397 1165 1453 1225 δὲ
1471 1164 1728 1245 μάρτυρες

581 1256 770 1333 ἀρετῆς
793 1256 1046 1333 γένωνται
1071 1252 1368 1335 Μελεάγρῳ
1397 1252 1522 1333 πρὸς
1548 1246 1803 1315 Ἑλλάδα.

503 1370 613 1441 Qui
641 1368 802 1424 locus
827 1386 896 1424 ex
921 1370 1167 1445 prologo
1195 1368 1400 1425 fabulae
1440 1368 1648 1444 petitus
1685 1366 1930 1437 videtur,
1960 1379 2070 1423 tra·

503 1456 701 1530 goediae
747 1454 1016 1531 quidem,
1064 1482 1088 1507 a
1145 1466 1210 1513 ut
1261 1458 1523 1534 pluribus
1565 1456 1780 1514 ibidem
1825 1456 2074 1513 ostendit

503 1547 591 1600 vir
615 1544 990 1605 doctissimus„

886 1730 1268 1797 Lxxxvm.
1317 1732 1682 1797 ΜΕΛΙΤΤΑ.

588 1908 613 1933 α
659 1886 883 1940 Nomen
920 1884 1326 1941 meretricium.
1367 1882 1570 1941 Athen.
1603 1887 1661 1953 4,
1697 1900 1758 1957 p.
1809 1880 1943 1953 157,
1969 1886 2019 1937 Α
2055 1900 2069 1937 2

501 1968 723 2047 γέλωτος
747 1960 834 2028 οὖν
872 1968 1236 2049 ἐπιρραγέντος
1265 1971 1440 2048 παρ’ἧν
1467 1970 1502 2041 ἡ
1541 1965 1915 2048 θεατροτορύνη
1948 1966 2077 2028 Μέ-

505 2061 678 2116 λισσα.
693 2058 806 2115 Sed
825 2059 947 2115 haec
966 2058 1218 2116 Athenaei
1242 2058 1410 2113 fuerit
1426 2058 1656 2132 aequalis
1675 2078 1688 2112 :
1709 2060 1902 2133 itaque
1922 2058 2077 2115 illam

505 2150 696 2223 potius
713 2147 988 2205 Melissam
1009 2146 1402 2215 intellexerim,
1425 2165 1599 2221 quam
1614 2157 1812 2221 postea
1829 2148 2077 2203 Maniam

505 2237 712 2294 dictam
749 2254 865 2293 esse
909 2237 1202 2293 memoriae
1235 2233 1493 2311 prodidit
1523 2236 1769 2291 Machon
1803 2236 1941 2292 Ath.
1982 2235 2075 2310 13,

505 2345 566 2401 p.
600 2325 736 2396 578,
757 2324 822 2383 G.
853 2348 880 2401 ις
909 2325 1068 2380 ΕΜ.
1427 2376 1436 2383 .

583 2411 838 2469 Stobaeus
877 2412 1076 2469 Floril.
1107 2410 1216 2487 59,
1249 2430 1342 2485 17,
1369 2430 1500 2467 cum
1539 2412 1803 2467 lemmate
1841 2408 2078 2489 Ἀντιφά-

503 2520 616 2565 νους
645 2496 929 2570 Μελίττης.

599 2606 722 2679 Ἐπὶ
766 2614 1063 2704 χρήμασιν
1091 2602 1177 2697 δ’,
1212 2611 1293 2677 ὢν
1320 2612 1578 2703 ἔμπορος
1601 2659 1620 2691 ,
1659 2618 1864 2703 φρονεῖ
1889 2613 2071 2704 μέγα,

599 2714 682 2783 ὧν
725 2719 852 2783 ἐστι
885 2715 1128 2783 πάντων
1159 2713 1189 2744 '⁸
1210 2712 1394 2781 ἐνίοτ’
1420 2712 1638 2807 ἄνεμος
1675 2719 1896 2809 κύριος.

503 2848 628 2904 lmo
672 2836 744 2903 {iv
786 2844 896 2903 ἔστι
943 2842 1156 2902 πάντων
1195 2832 1287 2912 εἷς
1325 2843 1357 2901 ὅ
1401 2842 1454 2923 γ’
1483 2844 1670 2921 ἄνεμος
1706 2844 1898 2919 κύριος.
1935 2849 2003 2905 V.
2047 2866 2069 2904 1

502 2936 634 2990 libri
685 2931 925 3014 χρήμασ’
954 2933 1130 3005 ἷνδῶν,
1187 2933 1349 3011 quod
1393 2935 1644 2992 correxit
1689 2936 1872 2992 Dobr.
1920 2936 2077 3010 apud

501 3023 818 3128 Por-sonum
851 3023 1140 3102 Aristoph.
1175 3042 1233 3102 p.
1266 3021 1397 3084 108.
1424 3021 1584 3082 Idem
1621 3023 1925 3102 proposuit
1954 3046 2077 3105 φρο-

502 3133 622 3178 νεις.
933 3137 940 3146 ·

895 3249 1048 3310 Lxx
1055 3249 1205 3311 xlx.
1248 3249 1668 3311 ΜΕΤΟΙΚΟΣ.

580 3405 786 3464 Athen.
819 3413 877 3475 4,
911 3425 976 3481 p.
1010 3424 1140 3477 170,
1178 3405 1228 3462 D
1259 3425 1272 3461 :
1305 3405 1410 3461 τῶν
1439 3401 1494 3462 δὲ
1532 3401 1794 3482 μαγείρων
1837 3402 2074 3483 διάφοροί

505 3513 636 3556 τινες
661 3481 800 3562 ἦσαν
823 3491 871 3549 οἳ
899 3490 1212 3568 καλούμενοι
1251 3489 1641 3572 τραπεζοποιοί.
1675 3492 1748 3558 εἷς
1785 3490 1814 3548 8
1844 3489 1900 3549 δὲ
1936 3483 2075 3551 οὗτοι

501 3577 998 3660 παρελαμόάνοντο,
1021 3582 1200 3659 σαφῶς
1217 3579 1535 3660 παρίστησιν
1555 3579 1695 3641 Ἀντ.
1723 3580 1776 3637 ἐν
1797 3579 2065 3662 Μετοίκῳ,

597 3763 694 3774 -
723 3717 1110 3816 Προσέλαὸον
1141 3723 1329 3790 ἐλθὼν
1357 3723 1592 3791 τουτονὶ

595 3823 1056 3920 τραπεζοποιὸν,
1075 3825 1139 3907 ὂς
1159 3834 1378 3894 πλυνεῖ
1391 3832 1570 3902 σκεύη
1594 3879 1613 3912 ,
1629 3832 1882 3922 λύχνους
1899 3827 1947 3896 θ’

599 3933 950 4024 ἑτοιμάσει,
999 3926 1267 4010 σπονδὰς
1299 3937 1544 4008 ποιήσει
1567 3985 1586 4020 ,
1614 3933 1796 4003 τᾶλλ’
1816 3937 1929 4002 ὅσοι

599 4041 794 4123 τούτῳ
825 4040 1133 4133 προσήκει.

502 4203 679 4256 Versu
704 4217 739 4254 α
774 4190 993 4274 λύχνους
1017 4195 1062 4254 θ’
1103 4192 1280 4253 codd.
1313 4193 1356 4254 A
1389 4193 1610 4272 λύχνους
1635 4192 1704 4254 τ’.
1742 4196 1951 4252 Praeter
1990 4215 2077 4252 ne-

504 4287 812 4342 cessitatem
834 4281 1234 4345 Jacobs.-Addi
1243 4291 1307 4342 tt.
1338 4301 1400 4359 p.
1438 4303 1459 4339 1
1477 4303 1498 4339 1
1515 4303 1537 4339 1
1559 4283 1944 4360 ‚particulam
1968 4283 2077 4339 de·-

504 4375 602 4432 let.

1117 4557 1446 4614 MELISSA.

504 4651 716 4726 Opibus
738 4659 924 4710 autem
947 4651 1221 4725 superbit,
1249 4669 1420 4726 quum
1440 4654 1512 4711 sit
1539 4663 1826 4723 mercator,

507 4754 744 4812 quorum
768 4740 1018 4796 omnium
1041 4755 1185 4795 unus
1213 4738 1440 4812 quidem
1470 4739 1727 4797 dominus
1752 4749 1834 4798 est
1861 4749 2071 4798 ventus.

1051 4853 1510 4923 QOLmUS.

511 4996 577 5005 -—
605 4963 887 5020 Profectus
904 4963 1183 5036 adsumpsi
1209 4963 1425 5024 huncce

507 5069 538 5108 a
570 5066 752 5108 mensa
767 5092 784 5120 ,
805 5051 899 5124 qui
931 5050 1186 5124 purgabit
1211 5067 1334 5109 vasa
1355 5095 1369 5122 ,
1397 5055 1605 5111 lumina

510 5142 740 5197 instruet
756 5179 772 5208 ,
799 5139 1080 5198 libationes
1099 5141 1346 5211 curabit,
1368 5150 1422 5200 et
1445 5145 1652 5216 reliqua
1673 5185 1686 5210 ‚

511 5241 633 5298 quae
657 5223 724 5281 ad
751 5225 899 5282 hunc
926 5227 1214 5298 pertinent.

1515 398 1784 458 MEDIAE
1829 396 2238 459 COMOEmAE
2284 396 2697 472 RELIQUIAE.

2511 593 2525 607 ·
2634 528 2649 541 ’
2706 565 2821 623 xe.
2872 564 3193 625 ΜΗΛΕΙΑ.

2247 708 2449 763 Pollux
2482 724 2538 778 7,
2567 706 2639 778 57
2676 728 2691 762 ι
2730 705 2842 764 ἔστι
2868 705 2925 763 δὲ
2950 706 3042 765 καὶ
3065 707 3231 784 χιτὼν
3254 707 3543 786 ἀμόργινος
3570 714 3740 783 (male

2164 796 2296 855 libri
2325 793 2628 873 ἀμοργικός.
2654 798 2741 853 De
2758 816 2793 852 κ
2810 806 2869 852 et
2887 816 2915 851 ν
2936 795 3181 851 confusis
3206 814 3267 853 v.
3310 814 3454 854 ann.
3488 799 3559 853 ad
3590 798 3719 855 Phe-

2164 895 2367 943 recrat.
2397 884 2569 960 Κρατ.
2608 902 2698 956 12,
2724 895 2833 942 etc.
2852 884 2896 961 ).
2930 880 3067 942 Ἄντ.
3094 880 3254 961 φησὶν
3276 883 3335 941 ἐν
3359 881 3571 961 Μηδείᾳ

2260 1034 2356 1046 ·-
2384 984 2473 1063 ἢν
2498 998 2694 1088 χιτὼν
2723 990 3070 1089 ἀμόργινοςῖ

2262 1105 2457 1195 ἕτερος
2486 1095 2555 1169 δὲ
2588 1102 2949 1195 περιηγητός
2978 1106 3139 1169 ἐστιν
3157 1125 3173 1138 ·

2165 1225 2340 1286 οὑτοσὶ
2372 1226 2419 1285 δ’
2443 1225 2547 1306 ἄρα
2568 1270 2587 1299 ,
2626 1228 2657 1284 ὃ
2682 1226 3028 1306 περιηγητὸς,
3056 1217 3187 1292 εἶδος
3220 1228 3473 1303 χιτῶνος.
3507 1251 3529 1277 α
3566 1228 3740 1301 Verba]

2164 1312 2326 1393 χιτὼν
2354 1312 2629 1393 ἅμόργινος
2666 1316 2903 1373 fortasse
2930 1335 3001 1374 ex
3030 1318 3143 1373 hoc
3171 1317 3307 1373 loco
3340 1322 3740 1371 commemorat

2166 1404 2359 1479 steph.
2378 1406 2611 1479 Byzant.
2641 1423 2698 1463 v·
2720 1396 2999 1481 Ἄμοργος.
3026 1407 3137 1460 Pro
3163 1393 3229 1474 ’ἧν
3260 1404 3383 1479 (sic
3411 1403 3575 1479 libri)
3600 1408 3694 1460 seri
3718 1438 3723 1443 -

2164 1491 2419 1547 bendum
2455 1492 2681 1549 videtur
2714 1487 2802 1563 ἢν,
2830 1512 2901 1549 en
2932 1495 3034 1547 tibi
3071 1492 3321 1551 tum'cam
3368 1500 3719 1565 amor-gitium.

2166 1579 2481 1637 Menander
2502 1600 2560 1655 p.
2594 1578 2668 1637 56
2702 1600 2717 1637 ε
2763 1578 2878 1637 ἀλλ’
2924 1576 2990 1648 ἢν
3017 1578 3183 1659 χιτών
3227 1604 3315 1639 σοι
3335 1624 3353 1652 ,
3382 1594 3499 1639 etc.
3528 1606 3553 1632 υ
3582 1584 3627 1635 Ε
3644 1585 3718 1639 Μ.

2164 1666 2277 1743 Qui
2302 1668 2471 1727 etiam
2491 1687 2519 1725 0
2530 1668 2558 1725 ὓ
2572 1688 2638 1725 το
2654 1665 2717 1724 σὶ
2732 1686 2865 1724 cum
2883 1672 3219 1745 Antiphanis
3234 1688 3414 1726 versu
3434 1668 3721 1741 conjunxit,
3739 1736 3740 1739 Ἴ

2173 1756 2389 1815 addens
2409 1745 2608 1833 (οὗτος)
2640 1754 2687 1814 δ’
2711 1752 2841 1834 ἄρα,
2866 1770 2977 1815 etc.

2558 1934 2712 1995 xCl.
2758 1935 3022 1995 MHTPA
3032 1936 3359 1995 ΓΥΡΤΗΣ.

2248 2090 2281 2128 ι(
2313 2071 2498 2146 Quam
2522 2068 2878 2149 Μηναγύρτην
2902 2072 3151 2147 appellat
3168 2072 3412 2127 Antiatt.
3442 2090 3502 2145 p.
3529 2070 3616 2138 88,
3643 2074 3715 2143 18,

2166 2178 2291 2216 cam
2316 2156 2700 2238 Μητραγύρτην
2718 2170 2886 2217 vocat
2908 2162 3113 2217 Athen.
3147 2180 3166 2215 ι
3181 2179 3237 2230 2,
3254 2180 3312 2235 p.
3334 2158 3481 2227 553,
3502 2160 3563 2227 C,
3588 2160 3715 2211 nullo
3739 2235 3740 2245 γ

2168 2247 2243 2303 ad
2268 2266 2491 2303 sensum
2508 2246 2862 2307 discrimine:
2884 2268 2941 2305 v.
2968 2248 3272 2305 Ruhnken.
3296 2247 3379 2302 ad
3400 2250 3447 2302 T
3450 2247 3584 2301 imaei
3602 2248 3713 2303 Lex.
3739 2262 3740 2266 ’

2169 2354 2227 2411 p.
2265 2353 2331 2392 11
2375 2346 2431 2392 et
2476 2336 2730 2393 Lobeck.
2778 2336 3061 2413 Aglaoph.
3096 2356 3156 2411 p.
3201 2334 3340 2413 645.
3396 2332 3715 2410 Μηναγύρτῃ
3739 2324 3740 2331 ’

2170 2425 2371 2481 docuit
2401 2427 2573 2481 etiam
2598 2424 2934 2483 Menander.
2966 2428 3187 2481 Horum
3212 2423 3540 2481 dramatum
3576 2441 3713 2496 argu-

2169 2524 2425 2571 mentum
2437 2512 2593 2570 haud
2609 2512 2919 2571 difficulter
2936 2516 3245 2591 perspicias
3256 2554 3273 2583 ,
3292 2514 3579 2588 siquidem
3600 2510 3711 2565 illud
3738 2506 3741 2535 ³

2168 2603 2567 2659 sacricolarum
2594 2620 2769 2677 genus
2804 2602 3169 2661 mendicandi
3204 2602 3561 2675 impudentia
3584 2598 3713 2654 frau-

2170 2690 2537 2763 dulentiaque
2578 2690 2788 2749 infame
2814 2702 2937 2749 erat
2983 2713 2996 2747 :
3044 2692 3119 2749 cf.
3160 2694 3221 2747 in
3261 2686 3616 2765 Μισοπονήρῳ
3648 2698 3717 2755 et,

2172 2797 2317 2852 quos
2356 2777 2556 2835 laudat
2592 2780 2780 2836 Reisk.
2809 2780 2883 2836 ad
2936 2782 3171 2855 Dionys.
3208 2781 3497 2837 Halicam.
3547 2778 3715 2849 Antiq.

2171 2868 2341 2921 Rom.
2369 2885 2425 2936 α,
2466 2885 2555 2942 ¹9·
2596 2892 2619 2915 υ
2652 2868 2703 2921 Ε
2732 2869 2817 2924 M.
3732 2878 3736 2880 ’

2928 2999 2982 3039 1.

2248 3091 2451 3151 Athen.
2486 3110 2545 3162 α,
2574 3111 2636 3169 p.
2664 3089 2797 3161 553,
2822 3091 2867 3152 C
2900 3112 2916 3148 ε
2961 3089 3093 3149 Ἀντ.
3138 3089 3195 3148 δὲ
3222 3091 3275 3147 ἐν
3308 3089 3407 3164 μὲν
3452 3089 3711 3159 Ἀλκήστιδι
3738 3120 3740 3130 ,

2166 3176 2327 3258 ἐλαίῳ
2353 3177 2470 3236 τινὰ
2500 3185 2635 3236 ποιεῖ
2664 3176 2938 3258 χριόμενον
2965 3176 3081 3243 τοὺς
3110 3178 3273 3244 πόδας
3292 3201 3306 3214 ·
3339 3179 3399 3236 ἐν
3426 3177 3482 3236 δὲ
3518 3181 3713 3253 Μητρα-

2165 3264 2329 3346 γύρτῃ
2354 3268 2483 3346 φησὶ
3736 3257 3741 3286 1

2262 3423 2358 3434 —
2386 3389 2513 3458 Τῆν
2536 3412 2603 3452 τε
2636 3379 2841 3470 παῖδ’,
2876 3385 3229 3477 ἀλείμματα

2263 3489 2424 3582 παρὰ
2448 3502 2561 3568 τῆς
2590 3493 2719 3558 θεοῦ
2753 3487 3087 3577 λαὸοῢσαν,
3124 3490 3185 3560 εὖ
3220 3491 3327 3558 τὸν
3351 3493 3491 3569 τοὺς
3512 3481 3675 3562 πόδας

2262 3598 2482 3662 ἐκέλευ’
2516 3596 2785 3688 ἀλείφειν
2828 3607 3095 3690 πρῶτον,
3144 3594 3277 3664 εἶτα
3302 3595 3385 3664 τὰ
3412 3597 3651 3688 γόνατα·
3738 3651 3740 3688 4

2264 3708 2342 3778 ὡς
2372 3703 2592 3769 θᾶττον
2628 3707 2664 3775 ἡ
2696 3710 2838 3780 παῖς
2878 3699 2935 3769 δ’
2967 3701 3149 3792 ἥψατ’
3185 3707 3365 3769 αὐτοῦ
3388 3711 3509 3768 τῶν
3534 3691 3707 3766 ποδῶν
3730 3753 3741 3786 ·r

2177 3801 2215 3871 5
2269 3805 2472 3900 ἔτριψέ
2505 3812 2597 3894 τ’,
2636 3803 3037 3882 ἀνεπήδησεν.

2168 3935 2513 3992 Libri-versu
2555 3955 2587 3992 α
2624 3937 2926 4011 putide-ac
2945 3935 3253 4005 mendose,
3280 3951 3383 3994 nec
3422 3937 3536 3991 sine
3568 3932 3734 3986 soloe·⁴

2169 4025 2343 4079 cismo
2362 4063 2381 4094 ,
2400 4021 2555 4099 2026„
2586 4011 2702 4082 εἶτα
2729 4023 2848 4091 τοὺς
2866 4046 2928 4082 π.
2956 4022 3067 4085 Τὸν
3088 4025 3255 4101 posui
3278 4043 3389 4100 pro
3418 4026 3607 4082 τοῦτον.
3640 4023 3703 4076 De
3739 4073 3740 4082 ,

2170 4129 2201 4162 α
2232 4121 2289 4166 et
2310 4129 2366 4166 ον
2395 4112 2543 4168 inter
2562 4129 2623 4167 se
2645 4115 2979 4188 permutatis
3016 4113 3091 4168 ef.
3140 4131 3275 4172 ann.
3320 4112 3395 4168 ad
3434 4111 3589 4169 Iliad.
3618 4109 3707 4172 αἳ,

2171 4196 2305 4270 238,
2338 4199 2397 4253 in
2420 4197 2572 4256 Add.
2607 4203 2782 4262 Hom.
2814 4201 2931 4261 vol.
2978 4200 3047 4272 6,
3078 4219 3139 4275 p.
3180 4199 3317 4276 396.
3360 4204 3424 4257 V.
3474 4208 3504 4268 Ι,
3558 4197 3703 4254 iidem

2169 4286 2282 4342 sere
2334 4287 2367 4354 ἡ
2408 4306 2468 4342 π.
2512 4284 2738 4364 διήψατο
2778 4288 2967 4360 αὐτοῦ,
3008 4307 3135 4363 quae
3169 4290 3389 4344 curavit
3436 4287 3701 4362 Koppicts.

2175 4372 2418 4431 ObserV.
2453 4393 2510 4447 p.
2536 4373 2635 4434 38.

2816 4545 3090 4601 MEDEA.

2102 4679 2107 4684 .
2172 4657 2243 4669 —
2281 4631 2361 4683 En
2394 4630 2679 4701 amorgina
2704 4631 2915 4686 tunica!

2171 4714 2338 4770 altera
2368 4729 2493 4771 vero
2522 4731 2757 4788 purpura
2784 4725 2868 4772 est
2902 4717 3274 4772 circumtexta.

2695 4803 3232 4860 METRAGYRTA.

2248 4917 2299 4928 —-
2341 4888 2410 4941 Et
2434 4886 2669 4958 puellam
2688 4886 2880 4958 jussit,
2906 4887 3140 4959 acceptis

2242 4990 2273 5030 a
2302 4973 2404 5030 dea
2428 4976 2723 5045 unguentis
2741 5017 2755 5044 ,
2783 4976 3022 5047 primum
3050 4975 3182 5031 huic
3300 4975 3309 4984 ‘

2252 5059 2387 5114 bene
2414 5059 2577 5131 pedes
2597 5075 2802 5131 ungere
2816 5102 2831 5127 ,
2852 5059 2979 5116 dein
3008 5075 3216 5133 genum

2252 5144 2579 5215 simulatque
2608 5153 2790 5200 autem
2815 5145 2990 5216 puella
3012 5143 3175 5217 pedes
3200 5143 3319 5216 eJ‘us

2181 5237 2217 5284 ‚5
2254 5230 2433 5301 tetigit
2457 5237 2512 5285 et
2540 5229 2783 5300 fricavit,
2816 5231 3049 5287 exsiluit.
