3809 5850
1501 444 2079 527 pncREan‘i-ES,
3329 468 3404 519 93

930 566 983 623 5.

233 673 393 731 Idem
411 675 500 732 ih.
536 676 685 751 968,
714 677 971 757 τραχήλι’
1000 680 1160 739 ἐσθίει
1190 702 1205 743 :
1236 684 1304 741 τὸι
1342 685 1605 764 κεφάλαια
1634 692 1741 749 τῶν

158 752 345 837 ἰχθύων
375 764 449 829 ὥς
468 764 774 838 ἅκανθώδη.
808 766 919 827 Καὶ
946 770 1023 829 Φ.
1044 772 1099 828 ἐν
1127 770 1499 851 Ἐπιλήσμονι·

250 870 449 957 ὅστις
484 884 789 973 παρέθηκε
820 885 1014 978 κρανί’
1052 885 1089 960 ἢ
1123 893 1445 983 τραχήλια.

156 1009 319 1063 Libri
350 1010 504 1065 mira
529 1014 913 1087 corruptione
939 1013 1029 1072 καὶ
1060 1016 1139 1077 Φ.
1172 1018 1227 1075 ἐν
1251 1016 1545 1101 Ἐπιστολῇ
1567 1019 1741 1099 μόνιός

162 1115 229 1159 τις
250 1095 531 1174 παρέθηκε
559 1095 775 1177 κράνην.
804 1104 943 1175 Quae
964 1106 1275 1164 rectissime
1297 1110 1589 1185 expedivit
1605 1114 1741 1170 Mei-

158 1184 381 1243 nekius.

924 1313 960 1370 6

229 1421 403 1480 Idem
445 1422 533 1480 ib.
568 1422 708 1499 542,
748 1424 821 1482 de
860 1424 1176 1508 θαλλοφορία
1218 1450 1419 1501 senum
1462 1435 1523 1489 in
1548 1436 1733 1491 Pana-

164 1509 391 1566 thenaeis
416 1530 431 1564 :
468 1506 804 1583 Μνημονεύει
822 1516 915 1571 τοῦ
934 1512 1077 1581 ἔθους
1106 1518 1361 1596 Κρατῖνος
1390 1520 1445 1578 ἓν
1473 1520 1733 1594 Δηλιάσι,

163 1594 243 1652 καὶ
270 1598 355 1657 Φ.
390 1595 439 1655 δ’
458 1598 517 1655 ἐν
538 1595 929 1675 Ἐπιλήσμοσιν
956 1606 1073 1683 (sic
1088 1604 1130 1681 ).

669 1783 700 1792 -
917 1736 976 1787 7·

230 1824 497 1881 Enstath.
538 1825 615 1882 ad
636 1828 805 1885 Hom.
834 1847 897 1903 p.
928 1848 1063 1900 707,
1098 1828 1171 1888 36
1198 1849 1213 1890 :
1252 1830 1391 1890 κατὰ
1422 1834 1729 1896 Παυσανίαν

152 1912 231 1969 Φ.
286 1918 433 1968 ποιεῖ
482 1933 601 1969 τινα
652 1912 1049 1989 ἑκμασσόμενον
1092 1916 1197 1977 ἀπὸ
1236 1925 1463 1999 πυρετοῦ
1509 1921 1729 2002 λέγοντα

154 2025 175 2045 ι
198 1996 309 2055 Τὸν
332 1998 539 2076 ἱδρῶτα
562 1998 657 2056 καὶ
685 1997 784 2071 τὴν
810 2000 1066 2079 ἀρδαλίαν
1091 2004 1187 2061 ἀπ’
1208 2006 1339 2082 ἐμοῦ
1366 2007 1671 2088 σπόγγισον.
1700 2042 1724 2067 n

151 2086 351 2142 Scribe
394 2085 595 2166 ἄρδαν,
632 2100 699 2145 ut
736 2090 889 2147 idem
931 2092 1007 2149 ad
1038 2091 1245 2168 Odyss.
1278 2115 1339 2171 p.
1384 2098 1554 2172 1761,
1594 2120 1671 2177 29
1710 2123 1721 2157 :

153 2172 404 2230 συνάπτει
446 2171 507 2231 δὲ
556 2176 1001 2253 (Aristophanes
1038 2184 1477 2261 grammaticus)
1528 2185 1727 2256 τούτοις

155 2258 345 2325 ξενικὸν
371 2268 391 2338 (
412 2264 455 2318 i.
480 2281 536 2319 e.
562 2260 772 2332 ξενικῶς
788 2268 961 2325 Both.
986 2269 1005 2344 )
1032 2268 1203 2327 καὶτὸ
1222 2270 1545 2347 ἅρδαλῶσαι,
1569 2272 1727 2353 ἤγουν

158 2350 406 2424 μολῦναι,
436 2348 613 2429 φέρων
640 2350 731 2409 καὶ
757 2351 819 2410 τὸ
843 2352 957 2424 Τὴν
988 2353 1084 2431 μὲν
1110 2354 1273 2436 άρδαν
1296 2357 1391 2415 ἀπ’
1410 2360 1538 2434 ἐμοῦ
1562 2362 1725 2443 σπόγ-

156 2458 317 2509 γισον.
340 2438 651 2497 Erotianus
674 2442 857 2499 Gloss,
888 2445 1169 2520 Hippocr,
1196 2466 1257 2521 p.
1287 2448 1364 2523 98
1384 2450 1505 2522 Fr„
1530 2448 1587 2509 'A
1598 2452 1720 2531 ρδα·

160 2524 241 2579 λον
267 2545 284 2579 :
314 2522 483 2602 ῥύπον
510 2524 545 2595 ἢ
576 2528 869 2605 μολυσμόν·
890 2530 987 2588 καὶ
1013 2530 1116 2611 γὰρ
1156 2532 1217 2590 τὸ
1247 2536 1468 2610 μολῦναι
1494 2536 1529 2609 ἢ
1560 2542 1724 2617 ῥυπᾶ·

160 2634 237 2667 ναι
280 2612 593 2689 ἃρδαλῶσαι
630 2614 875 2693 λέγεται,
911 2617 1002 2677 καὶ
1043 2619 1267 2699 ἄρδαλος
1296 2622 1564 2703 ἅνθρωπος
1590 2631 1619 2685 ὁ
1648 2626 1723 2703 μὴ

162 2702 391 2777 καθαρῶς
414 2702 540 2768 ζῶν·
562 2701 830 2778 μέμνηται
850 2710 945 2779 τ’ῆς
971 2706 1155 2776 λέξεως
1177 2711 1523 2791 Φερεκράτης
1546 2714 1725 2796 (male

160 2788 324 2845 codd.
376 2788 731 2870 Φερεκύδης)
775 2793 829 2851 ἐν
874 2795 1171 2876 Θαλάσσῃ,
1222 2798 1313 2856 καὶ
1356 2800 1621 2879 Φιλήμων
1670 2806 1724 2863 ἐν

168 2873 477 2956 Πανηγύρει.
497 2877 691 2953 Quare
712 2900 939 2942 versum
957 2886 1071 2944 hnc
1088 2888 1277 2948 retuli.
1302 2912 1329 2943 υ
1358 2892 1447 2952 Μ.
1466 2892 1721 2953 Scriben-

162 2965 283 3020 dmn
306 2970 484 3042 igitur
507 2972 681 3028 attice
710 2991 723 3028 ε

244 3082 363 3148 Τὸν
400 3076 639 3176 ἱδρῶτα
682 3087 786 3154 καὶ
831 3093 945 3164 τὴν
988 3085 1173 3184 ἅρδαν
1214 3091 1325 3162 ἀπ’
1362 3101 1506 3189 ἐμοῦ
1540 3101 1710 3194 σφόγ-

858 3229 901 3254 ¹·
1527 3231 1720 3299 γισον.

437 3353 583 3416 Vll.
632 3355 871 3419 ΙΠΝΟΣ
912 3361 963 3420 Η
1010 3363 1425 3428 ΠΑΝΝΥΧΙΣ.

919 3529 971 3568 1.

216 3644 429 3702 Athen.
466 3643 563 3713 13,
594 3663 657 3720 Ρ.
690 3647 832 3717 612,
864 3651 911 3704 Α
941 3647 1143 3707 εκακόν
1170 3671 1230 3728 γε
1258 3651 1317 3710 τὸ
1346 3652 1491 3722 τέλος
1514 3657 1609 3726 τῆς
1638 3657 1719 3715 εὖ·

152 3727 413 3804 ἒιιμονίας
448 3733 527 3810 τῷ
556 3732 825 3815 φιλοσόφῳ
852 3735 1009 3813 (haec
1033 3741 1109 3816 τῷ
1132 3739 1243 3818 φιλ.
1274 3761 1383 3816 pro
1408 3746 1596 3819 glossa
1615 3747 1719 3804 ha-

149 3819 240 3873 beo
264 3823 283 3896 )
318 3823 356 3889 ἡ
382 3819 659 3900 μυρεψικὴ
684 3821 847 3901 τέχνη
866 3868 884 3897 ,
918 3825 1209 3894 ἀκολούθως
1236 3851 1296 3904 γε
1319 3834 1385 3909 τῇ
1405 3832 1723 3912 Σωκράτους

146 3907 445 3986 φιλοσοφίᾳ,
494 3909 682 3988 ἀνδρὸς
716 3916 806 3968 τοῦ
836 3911 929 3970 καὶ
976 3911 1069 3984 τὴν
1106 3914 1351 3988 τοιαύτην
1389 3922 1577 3998 χρῆσιν
1618 3924 1720 3980 τῶν

144 3990 311 4070 μύρων
352 3997 855 4071 ἀποδοκιμάσαντος
874 4044 891 4073 ,
947 4001 1186 4070 Σόλωνος
1224 4005 1278 4062 δὲ
1316 4011 1405 4064 τοῦ
1444 4007 1719 4084 νομοθέτου

140 4081 235 4136 ‘³23‘
262 4083 649 4162 ἐπιτρέποντος
674 4088 824 4166 ἀνδρὶ
855 4087 1097 4160 τοιαύτης
1133 4087 1481 4170 προΐστασθαι
1507 4091 1715 4176 τέχνης.

136 4166 205 4223 ἕιὸ
226 4171 325 4227 καὶ
343 4173 431 4234 Φ.
466 4174 525 4230 ἐν
556 4172 721 4254 Ἰπνῷ
742 4172 777 4244 ἣ
814 4177 1104 4256 Παννυχίδι
1123 4179 1253 4259 φησὶ

220 4281 420 4369 Koitai
453 4295 835 4380 μυροπωλεῖν
863 4291 930 4356 τί
953 4290 1193 4381 μαθόντ’
1218 4289 1388 4388 ἄνδρ’
1415 4300 1588 4390 ἐχρῆν
1612 4325 1718 4365 κα-

1933 580 2177 671 ὑψηλῶς
2208 586 2326 651 ὑπὸ
2357 580 2672 674 σκιαδείῳ,
2706 596 3259 683 κατεσκευασμένον

1933 680 2235 780 συνέδριον
2278 698 2404 768 τοῖς
2445 694 2856 783 μειρακίοισιν,
2889 703 3104 763 λαλεῖν
3136 693 3176 763 δ
3183 696 3216 764 ι’
3249 703 3404 791 ἡμέ-

3269 832 3402 897 Ραςὶ

2489 927 2522 959 ν.
2565 928 2597 960 ιν
2638 926 2670 959 ¹*
2711 930 2744 961 -ιι

1828 1078 1833 1083 -
1858 1076 1869 1085 -
1930 1036 2141 1106 Αύτίκ’
2154 1034 2350 1119 οὐδεὶς
2373 1036 2512 1109 οὐδὲ
2545 1044 2928 1139 μαγείραιναν
2960 1042 3085 1113 εἶδε
3109 1050 3360 1116 πώποτε

1929 1139 2065 1212 οὐδὲ
2094 1151 2210 1239 μὴν
2243 1142 2368 1215 οὐδ’
2409 1148 2912 1243 ἰχθυοπώλαιναν.

1760 1344 1772 1355 ·
1829 1272 1993 1333 Libri
2021 1273 2182 1333 καλόν
2204 1298 2296 1353 γε,
2331 1278 2667 1337 confusione
2703 1281 3119 1355 adjectivorum
3155 1282 3316 1349 κακὸς
3343 1298 3402 1344 et

1828 1359 2012 1433 καλὸς,
2074 1382 2249 1438 quam
2315 1384 2463 1440 saepe
2521 1368 2980 1442 observavimus3
3045 1374 3401 1432 verisimilius

1826 1452 1982 1505 enim
2001 1451 2114 1507 hoc
2142 1464 2227 1509 est
2247 1471 2421 1527 quam
2447 1452 2507 1511 οὗ
2535 1456 2846 1529 excidisse,
2873 1460 2979 1514 etsi
3015 1458 3138 1530 ejus
3165 1480 3400 1537 quoque

1826 1537 2039 1592 erroris
2085 1556 2204 1593 non
2251 1540 2454 1596 desunt
2490 1544 2768 1617 exempla.
2818 1547 2994 1601 Versu
3044 1565 3069 1602 ι
3117 1548 3250 1604 libri
3295 1570 3398 1606 κα·-

1824 1624 2247 1703 ταμυροπωλεῖν.
2286 1628 2550 1704 Optimus
2583 1628 2797 1704 μαθόντ’
2831 1628 2894 1687 ἂν
2933 1630 2989 1689 δὲ
3030 1635 3193 1712 χρῆν·
3222 1640 3398 1693 ceteri

1825 1710 2007 1786 μαθὼν
2047 1710 2202 1771 τάνδε
2243 1735 2333 1792 χρ.
2386 1716 2648 1775 Correxit
2689 1718 3013 1777 Erfurdtius
3060 1740 3075 1775 ε
3124 1724 3400 1781 Dobraeus

1822 1817 1962 1856 vero
1977 1799 2030 1858 τί
2045 1800 2260 1860 παθόντ’
2277 1824 2296 1875 3
2316 1800 2378 1859 ἂν
2397 1800 2450 1860 δὲ
2466 1802 2798 1882 χρῇ,καθήμ.
2829 1808 2906 1869 V.
2936 1827 2969 1863 2
2995 1809 3128 1865 libri
3156 1809 3397 1891 σκιαδίῳ,

1826 1886 1859 1943 3
1876 1888 2136 1969 συνέδριον
2157 1882 2218 1948 οὗ
2236 1898 2342 1959 τοῖς
2369 1894 2682 1971 μειρακίοις·
2708 1895 2882 1953 ἐλάλει
2903 1895 2971 1952 δι’
2989 1898 3089 1974 ἡμ.
3111 1898 3396 1957 Probabi-

1820 1977 1952 2033 liter
1985 1978 2162 2039 Mein.
2204 1977 2570 2059 μειρακίοισιν,
2608 1981 2788 2039 λαλεῖν
2829 1984 3154 2060 (intellecto
3187 1984 3326 2045 ὥστε
3351 1986 3392 2067 ).

1820 2064 1992 2137 Quod
2015 2066 2256 2122 alterum
2281 2070 2561 2144 proponit
2578 2068 2863 2147 μειρακίοις
2877 2072 3156 2131 συλλαλεῖν
3181 2073 3247 2131 δι’
3277 2077 3396 2151 ἡμ.,

1818 2171 1927 2226 per
1970 2172 2030 2209 se
2070 2155 2306 2227 quidem
2345 2175 2468 2211 non
2511 2156 2792 2233 displicet,
2831 2160 2934 2217 sed
2973 2162 3276 2219 molestum
3310 2174 3398 2221 est

1817 2250 2060 2315 propter
2075 2242 2256 2298 simile
2272 2244 2432 2317 quod
2447 2245 2750 2318 antecedit,
2765 2244 3049 2327 συνέδριον.
3071 2253 3138 2306 V.
3164 2248 3198 2307 5
3217 2252 3390 2307 codd.

1820 2328 1879 2384 οὐ
1905 2326 2012 2403 μὴν
2037 2331 2402 2387 emendatum
2433 2351 2468 2389 a
2488 2331 2798 2391 Meinekio.

2579 2471 2637 2513 2.

1898 2562 2135 2621 Photius
2161 2584 2222 2640 p.
2252 2565 2391 2639 626,
2423 2586 2484 2642 9,
2515 2564 2812 2628 Ὗπόὸολον
2845 2590 2858 2627 :
2901 2570 3242 2649 ὑποκείμενον
3267 2572 3396 2655 πρὸς

1820 2647 2018 2708 δάνειον
2043 2652 2135 2709 καὶ
2163 2653 2329 2711 τόκον.
2357 2655 2437 2714 Φ.
2465 2653 2646 2734 Ἰπνῷ·

1915 2814 2014 2825 -—-
2041 2782 2179 2869 Οὐχ
2213 2784 2349 2871 ὁρᾷς
2375 2786 2488 2855 τήν
2516 2781 2712 2849 οἰκίαν

1917 2886 2030 2958 τὴν
2061 2884 2492 2966 Πουλυτίωνος
2529 2889 2811 2982 κειμένην
2845 2884 3151 2964 ὑπήὸολον
3167 2915 3194 2974 ,·

1818 3012 2013 3069 Codex
2059 3032 2225 3072 versu
2272 3035 2306 3071 2
2355 3017 2582 3088 Πολυτ.,
2627 3031 2684 3076 et
2712 3016 2968 3078 ὑπόὸολον
2987 3063 3006 3096 ,
3051 3022 3153 3079 sed
3187 3021 3394 3083 Suidas

1820 3093 2122 3170 Ὑπήὸολον
2167 3120 2182 3160 :
2215 3103 2555 3179 ὑποκείμενον
2593 3103 2723 3182 πρὸς
2769 3105 2998 3180 δάνειον,
3039 3127 3168 3184 quae
3207 3111 3391 3168 forma

1818 3200 2004 3246 metro
2034 3195 2314 3267 congruit.
2364 3194 2688 3250 Eustathius
2728 3196 2960 3268 quidem
2983 3197 3056 3254 ad
3093 3198 3296 3274 Odyss.
3327 3218 3389 3274 Ρ.

1826 3277 1998 3350 1405,
2028 3298 2102 3336 22
2133 3299 2148 3336 :
2195 3278 2453 3338 ὑπόὸολον
2478 3283 2536 3338 οὗ
2562 3279 2718 3356 μόνον
2741 3281 2800 3340 τὸ
2825 3281 2974 3361 παρὰ
3002 3287 3109 3350 τοῖς
3130 3286 3391 3360 νομικοῖς,

1818 3364 1954 3423 ἀλλὰ
1997 3365 2090 3424 καὶ
2113 3366 2176 3424 τὸ
2208 3365 2671 3443 ὓποὸεὸλημένον,
2713 3368 2872 3447 ἤγουν
2895 3370 3234 3448 ὑποκείμενον
3261 3375 3392 3454 πρὸς

1819 3452 2019 3512 δάνειον
2047 3453 2142 3512 καὶ
2166 3453 2349 3531 τόκον,
2372 3453 2476 3512 εἴτε
2497 3453 2680 3533 ἀγρὸς,
2703 3455 2810 3515 εἴτε
2837 3447 2974 3524 οἶκος
2991 3503 3009 3534 ,
3033 3459 3138 3516 εἴτε
3156 3459 3286 3518 ἄλλο
3312 3483 3384 3519 τι.

1816 3541 1896 3601 Φ.
1940 3541 2064 3620 Οὐχ
2210 3541 2540 3609 Πολυτίωνος
2573 3541 2724 3622 (sic)
2769 3544 2860 3602 καὶ
2900 3543 3189 3623 ὑπόὸολον;
3233 3548 3391 3618 δῆλον

1818 3625 1903 3700 δὲ,
1931 3625 2010 3686 ὅτι
2035 3629 2126 3686 καὶ
2158 3627 2328 3707 ἕτερον
2348 3619 2412 3701 ἦν
2434 3627 2737 3703 ὓπώὸολον,
2774 3632 3000 3692 ἰκτεῖνον
3021 3631 3114 3704 τὴν
3141 3635 3389 3714 παραλή-

1818 3735 2014 3789 γουσαν
2032 3757 2048 3786 ,
2088 3713 2180 3773 καὶ
2228 3717 2416 3788 δηλοῦν
2465 3718 2526 3776 τὸ
2572 3717 2913 3795 ὑποκείμενον
2961 3718 3050 3779 ἐπὶ
3097 3719 3390 3802 ὀόολιμαίῳ

1816 3805 1973 3882 τόκῳ.
2006 3805 2119 3862 Sed
2158 3807 2271 3862 hoc
2303 3807 2551 3863 alienum
2580 3809 2827 3882 videtur,
2865 3812 3124 3885 quamvis
3167 3815 3388 3887 reposi-

1819 3904 1940 3948 tum
1985 3893 2142 3969 apud
2178 3895 2446 3951 Photium
2489 3915 2521 3952 a
2560 3898 2816 3952 Porsono
2869 3897 3106 3959 AdverS.
3138 3919 3202 3974 Ρ.
3243 3899 3381 3974 295.

1818 4006 1841 4031 α
1868 3983 2138 4038 Formam
2185 3985 2437 4039 ionicam
2477 3985 2727 4041 nominis
2787 3983 3058 4044 Πολυτίων
3099 3987 3387 4046 Andocidi

1817 4071 1901 4124 De
1929 4083 2094 4144 myst.
2145 4071 2182 4147 S
2233 4091 2327 4142 12,
2364 4080 2458 4142 14,
2497 4085 2556 4129 et
2583 4075 2762 4148 Lysiae
2803 4092 2874 4130 ex
2919 4076 3094 4134 codd.
3141 4079 3388 4132 restituit

1814 4159 2139 4228 Bekkcrus;
2167 4159 2242 4217 cf.
2271 4161 2508 4220 Boeckh.
2553 4162 2774 4235 Explic.
2797 4159 2969 4222 Pind.
2996 4181 3060 4238 p.
3087 4163 3226 4232 415.
3245 4183 3385 4221 ean-

1812 4245 1944 4301 dem
1971 4257 2201 4304 tuentur
2235 4248 2369 4304 libri
2401 4249 2678 4305 AEschinis
2720 4251 2943 4308 Socrat.
2975 4253 3146 4325 Eryx.
3173 4270 3233 4327 p.
3269 4251 3382 4327 395

1812 4346 1870 4390 et
1898 4341 2014 4401 400
2055 4353 2071 4394 ε
2108 4337 2316 4410 quibus
2345 4355 2412 4395 ex
2441 4337 2586 4393 locis
2617 4340 2782 4395 simul
2819 4338 3175 4415 intelligitur,
3202 4341 3380 4415 Puly-

1465 4405 1540 4478 θή
1545 4431 1715 4495 μενον
1814 4424 1984 4478 tionis
2006 4423 2150 4479 aedes
2166 4466 2181 4494 ‚
2211 4425 2360 4481 inter
2392 4436 2622 4500 portam
2646 4427 2928 4483 Piraicam
2950 4438 3004 4484 ct
3031 4429 3384 4485 Cet-amicum

116 4693 491 4770 Quicumque
517 4703 775 4771 apposuit
801 4621 983 4774 capita
1014 4703 1093 4760 vel
1120 4706 1371 4777 capitula.

114 4869 397 4928 Sudorem
417 4885 487 4927 ac
510 4871 701 4932 sordes
723 4795 987 4947 οωιειζο
1016 4875 1149 4931 mihi
1176 4880 1421 4952 spongia.

474 4963 775 5022 FURNUS
816 4963 902 5018 vel
944 4965 1370 5024 PANNYcffls.

142 5137 265 5189 sum
284 5137 419 5211 quid
442 5141 659 5197 attinuit
678 5057 1117 5213 unguedfariam
1138 5155 1383 5199 exercere
1408 5142 1605 5210 virum,
1626 5157 1712 5200 se·

130 5221 233 5277 aize
254 5225 359 5281 sub
380 5225 645 5298 umbella,
673 5237 734 5286 et
768 5228 843 5283 ita
870 5235 1279 5302 comparatum,
1466 5228 1711 5300 [dentem

1814 4631 1891 4687 ut,
1919 4623 1990 4681 ad
2014 4625 2458 4684 adolescentulos
2481 4643 2599 4684 sese
2617 4629 2896 4702 applicans
2910 4669 2925 4696 ‚
2947 4630 3149 4702 garriat
3168 4629 3238 4688 de
3256 4629 3380 4688 dic?

2274 4715 2547 4746 .....

1810 4799 2005 4854 Statim
2025 4813 2190 4876 nemo
2213 4814 2284 4858 ne
2305 4815 2538 4872 coquam
2558 4800 2692 4858 vidit
2713 4817 2956 4876 unquam
2970 4845 2988 4874 ‚

1809 4899 1987 4957 neque
2011 4885 2093 4942 vel
2119 4885 2350 4958 piscium
2378 4888 2750 4946 venditricem.

2570 4981 2621 5032 2.

1809 5089 1877 5100 -·
1898 5060 2022 5115 Non
2051 5058 2200 5117 vides
2219 5059 2446 5117 domum

1808 5145 2112 5220 Pulytionis
2131 5149 2540 5225 oppigneratam
2559 5155 2582 5206 ἓ
