3809 5850
394 360 466 408 33
1387 342 1793 404 coMOEmAE
1837 339 2164 402 VETERIS
2210 337 2617 413 nEQOAE.

394 483 437 536 E
477 481 772 537 scholiaste
797 478 971 553 habet
995 476 1196 536 Suidas
1219 494 1308 533 vv.
1343 471 1582 553 Ἀφίλεια
1617 485 1674 532 et
1715 469 1962 534 Δωδεκά-
2058 469 2223 548 ὄνομα
2242 469 2525 551 ποτηρίου,
2556 459 2615 528 οὗ
2644 465 2958 545 μνημονεύει
2994 468 3099 548 xp.
3128 465 3225 544 μὲν
3258 469 3315 525 ἐν
3340 470 3419 528 ll.
3460 467 3615 526 οὕτω·

390 587 624 644 κρουνον,
641 566 674 624 3
694 569 916 642 priores
939 583 1128 632 versus
1137 565 1308 620 etiam
1324 566 1546 620 Tzetzes
1563 565 1707 620 Hist.
1733 561 1794 632 8,
1827 561 1960 634 184,

390 668 448 712 et
475 657 648 730 Exeg.
681 655 848 713 Iliad.
881 671 944 730 p.
995 671 1090 722 ια,
1127 653 1344 725 pariter
1385 652 1480 708 ille
1527 669 1596 707 ac
1639 651 1966 706 scholiastes

391 761 584 800 errans
617 744 680 797 in
715 755 991 816 persona,
1022 757 1148 814 quae
1186 739 1304 794 haec
1343 739 1636 796 recitabat.
1681 739 1858 796 Versu
1908 755 1931 792 1
1948 779 1960 792 .

390 831 526 888 libri
549 831 734 889 Suidae
759 833 850 887 τοῦ
882 826 1167 906 ῥεύματος,
1197 828 1295 884 sed
1329 827 1680 883 scholiorum
1711 826 1816 882 τῶν
1845 825 1963 904 ῥευ-

394 919 595 993 μάτων,
625 917 788 992 quod
827 917 932 974 τῶν
969 915 1178 985 ἐτι-ητῶν
1223 910 1497 993 ῥευμάτων
1538 913 1966 987 conjeceramus

394 1017 592 1064 annot.
653 1005 726 1062 ad
781 1007 890 1080 Eq.
941 1005 984 1062 l.
1036 1005 1076 1060 l.
1143 1002 1344 1079 (488).
1407 1003 1746 1079 Apollonius
1796 1003 1963 1078 soph.

395 1115 457 1170 p.
488 1113 604 1168 279
627 1093 722 1151 ed.
749 1090 1162 1169 Το11.,ἕπητῇ
1195 1109 1210 1150 t
1236 1088 1428 1168 λογίῳ,
1461 1087 1609 1166 παρὰ
1639 1085 1709 1146 τὰ
1729 1084 1834 1159 ἔπη
1843 1129 1963 1148 .....

399 1183 568 1258 ἐπητῇ
588 1181 636 1237 δ’
656 1177 806 1258 ἀνδρὶ
828 1176 998 1244 ἔοικας
1021 1179 1256 1254 (Odyss.
1293 1177 1384 1249 18,
1423 1196 1531 1249 127
1546 1178 1589 1254 ).
1627 1180 1703 1235 V.
1728 1196 1762 1234 a
1784 1179 1967 1238 schol.

403 1269 715 1348 καναχῶσα.
751 1264 833 1327 Τὸ
859 1267 1086 1324 addidit
1112 1270 1416 1326 Personas,
1446 1267 1711 1324 Ceterum
1747 1268 1969 1342 impor-

399 1369 536 1415 tune
580 1369 640 1414 et
677 1355 1061 1432 ταυτολογικῶς
1096 1356 1339 1430 infertur
1373 1351 1570 1431 στόμα.
1607 1355 1805 1411 Malim
1843 1375 1965 1414 καν.

403 1443 604 1521 πηγαίέ
656 1439 1051 1520 δωδεκάκρουνα
1089 1441 1360 1518 στωμύλος
1387 1439 1488 1501 Ἰλ.
1527 1443 1582 1500 ἐν
1621 1444 1688 1521 τῇ
1735 1462 1817 1521 φ.,
1844 1444 1967 1499 scil.

401 1529 532 1591 ἐστί.
558 1533 672 1586 Pro
699 1527 970 1605 στωμύλος
993 1539 1286 1586 exaratum
1306 1549 1414 1604 per
1433 1530 1832 1606 negligentiam
1853 1551 1973 1586 στο-

403 1619 599 1692 μύλος,
623 1619 795 1694 idque
819 1621 882 1674 in
905 1620 1190 1694 scriptura
1219 1621 1490 1678 continua
1519 1637 1698 1692 quum
1729 1619 1836 1675 ἰλισ
1863 1620 1973 1675 ab-

401 1711 668 1788 ripuisset
687 1707 873 1766 simile
898 1704 1019 1771 ύλος
1045 1706 1565 1781 (στομυλοσιλισσος,
1583 1705 1974 1780 στομιλισσος),

401 1819 538 1855 mox
567 1799 772 1856 abierit
796 1797 1022 1871 ἰηστομ’
1045 1807 1104 1851 et
1129 1792 1322 1868 στόμα.
1351 1796 1480 1850 Non
1498 1792 1971 1850 dissimulandum

405 1899 597 1942 tamen
625 1882 1043 1962 δωδεκάκρουνον
1067 1881 1244 1956 στόμα
1263 1883 1400 1938 hinc
1433 1882 1716 1938 transiisse
1739 1882 1814 1938 ad
1836 1880 1971 1940 Phi·

405 1977 626 2032 lostrat.
664 1977 732 2031 V.
763 1973 944 2048 Soph.
975 1991 1032 2046 p.
1076 1969 1216 2041 325,
1254 1981 1312 2025 et
1351 1969 1763 2045 Theophylact.
1803 1972 1975 2046 Epist.

406 2067 505 2127 al..
541 2087 568 2112 «ι
616 2060 832 2117 Alludit
865 2059 952 2117 his
993 2058 1180 2114 verbis
1215 2056 1234 2136 (
1263 2055 1503 2115 δω-νον
1537 2053 1740 2133 στόμα)
1781 2057 1878 2118 Cr.
1903 2058 1979 2114 ad

404 2149 621 2204 sontem
649 2149 1116 2215 Enneacrunum,
1157 2145 1474 2218 antiquitus
1509 2143 1729 2200 dictum
1771 2145 1978 2202 Callir-

405 2237 588 2292 rhoen
607 2277 626 2311 ,
645 2236 746 2310 qui
784 2232 1264 2291 Pisistratidarum
1289 2250 1468 2307 opera
1494 2233 1702 2289 eximie
1743 2243 1978 2289 ornatus

409 2323 520 2379 suit
565 2341 772 2379 novem
823 2322 975 2378 tubis
1015 2338 1195 2394 aquas
1253 2319 1522 2396 limpidas
1571 2321 1978 2379 emittentibus.

408 2414 480 2470 V.
495 2412 770 2468 Mem-sius
787 2410 1006 2466 Geram.
1023 2425 1155 2482 cap.
1188 2417 1280 2478 ι4,
1307 2409 1638 2468 Schneider.
1663 2410 1738 2466 ad
1758 2412 1979 2470 Vitruv-

411 2501 466 2570 8,
515 2500 572 2569 3,
605 2499 660 2569 6,
706 2510 766 2555 et
805 2498 880 2554 de
930 2499 1044 2554 situ
1095 2497 1270 2552 sontis
1309 2508 1572 2554 accurate
1607 2510 1981 2574 exponentem

409 2589 596 2644 Lealte
653 2590 886 2662 Topogr.
917 2583 995 2658 qs
1021 2585 1242 2642 Athens
1285 2604 1352 2660 p.
1395 2583 1469 2652 4²5
1531 2603 1690 2660 seqq.
1733 2611 1758 2638 υ
1811 2589 1862 2642 E
1889 2590 1978 2647 M.

411 2675 650 2736 Pausan.
685 2679 802 2732 Att.
838 2683 927 2744 14,
965 2693 985 2728 ι
1034 2693 1047 2727 2
1091 2671 1144 2736 ἐς
1179 2668 1234 2728 δὲ
1280 2669 1336 2730 τὸ
1362 2668 1634 2742 Ἀθήνησιν
1665 2673 1982 2734 εἰσελθοῦσιν

411 2762 592 2841 ᾠδεῖον
623 2759 760 2820 ἄλλα
797 2781 854 2818 τε
882 2757 975 2817 καὶ
1001 2756 1251 2823 Διόνυσος
1280 2765 1451 2816 κεῖται
1477 2756 1598 2825 θέας
1633 2757 1802 2828 ἄξιος·
1841 2763 1983 2832 πλη-

413 2850 526 2910 σίον
550 2849 606 2908 δέ
635 2851 748 2908 ἐστι
775 2847 941 2928 κρήνη
959 2897 976 2922 ,
1017 2847 1240 2904 καλοῦσι
1267 2845 1322 2904 δὲ
1347 2845 1512 2917 αὐτὴν
1541 2847 1983 2931 Ἐννεάκρουνον,

413 2938 550 2999 οὕτω
572 2941 926 3015 κοσμηθεῖσαν
943 2934 1044 2995 ὑπὸ
1070 2932 1455 3015 Πεισιστράτου
1469 2958 1482 2973 ·
1503 2936 1702 3016 φρέατα
1727 2939 1984 3019 (puteos)

415 3026 510 3103 μὲν
539 3024 640 3105 γὰρ
662 3025 754 3083 καὶ
783 3022 868 3083 διὰ
893 3021 1068 3093 πάσης
1089 3026 1186 3095 τῆς
1209 3020 1408 3089 πόλεώς
1420 3024 1560 3092 ἐστι,
1592 3026 1738 3102 πηγὴ
1765 3026 1822 3085 δὲ
1847 3026 1985 3100 αὕτη

418 3114 578 3190 μόνη.
611 3114 755 3174 Inde
793 3112 1124 3171 Herodotus
1162 3111 1222 3183 6,
1269 3111 1403 3183 137,
1438 3120 1470 3180 4
1489 3155 1506 3183 ,
1534 3120 1716 3191 φοιτᾶν
1745 3112 1848 3194 γὰρ
1884 3116 1989 3174 αἰεὶ

414 3202 526 3269 τὰς
578 3200 896 3280 σφετέρας
948 3199 1448 3276 (Atheniensium)
1488 3198 1768 3279 θυγατέρας
1801 3224 1858 3260 τε
1895 3202 1988 3261 καὶ

415 3289 534 3355 τοὺς
565 3288 758 3354 παῖδας
801 3285 894 3345 ἐπ’
935 3284 1106 3367 ὕδωρ
1147 3282 1258 3353 ἐπὶ
1298 3283 1410 3357 τὴν
1453 3284 1984 3368 Ἐννεάκρουνον.

415 3379 530 3436 Sed
571 3378 835 3435 disertius
865 3374 1043 3432 Thuc.
1086 3372 1144 3445 5,
1181 3378 1272 3446 15,
1317 3373 1390 3431 de
1431 3378 1690 3451 acropoli
1724 3378 1984 3436 Athena-

417 3486 544 3525 rum
573 3484 744 3543 agens
777 3485 790 3521 :
821 3461 1031 3541 ἵδρυται
1057 3460 1114 3521 δὲ
1137 3461 1229 3521 καὶ
1253 3461 1392 3521 ἄλλα
1417 3460 1534 3540 ἱερὰ
1562 3462 1727 3543 ταύτῃ
1759 3465 1989 3544 ἀρχαῖα,

417 3554 508 3613 καὶ
529 3557 596 3634 τῇ
631 3552 810 3632 κρήνῃ
829 3553 895 3630 τῇ
928 3555 1018 3609 νῦν
1059 3548 1175 3625 μὶν,
1204 3551 1310 3609 τῶν
1337 3548 1601 3631 τυράννων
1628 3548 1765 3611 οὕτω
1798 3574 1988 3612 σκευα·

417 3644 647 3718 σάντων,
671 3636 1062 3719 Ἐννεακρούνῳ
1097 3636 1398 3719 καλουμένῃ
1419 3682 1436 3711 ,
1470 3638 1531 3697 τὸ
1569 3640 1624 3697 δὲ
1653 3638 1850 3713 πάλαι,
1877 3662 1987 3721 φα·

417 3732 620 3808 νερῶν
671 3730 796 3785 τῶν
841 3730 1072 3805 πηγῶν
1123 3726 1360 3799 οὐσῶν,
1420 3724 1724 3805 Καλλιρρόῃ
1777 3727 1990 3805 ὠνομα-

419 3816 622 3892 σμένῃ,
683 3814 908 3890 ἐκείνῃ
965 3834 1036 3869 τε
1079 3810 1273 3890 ἐγγὺς
1325 3810 1495 3890 οὔσῃ
1543 3810 1623 3869 τὰ
1675 3812 1991 3872 πλείστου

425 3903 577 3971 ἄξια
621 3902 948 3980 ἐχρῶντο,
1002 3897 1121 3957 καὶ
1178 3902 1294 3957 νῦν
1340 3897 1444 3957 ἔτι
1491 3898 1597 3957 ἀπὸ
1645 3902 1738 3957 τοῦ
1771 3900 1993 3979 ἅρχαίου
2076 3924 2083 3931 ·

419 3991 540 4070 πρό
571 4012 637 4047 τε
661 3990 974 4065 γαμικῶν
1015 3984 1128 4045 καὶ
1172 3986 1236 4051 ἐς
1274 3984 1450 4044 ἄλλα
1490 3988 1618 4045 τῶν
1661 3987 1856 4066 ἱερῶν
1899 4010 1991 4047 νο·

425 4081 699 4155 μίζεται
727 4076 810 4153 τῷ
855 4072 1050 4133 ὕδατι
1091 4075 1398 4152 χρῆσθαι.
1455 4080 1544 4133 De
1580 4077 1742 4133 Ilisso
1783 4074 1990 4151 fluvio,

422 4170 596 4227 Musis
629 4184 825 4235 sacro,
860 4170 922 4222 et
963 4166 1236 4237 Hymetto
1259 4174 1487 4233 monte,
1517 4166 1578 4219 in
1611 4182 1730 4238 quo
1761 4166 1991 4222 orieba-

424 4269 537 4333 tur,
562 4276 620 4314 v.
649 4252 984 4311 Herodotus
1017 4250 1256 4325 ejusque
1282 4252 1619 4326 interpretes
1642 4252 1702 4321 6,
1748 4252 1856 4323 137
1881 4273 1898 4321 3
1932 4272 1988 4324 7,

434 4332 576 4417 189,
600 4342 830 4415 aliique-

508 4568 710 4623 Athen.
753 4582 816 4621 ιι
841 4608 857 4637 ‚
889 4582 948 4639 p.
994 4571 1105 4639 494
1126 4608 1142 4633 ,
1187 4518 1231 4620 C
1281 4583 1292 4617 :
1329 4560 1443 4619 ἔστι
1471 4559 1525 4619 δὲ
1555 4559 1874 4640 (ὅξύὸαφον)
1901 4562 1997 4619 καὶ

1183 4768 1236 4817 8.

428 4872 478 4911 a
507 4846 794 4925 Quomodo
818 4847 942 4920 quis
959 4846 1153 4913 illum,
1179 4845 1455 4919 quomodo

429 4960 459 5000 a
493 4950 658 5015 potu,
684 4938 852 4993 nimis
883 4944 1046 5017 potu,
1077 4933 1393 4990 abstrahat?

433 5032 484 5084 b.
521 5031 636 5101 Ego
661 5024 817 5081 scio.
849 5018 1190 5091 confringam
1222 5020 1492 5090 congiaria
1522 5020 1640 5091 ejus
1667 5035 1816 5087 vasa,

432 5114 702 5185 cadosque
719 5104 1067 5166 fulminando
1088 5104 1357 5175 disjiciam

2156 621 2315 662 --α.
2356 603 2489 673 Πῶς
2530 621 2628 672 τις
2654 593 2857 677 αὐτὸν,
2888 603 3018 670 πῶς
3048 619 3141 670 τις
3178 589 3249 658 ἃν

2160 703 2282 769 ἀπὸ
2310 709 2421 768 τοῦ
2456 701 2646 768 πότου
2678 702 2927 768 παύσειε
2945 751 2964 782 ,
2982 709 3092 767 τοῦ
3121 698 3261 766 λίαν
3299 699 3531 784 πότους

2160 813 2222 894 β.
2260 799 2482 900 Εγῷδα
2502 835 2517 848 ·
2552 805 2850 899 συντρίψω
2880 804 2995 900 γὰρ
3026 812 3211 873 αὐτοῦ
3235 808 3381 884 τοὺς
3416 813 3597 897 χοᾶς,

2156 913 2257 980 καὶ
2300 915 2439 992 τοὺς
2477 905 2799 990 καδίσκους
2840 915 3301 1005 συγκεραυνώσω
3354 905 3621 990 σποδῶν,

2160 1020 2265 1086 καὶ
2295 1017 2501 1087 τᾶλλα
2526 1017 2705 1086 πάντ’
2738 1019 2955 1112 ἀγγεῖα
2984 1016 3065 1083 τὰ
3098 1017 3230 1110 περὶ
3275 1018 3386 1084 τὸν
3416 1019 3627 1098 πότον,

2156 1118 2323 1192 κούδ’
2365 1119 2659 1217 ὀξύὸαφον
2688 1124 2917 1218 οἰνηρὸν
2937 1125 3445 1209 ἔτιγκεκτησεται.

2062 1259 2284 1314 versun
2302 1255 2585 1312 librorum
2597 1257 2757 1312 ποτοῦ
2780 1255 3294 1312 Casaub.correxit.
3316 1255 3504 1312 Idem.
3524 1275 3576 1312 v.
3598 1255 3629 1310 3

2060 1345 2207 1402 male
2232 1341 2381 1421 χόας.
2412 1345 2651 1400 Versum
2681 1343 2718 1400 6
2746 1341 2993 1399 servavit
3016 1344 3187 1399 etiam
3210 1341 3419 1400 Pollux
3460 1343 3527 1418 6,
3560 1345 3629 1398 23

2062 1443 2118 1488 et
2150 1451 2218 1488 10
2239 1431 2383 1503 ,.67
2418 1431 2629 1490 Confer
2678 1430 2749 1488 fr.
2788 1431 2995 1490 incert.
3035 1430 3167 1488 182.
3206 1430 3403 1491 Verba
3436 1451 3473 1488 e
3516 1435 3633 1488 col·

2065 1524 2263 1596 loquio
2288 1531 2599 1596 personata
2618 1518 2925 1580 comoediae
2946 1516 3031 1593 (v.
3054 1518 3256 1594 fragm.
3280 1519 3479 1594 1)cmu
3498 1522 3633 1575 ami-

2066 1611 2147 1664 cis
2172 1610 2401 1667 Cratini.
2426 1611 2639 1665 Eorum
2660 1626 2807 1664 unus
2832 1608 2948 1662 vim
2976 1605 3173 1663 suadet
3204 1625 3256 1662 ν.
3290 1605 3323 1662 3
3351 1616 3408 1663 et
3434 1627 3629 1682 seqq,

2066 1700 2163 1772 qui
2187 1697 2415 1772 quidem
2454 1699 2515 1753 in
2556 1698 2676 1752 istis
2713 1695 2939 1752 vasibus
2964 1695 3133 1752 etiam
3172 1695 3353 1770 ipsam
3390 1693 3637 1768 πυτίνην,

2067 1803 2100 1841 a
2137 1803 2251 1860 qua
2281 1785 2469 1841 fabula
2492 1785 2775 1860 appellata
2802 1792 2915 1856 est,
2935 1783 2998 1841 h.
3028 1800 3077 1838 e.
3108 1783 3363 1858 lagenam
3398 1783 3637 1858 plexam

2067 1891 2099 1930 e
2147 1873 2359 1928 vimine
2407 1874 2623 1948 saligno
2681 1872 2773 1928 vel
2814 1871 2975 1926 corio
3028 1881 3089 1925 et
3136 1872 3267 1945 pice
3320 1871 3635 1928 obductam

2070 1959 2160 2036 (v.
2195 1960 2263 2020 fr.
2317 1959 2429 2036 17)
2468 1961 2765 2015 nominare
2805 1968 3063 2032 poterat,
3106 1967 3171 2012 ut
3208 1976 3324 2032 qua
3365 1960 3633 2034 inprimis

2067 2067 2199 2105 usus
2246 2067 2362 2105 esse
2400 2051 2569 2122 poet‘a
2615 2045 2899 2102 videatur.
2934 2047 3023 2102 Ita
3080 2046 3305 2103 tandem
3352 2049 3449 2104 ille
3482 2047 3637 2120 justa

2070 2137 2403 2211 poenitentia
2436 2137 2495 2190 in
2526 2135 2761 2210 gratiam
2786 2152 2917 2190 cum
2941 2153 3122 2191 uxore
3154 2135 3305 2192 redit
3314 2157 3332 2208 ;
3365 2137 3531 2212 quod
3557 2141 3637 2192 si-

2070 2221 2371 2302 gnificatur
2394 2225 2665 2300 proximo
2690 2222 3026 2296 fragmento.

2824 2365 2880 2421 9.

2153 2465 2428 2528 Priscian.
2469 2467 2636 2544 18,p.
2660 2466 2775 2528 203
2795 2467 2886 2525 ed.
2900 2466 3095 2524 Krehl.
3124 2487 3135 2520 :
3157 2491 3183 2516 ι
3205 2464 3465 2544 Κρατῖνος
3484 2467 3539 2526 ἐν
3556 2467 3634 2528 Π.

2172 2589 2339 2688 ita-&p
2370 2595 2683 2686 ἐννοοῦμαι
2715 2584 2877 2666 δῆτα
2900 2589 3010 2669 τὰς
3042 2591 3371 2686 μοχθηρίας

2172 2710 2283 2776 τῆς
2312 2697 2702 2775 ἠλιθιότητος
2731 2707 2841 2774 τῆς
2870 2699 3048 2788 ἐμῆς.

2078 2831 2348 2887 Similiter
2372 2847 2508 2899 nos,
2550 2830 2751 2905 Cogito
2786 2847 2917 2904 quoe
2954 2839 3084 2884 sunt
3116 2825 3485 2906 difficultates
3526 2841 3641 2884 sto·

2080 2918 2319 2975 Iiditatz’s
2362 2936 2527 2975 meoe.
2580 2943 2605 2967 υ
2668 2917 2743 2975 V.
2801 2936 2827 2973 1
2890 2918 2985 2987 τῆς
3030 2914 3206 2973 codd.
3268 2915 3343 2977 V.
3406 2934 3443 2971 a
3504 2915 3643 2972 cod.

2082 3005 2311 3065 Monac.
2337 3004 2484 3060 Tnc
2520 3003 2918 3063 merrNToc
2949 3024 2961 3057 :
2999 3003 3152 3059 unde
3180 3004 3527 3060 Fritzschius
3552 3006 3651 3072 τῆς

2082 3090 2371 3163 ἔνεότητος,
2399 3092 2673 3167 Bergltius
2698 3092 2793 3161 τῆς
2830 3088 3159 3159 σκαιότητος.

2168 3204 2193 3231 α
2226 3180 2487 3239 Vidimus
2506 3180 2797 3237 Cratinum
2830 3178 3138 3236 Comoediae
3166 3179 3601 3234 reconciliatum
3630 3197 3647 3233 ε

2080 3268 2182 3325 sed
2210 3268 2415 3325 abhinc
2444 3285 2571 3341 φιτ
2595 3267 2765 3323 fuerit
2780 3265 2989 3323 fabulae
3025 3266 3211 3323 forma
3232 3278 3291 3323 et
3327 3266 3647 3340 descriptio

2081 3356 2235 3413 haud
2259 3366 2418 3413 certo
2442 3355 2723 3431 dispicias.
2742 3359 2944 3430 Itaque
2960 3356 3184 3429 reliqua
3212 3356 3529 3429 fragmenta
3550 3358 3653 3423 τῆς

2084 3441 2334 3514 Πυτίνης,
2364 3454 2539 3519 prout
2560 3446 2877 3519 argumenti
2902 3443 3273 3501 similitudine
3298 3444 3491 3517 aliqua
3506 3462 3657 3499 con·

2088 3540 2361 3612 tinentur,
2386 3538 2649 3613 deinceps
2676 3538 2998 3595 adscribam
3015 3580 3032 3609 ,
3063 3538 3214 3594 facto
3245 3537 3409 3594 initio
3438 3539 3515 3594 ab
3550 3541 3623 3595 iis
3638 3562 3667 3609 ,·

2084 3646 2209 3703 quae
2231 3645 2263 3685 e
2284 3626 2545 3703 pai-abasi
2566 3626 2767 3685 fabulae
2794 3626 3095 3701 desumpta
3120 3636 3271 3683 sunt.
3306 3652 3330 3677 ι
3366 3628 3418 3682 Ε
3443 3628 3530 3681 Μ.

2828 3766 2917 3804 10.

2161 3860 2413 3918 Meinek.
2461 3860 2611 3915 Hist.
2655 3862 2787 3915 crit.
2838 3860 3005 3916 Com.
3071 3878 3133 3933 p.
3188 3856 3263 3926 54
3320 3862 3665 3935 annotavit,

2085 3949 2145 4003 in
2170 3958 2328 4003 tanta
2345 3948 2712 4003 Comicorum
2737 3946 2969 4004 Athenis
2998 3947 3357 4003 aemulatione
3379 3948 3453 4003 de
3496 3950 3667 4023 prin·

2086 4036 2277 4109 cipatu
2304 4036 2601 4109 gratiaque
2628 4036 2833 4109 populi
2866 4054 2988 4091 non
3014 4053 3131 4090 esse
3156 4052 3511 4109 magnopere
3548 4038 3670 4090 mi·—

2088 4124 2327 4179 randam
2366 4125 2740 4193 simultatem,
2796 4142 2922 4195 quae
2972 4124 3204 4179 Cratino
3256 4142 3388 4177 cum
3428 4124 3669 4178 Aristo-—

2086 4212 2274 4285 phane
2302 4212 2693 4268 intercesserit.
2738 4213 2843 4266 Hic
2882 4211 3059 4285 igitur
3098 4230 3275 4285 quum
3306 4220 3367 4265 et
3401 4210 3577 4281 alias,
3614 4223 3675 4267 et

2091 4302 2337 4355 maxime
2380 4301 2441 4353 in
2487 4298 2822 4371 Equitibus,
2876 4299 3083 4355 acerbe
3125 4300 3445 4355 vellicasset
3482 4302 3675 4356 Crati-

2089 4406 2258 4461 num,
2284 4389 2543 4461 quamvis
2564 4387 2801 4443 laudans
2827 4390 3113 4463 ingenium
3142 4388 3284 4463 viri,
3310 4399 3519 4443 contra
3546 4391 3673 4461 ille,

2091 4476 2295 4550 insigni
2340 4486 2551 4550 vegetae
2590 4477 2893 4531 senectutis
2931 4476 3243 4549 invictique
3278 4475 3517 4531 roboris
3559 4478 3675 4531 do-

2092 4575 2392 4634 cumento,
2435 4567 2497 4619 in
2546 4562 2749 4641 Πυτίνῃ
2797 4566 3061 4622 aemulum
3094 4584 3225 4621 cum
3261 4566 3515 4621 aliomm
3554 4568 3675 4622 cri·

2058 4779 2063 4783 ·
2090 4771 2146 4819 et
2166 4770 2341 4819 cetera
2368 4769 2531 4835 potus
2550 4764 2907 4819 instrumenta
2930 4804 2947 4829 ‚

2089 4855 2152 4905 ut
2176 4864 2246 4904 ne
2270 4847 2613 4905 acetabulum
2641 4847 2861 4920 quidem
2893 4840 3069 4907 vinale
3088 4848 3323 4923 amplius
3344 4850 3646 4922 possideat.

2094 5021 2197 5078 Sed
2232 5027 2425 5093 reputo
2444 5034 2575 5076 sane
2606 4942 2902 5093 nequitiazi

2093 5108 2485 5178 stultitiamque
2514 5122 2713 5165 meam.
