3809 5850
446 445 519 494 36
1395 429 1842 489 'COMOEDIAE
1888 429 2217 490 VETEms
2261 429 2674 504 RELIQUIAE.

430 567 611 634 illum,
665 566 823 640 prius
870 564 1213 638 appellatum
1261 561 1613 620 Eschatiotis.
1665 564 1853 636 Etym.
1909 565 1990 619 Μ.
2038 572 2051 608 τ’
2092 561 2320 621 οικεσίου
2359 567 2446 621 τοῦ
2510 561 2603 620 σὺν
2633 563 2775 640 αὐτῷ
2817 559 3010 635 θέλειν,
3063 561 3156 619 καὶ
3199 561 3483 628 κακώσεως
3527 563 3685 640 αὐτῷ

428 677 489 730 p.
530 657 663 725 384,
696 655 789 723 38,
834 650 1179 728 Ἐσχατιῶτις
1210 671 1223 704 t
1270 649 1432 724 λίμνη
1472 648 1686 726 κειμένη
1734 647 1867 724 μετὰ
1908 647 1996 707 τὸν
2089 650 2239 721 δίκην
2269 650 2574 730 λαγχάνειν·
2601 649 2776 730 φίλους
2803 649 2857 708 δὲ
2879 650 3254 729 περιτυχόντας
3275 655 3369 708 τοῦ
3391 650 3676 730 Κρατίνου

431 743 731 821 Ἰσθμόν....
764 743 979 818 ὕστερον
1004 737 1061 796 δὲ
1093 739 1363 815 Γοργῶπις
1386 736 1581 808 ἐκλήθη
1624 737 1729 794 ἀπὸ
1771 737 1995 815 Γόργης,

430 834 522 902 τῆς
538 827 831 907 Μεγαρέως
843 823 1115 904 θυγατρὸς,
1134 822 1376 902 γυναικὸς
1392 823 1663 904 Κορίνθου,
1689 823 1820 896 ἥτις,
1840 824 1998 883 ἀκού·

426 942 569 978 σασα
594 917 683 976 τὸν
704 917 810 974 τῶν
832 913 1031 972 παίδων
1061 910 1236 993 φόνον,
1251 910 1536 990 περιαλγὴς
1566 911 1817 990 γενομένη
1846 913 1984 990 ἔρρι-

426 1012 522 1086 ψεν
570 1001 760 1075 ἑαυτὴν
790 1004 861 1070 εἷς
908 1000 1003 1072 τὴν
1032 1001 1245 1077 λίμνην.
1291 1003 1589 1076 AEschylus
1636 1006 1745 1078 Ag.
1796 1002 1991 1070 314.»

428 1101 478 1154 Ε
505 1099 589 1157 M.
622 1094 709 1155 Cf.
740 1093 961 1151 Ernesti
997 1093 1176 1150 Curtii
1207 1091 1425 1165 disput.
1461 1092 1731 1165 inscripta
1758 1093 1867 1146 Die
1886 1093 1996 1146 Pe·

424 1204 551 1240 roea
582 1178 670 1262 (τὸ
694 1177 976 1254 Πείραιον)
999 1197 1112 1234 von
1138 1177 1368 1234 Corinth
1390 1178 1509 1232 und
1526 1178 1621 1232 die
1640 1177 1995 1246 Eschatiotis,

426 1274 487 1327 in
510 1273 706 1326 Museo
734 1267 922 1324 Rhen.
948 1283 1003 1324 a.
1046 1263 1215 1334 1845,
1243 1265 1356 1320 vol.
1380 1284 1436 1319 α.

1171 1396 1261 1434 12.

508 1495 741 1553 Photius
768 1497 909 1551 Lex.
938 1512 997 1569 p.
1032 1489 1130 1562 56,
1170 1509 1261 1563 ιο,
1297 1485 1611 1568 Ζωπύρου
1656 1488 1948 1548 τάλαντα
1983 1513 1995 1547 :

432 1587 539 1663 Κρ.
574 1584 629 1640 ἐν
661 1583 735 1642 Π.
779 1579 964 1639 τοῦτόν
1004 1600 1135 1659 φησι
1176 1577 1495 1654 Θεόπομπος
1522 1581 1576 1636 ἓν
1612 1583 1677 1658 τῇ
1706 1577 1863 1656 ὀγδόῃ
1896 1580 2000 1636 τῶν

428 1670 549 1751 περὶ
570 1667 844 1730 Φίλιππον
860 1711 879 1746 ,
918 1667 1132 1747 Πέρσην
1155 1663 1281 1724 ὄντα
1299 1707 1315 1736 ,
1342 1666 1445 1724 ὑπὸ
1468 1663 1762 1746 φιλοτιμίας
1787 1667 2002 1746 χαριζό-

429 1781 583 1834 μενον
625 1758 833 1836 βασιλεῖ
863 1757 1201 1831 μαστιγῶσαι
1229 1753 1411 1812 ἑαυτὸν
1430 1797 1445 1825 ,
1484 1752 1575 1812 καὶ
1617 1757 1709 1826 τῆς
1748 1753 1881 1833 ῥινὸς
1913 1756 2003 1813 καὶ

429 1851 532 1904 τῶν
556 1844 705 1902 ὤτων
737 1841 1171 1921 ἀποστερήσαντα
1198 1841 1447 1900 εἰσελθεῖν
1468 1842 1541 1908 εἰς
1570 1839 1889 1914 Βαὸυλῶνα,
1912 1842 2002 1901 καὶ

426 1932 766 1992 πιστευθέντα
789 1929 877 1988 διὰ
908 1929 1102 2000 ταύτην
1126 1927 1220 2000 τὴν
1243 1926 1533 2007 κακουχίαν
1558 1927 1883 1986 καταλαὸεῖν
1902 1929 1998 2000 τὴν

429 2022 581 2080 πόλιν
624 2019 811 2095 (conf.
860 2019 1143 2077 Herodot.
1172 2018 1231 2089 3,
1282 2015 1411 2088 153,
1445 2019 1520 2075 al.
1540 2016 1585 2092 )·
1618 2015 1678 2072 ἐκ
1707 2025 2012 2097 μεταφορᾶς

428 2099 517 2166 οὖν
545 2097 659 2166 εἶπε
703 2105 991 2164 τάλαντα
1034 2104 1146 2164 καὶ
1173 2102 1370 2182 ζυγὰ,
1413 2103 1568 2164 οἱονεὶ
1596 2101 1723 2184 ἔργα
1752 2103 1843 2162 καὶ
1864 2103 2004 2183 πρά-

432 2196 548 2264 ξεις.
590 2197 969 2270 Tautologum
1014 2191 1249 2250 τάλαντα
1292 2190 1383 2249 καὶ
1431 2188 1563 2267 ζυγὰ
1600 2194 2004 2267 grammaticus

366 2295 379 2306 ·
430 2285 597 2340 simili
642 2282 930 2358 explicare
971 2281 1202 2336 videtur
1240 2277 1368 2358 ἔργα
1420 2275 1510 2334 καὶ
1555 2273 1785 2356 πράξεις.
1828 2279 2008 2334 Addit

429 2373 603 2431 Mein.
640 2391 723 2426 :a
756 2371 917 2427 Idem
941 2369 1316 2445 proverbium
1346 2387 1415 2424 ex
1444 2369 1662 2424 Cratini
1697 2368 1881 2441 Pylaea
1902 2366 2004 2422 ha-

430 2462 529 2516 bet
558 2461 871 2535 Hesychius
888 2477 930 2514 s.
953 2477 1008 2516 v,
1031 2455 1289 2536 Ζωπύρου
1313 2453 1568 2527 τάλαντα,
1588 2469 1646 2512 et
1670 2457 1841 2512 tacito
1866 2453 1998 2512 Cra·

430 2551 532 2604 tini
551 2550 783 2605 nomine
806 2545 1009 2603 Suidas
1032 2555 1088 2600 et
1108 2545 1393 2600 Zenohius
1418 2551 1476 2614 4,
1503 2562 1561 2617 9.
1593 2543 1706 2599 Sed
1728 2545 1843 2597 vim
1867 2563 2003 2618 pro-

431 2637 615 2693 verbii
637 2654 759 2691 non
783 2632 1098 2710 perspicio.
1136 2656 1160 2682 υ
1196 2633 1331 2687 Eam
1374 2633 1598 2706 aperire
1628 2629 1857 2687 videtur
1883 2634 2002 2688 Ma-

433 2727 615 2780 carius
638 2742 673 2780 a
694 2723 1001 2780 Leutschio
1025 2731 1373 2776 memoratus
1389 2721 1758 2794 Paroemiogr.
1790 2738 1853 2794 p.
1879 2719 1951 2790 87
1989 2741 2002 2775 :

433 2810 644 2870 ἐπὶτῶν
674 2807 895 2890 φορτικά
928 2829 1045 2864 τινα
1084 2803 1171 2863 διὰ
1198 2807 1424 2864 πλοῦτον
1466 2805 1863 2882 ὖπομεινοὶντων
1881 2852 1896 2878 ,
1935 2809 2008 2865 de

432 2902 499 2957 iis
532 2901 633 2975 qui
673 2909 819 2955 tetra
856 2908 913 2954 et
936 2896 1167 2952 scelesta
1204 2896 1483 2951 sustinent
1506 2906 1747 2971 propter
1786 2895 2009 2953 divitias

440 3000 497 3044 et
520 3007 679 3063 opes.
712 2987 781 3042 In
799 2987 908 3043 alia
929 3002 1168 3059 prorsus
1196 2984 1317 3039 abit
1339 2982 1745 3056 Bernhardyus
1776 2984 1851 3039 ad
1882 2985 2008 3040 Sui-

441 3078 575 3132 dam
600 3096 662 3151 p.
702 3074 815 3149 739
846 3094 858 3129 ι
892 3098 914 3122 α
946 3075 1157 3145 Zopyri
1187 3074 1403 3127 talenta
1426 3072 1688 3128 Comicus
1708 3111 1724 3140 ‚
1755 3073 1857 3146 qui
1884 3090 2006 3126 ma-

434 3164 703 3240 gnificum
722 3182 936 3219 nomen
957 3172 1234 3236 captaret,
1262 3163 1467 3217 talenta
1489 3160 1631 3216 dixit
1665 3162 2009 3235 Babylonia3

434 3264 685 3326 quorum
701 3270 879 3326 quum
903 3250 1122 3323 singula
1144 3267 1215 3319 72
1244 3247 1413 3303 minis
1437 3249 1636 3304 Atticis
1656 3250 2008 3324 aequiparan-

434 3354 547 3416 tur,
581 3341 791 3398 additis
822 3339 991 3396 etiam
1027 3333 1119 3395 καὶ
1147 3334 1276 3411 ζυγά
1303 3336 1467 3393 facile
1496 3338 1677 3391 movit
1703 3338 2010 3412 imaginem

440 3430 686 3487 thesauri
709 3428 961 3485 numeris
982 3436 1040 3483 et
1062 3424 1321 3501 pondere
1348 3420 1777 3483 affluentissimi.
1801 3428 2008 3482 Verum

436 3520 585 3575 hanc
626 3522 803 3595 ipsam
845 3518 1035 3575 acervi
1082 3512 1323 3591 figuram
1352 3516 1575 3570 rettulit
1615 3515 1689 3571 ad
1722 3534 1918 3571 veram
1951 3527 2009 3570 et

436 3620 648 3664 certam
698 3608 1113 3683 possessionem
1169 3605 1457 3660 bonorum
1506 3602 1823 3659 solidorum
1843 3644 1860 3673 ,
1916 3606 2008 3658 cui

434 3701 720 3753 contraria
774 3698 989 3751 vanitas
1038 3694 1352 3750 verborum
1403 3692 1886 3766 perstringeretur
1953 3702 2010 3746 et

436 3787 618 3840 inanis
643 3802 816 3857 opum
843 3782 1129 3837 simulatio
1156 3795 1171 3837 ε
1202 3780 1316 3835 hoc
1344 3788 1427 3833 est
1463 3789 1527 3833 ut
1565 3797 1655 3833 res
1686 3778 1873 3833 verbis
1901 3797 2010 3853 op—

436 3880 807 3945 ponerentur.
846 3871 989 3925 Nam
1024 3866 1181 3923 οίονεί
1218 3876 1460 3940 apparet
1498 3866 1833 3939 explicantis
1861 3884 2007 3935 esse,

433 3978 551 4014 non
576 3958 957 4033 comparantis
983 3954 1271 4009 formulas.
1299 3979 1323 4001 υ
1358 3953 1697 4026 Cogitabam
1724 3952 1795 4007 de
1814 3950 2004 4010 Ζωπύ-

432 4042 527 4124 ’ρου
556 4068 586 4102 τ
598 4042 631 4101 ά
642 4043 675 4099 λ
686 4066 718 4099 α
729 4065 755 4098 ν
769 4066 801 4098 α
817 4085 834 4116 ,
864 4044 1239 4098 calamitates.

969 4191 1107 4248 XX.
1157 4188 1467 4248 m'TlNH.

518 4342 603 4394 De
626 4339 731 4393 hac
754 4336 1033 4391 comoedia
1050 4334 1203 4391 conf.
1232 4334 1381 4389 dicta
1406 4334 1463 4387 in
1480 4330 1900 4407 prolegomenis
1939 4328 2010 4382 de

439 4428 692 4485 Cratino.

1204 4530 1223 4565 1
1239 4555 1250 4568 .

521 4624 714 4678 Schol.
768 4623 1161 4696 Aristophanis
1203 4622 1307 4693 Eq.
1357 4618 1473 4692 399
1505 4638 1516 4672 :
1560 4612 1656 4685 τὴν
1710 4613 2007 4693 Κωμῳδίαν

439 4710 707 4770 ἐπλάσατο
722 4710 878 4766 αὐτοῦ
902 4698 1033 4766 εἶναι
1052 4706 1293 4783 γυναῖκα,
1318 4703 1409 4763 καὶ
1432 4702 1747 4783 ἀφίστασθαι
1766 4705 1855 4758 τοῦ
1880 4723 2004 4758 συν-

1074 4906 1357 4960 ΡΥΤΙΝΕ.

1196 5000 1245 5047 1.
1268 5004 1275 5011 ’

442 5092 513 5141 At
540 5094 851 5142 convertere
876 5098 963 5139 nie
991 5080 1235 5139 volebam
1260 5079 1329 5136 ad
1354 5079 1736 5151 quaestionem‚

440 5190 508 5229 an
532 5172 642 5238 ille,
664 5172 864 5229 collato
893 5169 961 5227 ad
984 5169 1147 5226 aliam
1170 5167 1453 5227 mulierem

441 5260 648 5355 animot
680 5258 811 5314 mihi
839 5256 1125 5315 maledicat
1148 5254 1297 5329 apud
1316 5253 1505 5323 illam3
1535 5251 1633 5308 sed

2093 739 2291 796 δεῖσθαι
2323 737 2484 816 μηδὲν
2513 737 2766 818 προπετὲς
2788 741 3048 816 ποιῆσαι,
3077 737 3170 797 καὶ
3197 741 3290 809 rii<
3329 737 3525 819 ἔχθρας
3551 740 3682 796 ‹ive-

2093 834 2264 904 ρωτᾶν
2309 825 2404 898 τὴν
2447 827 2647 884 αἰτίαν·
2691 827 2788 897 τὴν
2820 827 2874 884 δὲ
2919 825 3220 906 μέμφεσθαι
3254 827 3437 909 αὐτῷ,
3473 826 3566 885 ὅτι
3599 826 3680 902 μὴ

2090 914 2371 994 κωμῳδοίη
2402 913 2625 989 μηκέτι,
2657 913 2958 1016 σχολάζοι“
2929 912 2983 972 οὲ
3007 917 3074 993 τῇ
3097 912 3271 994 Μέθῃ.
3297 915 3442 973 οὐδὲν
3469 913 3535 972 δὲ
3565 916 3686 994 χεῖ·

2093 1025 2178 1081 ρον
2203 1002 2530 1079 πολυμαθίας
2555 1003 2726 1062 ἕνεκεν
2739 982 2887 1061 αὐτὰ
2919 1002 2987 1060 τὰ
3016 1001 3289 1073 ἐπιτήδεια
3323 1005 3424 1060 τῶν
3449 1001 3686 1080 ἷᾶμὸων

2092 1088 2372 1159 ἐκλέξαντα
2394 1091 2560 1150 θεῖναι
2586 1113 2783 1149 ταυτα·

2191 1202 2338 1272 AD?
2369 1204 2774 1299 ἑπανατρέψαι
2809 1201 3130 1298 ’ὅουλόμην
3157 1207 3241 1284 εἰς
3267 1206 3373 1273 τὸν
3404 1207 3633 1300 λόγον,

2190 1313 2440 1406 πότερον
2467 1317 2703 1400 ἐκεῖνος,
2733 1313 2877 1406 πρὸς
2904 1315 3107 1405 ἑτέραν
3134 1319 3366 1406 γυναῖκ’
3399 1314 3574 1405 ἔχων

2189 1418 2296 1484 τὸν
2323 1429 2479 1505 νοῦν,
2501 1428 2698 1496 κακῶς
2720 1419 2877 1485 εἴποι
2895 1445 2959 1485 τι
2983 1421 3124 1513 πρὸς
3151 1422 3419 1513 ἑτέραν’
3394 1427 3493 1510 εμ’
3527 1421 3684 1486 ἀλλ’

2189 1525 2320 1616 ἅμα
2346 1527 2505 1618 μὲν
2475 1527 2546 1592 τὸ
2578 1536 2782 1620 γῆρας,
2821 1525 2955 1616 ἅμα
2987 1517 3059 1592 δέ
3091 1551 3192 1617 μοι
3229 1527 3408 1618 μέθης
3435 1518 3632 1594 δοκεῖ

2193 1626 2362 1701 οὐδὲν
2392 1633 2643 1701 πότουτ
2681 1637 2845 1720 αὐτῷ
2874 1659 2943 1727 γε
2967 1633 3271 1727 πρότερον.

2095 1764 2692 1844 Βίὺτίἐπαναστρέψαι,
2713 1766 3035 1822 emendavit
3057 1765 3368 1838 Bentlejus3
3401 1777 3530 1822 tum
3555 1765 3688 1842 βού-

2093 1853 2254 1927 λομαι
2283 1854 2476 1910 hiante
2517 1873 2705 1911 versu.
2747 1854 2890 1912 cod.
2924 1854 3081 1910 Flor.
3115 1851 3444 1930 βουλόμενος.
3487 1856 3687 1911 Fritz-

2097 1942 2288 1999 schius
2316 1938 2530 2018 βούλομ’
2551 1942 2621 2004 εἰς
2637 1938 2722 1997 τὸν
2750 1943 2838 1998 νῦν
2872 1937 3044 2014 λόγον.
3081 1944 3146 1998 V.
3170 1959 3204 1996 α
3234 1942 3368 1997 libri
3389 1939 3688 2020 πρότερον,

2097 2031 2366 2085 omissum
2388 2030 2449 2084 in
2470 2032 2670 2086 Venet.
2693 2031 2764 2087 V.
2801 2028 2833 2084 3
2859 2047 2986 2102 sqq.
3022 2028 3152 2084 libri
3179 2025 3345 2092 κακὰς
3373 2025 3512 2084 εἴποι
3543 2028 3687 2107 πρὸς

2098 2114 2298 2194 ἑτέραν·
2313 2116 2430 2173 ἀλλ’
2448 2113 2562 2190 ἅμα
2583 2137 2642 2191 μ.
2663 2113 2724 2172 τὸ
2739 2137 2816 2192 γ.,
2833 2113 2887 2173 ἅ.
2905 2114 2961 2170 δέ
2983 2135 3072 2190 μοι
3091 2114 3234 2172 δοκεῖ
3246 2113 3483 2172 οὐδέποτ’
3511 2116 3688 2174 αὐτοῦ

2098 2203 2382 2283 πρότερον,
2414 2223 2540 2279 quae
2579 2205 2710 2261 vide
2739 2223 2813 2260 an
2841 2203 3222 2279 probabiliter
3259 2205 3680 2280 expediverim.

2099 2293 2435 2349 Fritzschius
2473 2289 2586 2367 ἅμα
2610 2289 2744 2366 με’θη
2771 2288 2826 2348 δέ
2853 2313 2944 2367 μοι
2962 2289 3126 2366 δοκεῖ,
3151 2303 3288 2361 οἱα,
3311 2311 3342 2348 a
3365 2311 3488 2366 quo
3513 2313 3685 2350 acce-

2096 2382 2288 2456 pimus
2313 2377 2373 2436 τὸ
2410 2379 2599 2455 μέθης,
2627 2379 3004 2455 significatum
3031 2381 3171 2436 illud
3207 2382 3268 2435 in
3293 2381 3554 2452 scholi0,
3585 2385 3686 2440 cui

2099 2470 2278 2525 verbo
2293 2470 2498 2526 similia
2517 2469 2788 2543 utrinque
2800 2469 3068 2526 videntur
3087 2468 3360 2525 offecisse.
3389 2493 3411 2518 ιι
3445 2470 3684 2529 Comoe-

2100 2557 2254 2613 diam
2283 2559 2605 2632 ingeniosus
2627 2568 2802 2632 poeta
2823 2577 3062 2614 uxorem
3085 2575 3244 2613 suam
3267 2575 3386 2614 esse
3407 2557 3686 2629 finxerat,

2099 2645 2197 2701 sed
2234 2645 2546 2701 divortium
2590 2663 2722 2700 eum
2757 2647 2964 2700 marito
3009 2645 3290 2701 facturam
3308 2653 3366 2700 et
3389 2645 3686 2712 κακώσεως

2101 2735 2258 2790 litem
2291 2735 2344 2790 ei
2371 2736 2716 2790 intenturam
2753 2755 2764 2788 :
2794 2753 2911 2808 quo
2947 2735 3209 2810 cognito,
3234 2735 3334 2807 qui
3354 2733 3511 2791 sorte
3537 2736 3686 2792 ade·

2100 2832 2246 2892 rant,
2289 2823 2502 2879 Cratini
2542 2823 2844 2878 familiares
2889 2822 3194 2877 obsecrant
3229 2822 3568 2894 mulierem,
3619 2835 3688 2880 ut

2100 2929 2173 2967 ne
2202 2910 2342 2985 quid
2364 2921 2570 2969 temere
2597 2911 2788 2981 faciat,
2819 2922 2897 2981 et,
2931 2931 3056 2986 quae
3079 2913 3151 2968 sit
3170 2921 3336 2967 tantae
3360 2911 3688 2971 inimicitiae

2103 3018 2288 3069 causa,
2317 3012 2595 3074 quaerunt.
2624 3004 2768 3056 Tum
2802 3002 2900 3056 illa
2931 3001 3257 3076 gravissime
3298 3003 3569 3075 queritur
3609 3004 3690 3061 de

2103 3089 2357 3162 Cratino,
2379 3088 2542 3163 quod
2559 3107 2616 3143 se
2640 3091 2994 3163 contemptui
3009 3090 3220 3145 habeat
3241 3099 3543 3163 totumque
3559 3111 3690 3147 sese

2105 3177 2443 3232 temulentiae
2469 3176 2790 3246 tradiderit,
2820 3173 2970 3235 ὅτι...
3000 3178 3066 3251 τῇ
3093 3174 3253 3254 Μέθῃ
3281 3183 3370 3251 (ν.
3393 3178 3580 3239 schol.
3611 3178 3630 3255 )
3670 3199 3686 3237 ε

2103 3265 2181 3319 sic
2218 3266 2372 3319 enim
2399 3264 2768 3321 scribendum
2800 3283 2912 3339 pro
2942 3260 3022 3320 ὅτι
3054 3260 3129 3339 μὴ
3155 3262 3404 3343 κωμῳδοῖ
3427 3262 3462 3333 ἢ
3485 3264 3692 3339 μηκέτι

2107 3353 2259 3429 σχολ.
2290 3355 2360 3430 τῇ
2391 3350 2548 3429 μέθῃ.
2583 3353 2670 3411 Cf.
2697 3352 2856 3411 Suid.
2880 3372 2926 3411 s.
2954 3372 3013 3411 ν.
3041 3348 3265 3411 Κώδιον.
3293 3356 3376 3409 Ex
3411 3357 3692 3412 oratioue

2103 3442 2438 3513 Comoediae,
2473 3459 2588 3515 qua
2613 3441 3024 3498 criminabatur
3053 3442 3320 3497 maritum
3341 3440 3570 3513 fictum,
3593 3464 3690 3501 ve-

2103 3531 2189 3585 lut
2214 3532 2268 3584 in
2286 3530 2513 3601 judicio
2550 3529 2641 3603 (v,
2668 3528 2927 3587 Clemens
2955 3530 3114 3587 Alex.
3141 3531 3351 3588 Strom.
3383 3530 3443 3601 6,
3467 3550 3530 3605 p.
3561 3532 3688 3589 265

2103 3620 2297 3695 Sylh.)
2327 3620 2440 3675 hoe
2465 3619 2534 3677 sr.
2564 3629 2622 3675 et
2652 3636 2685 3673 α
2706 3621 2907 3694 petita.
2941 3618 3154 3675 Audita
3173 3621 3431 3675 oratione
3455 3621 3692 3678 Comoe-

2105 3709 2209 3764 diae
2239 3709 2453 3763 amicos
2489 3708 2722 3763 consilia
2747 3707 2818 3764 de
2857 3708 3071 3783 optime
3097 3707 3353 3763 curando
3395 3708 3505 3763 isto
3535 3710 3688 3766 Cra-

2104 3797 2209 3851 tini
2237 3796 2378 3851 vitio
2407 3796 2593 3851 iniisse
2625 3795 2855 3869 colligas
2883 3812 2913 3851 e
2951 3794 3158 3869 fragm.
3194 3811 3292 3868 ap.
3324 3794 3538 3852 Athen.
3581 3816 3608 3851 1
3629 3816 3687 3865 1,

2102 3904 2164 3959 p.
2200 3891 2340 3959 494,
2385 3885 2456 3953 C,
2487 3883 2692 3957 quibus
2729 3883 2996 3939 omnibus
3041 3884 3122 3939 sic
3143 3882 3266 3939 .ille
3314 3884 3692 3958 respondisse

2101 3973 2356 4047 videtur,
2406 3985 2472 4028 ut
2516 3973 2657 4027 nihil
2697 3973 2909 4047 egregii
2945 3970 3204 4046 proferre
3247 3988 3415 4045 posse
3457 3971 3692 4030 diceret

2103 4073 2332 4135 poetam
2351 4101 2367 4130 ,
2400 4063 2505 4117 nisi
2529 4062 2663 4115 vino
2694 4060 3016 4115 incaluisset
3044 4078 3058 4113 :
3093 4077 3152 4115 v.
3179 4058 3251 4115 fr.
3276 4058 3330 4113 6.
3360 4083 3383 4108 n
3411 4060 3462 4113 E
3487 4061 3686 4115 Mein.

2863 4194 2918 4231 2.

2185 4281 2533 4355 Porphyrius
2561 4281 2717 4353 apud
2763 4280 3098 4335 scholiasten
3129 4280 3301 4334 Hom.
3332 4278 3538 4351 Odyss.
3589 4278 3687 4352 Θ,

2111 4368 2243 4437 186,
2276 4369 2348 4425 de
2387 4358 2421 4437 ἦ
2465 4378 2522 4425 e‘t
2573 4358 2636 4437 ἦν
2672 4370 2945 4424 disserens
2981 4386 2996 4423 τ
3031 4366 3133 4423 τῶν
3174 4362 3228 4421 δὲ
3260 4362 3510 4422 Ἀττικῶν
3559 4365 3687 4423 ἐστι

2103 4456 2250 4535 παρὰ
2283 4455 2527 4534 Κρατίνῳ
2557 4457 2608 4512 ἐν
2645 4454 2866 4533 Πυτίνῃ,

2201 4574 2352 4644 Γυνὴ
2385 4565 2443 4635 δ’
2477 4569 2700 4635 ἐκείνου
2728 4568 3014 4661 πρότερον
3045 4566 3108 4648 ἦ,
3151 4576 3249 4631 νῦν
3295 4560 3352 4631 δ’
3396 4568 3629 4632 οὐκέτι.

2103 4702 2194 4757 Sic
2219 4702 2348 4754 item
2367 4698 2584 4754 scholia
2599 4706 2797 4753 veneta
2815 4696 2888 4751 ad
2913 4696 3075 4751 lliad.
3105 4697 3148 4749 E
3163 4736 3179 4761 ‚
3209 4694 3339 4759 533,
3374 4695 3596 4768 pariter
3617 4684 3686 4761 ἦν

2049 4904 2060 4989 ἱ
2102 4896 2298 4969 partim
2325 4894 2396 4951 ob
2419 4901 2756 4951 senectutem
2791 4898 2810 4959 (
2835 4893 3018 4963 suppl.
3048 4890 3174 4946 talis
3202 4894 3340 4955 est),
3363 4888 3569 4959 partim
3597 4896 3684 4943 te-

3119 4974 3432 5045 mulentia,
3457 4974 3686 5045 opinor

2103 5078 2342 5143 potuque
2369 5068 2506 5124 nihil
2527 5065 2738 5122 videtur
2766 5066 2843 5121 illi
2869 5080 2990 5121 esse
3011 5061 3293 5133 antiquius

2863 5158 2912 5205 2.

2103 5248 2254 5302 Uxor
2280 5244 2424 5300 illius
2455 5250 2612 5299 antea
2637 5240 2750 5309 fui,
2779 5255 2928 5296 nunc
2953 5253 3066 5294 non
3095 5234 3350 5309 amplius·
