3809 5850
479 431 591 484 2⁴8

859 571 1134 633 XXVIII.
1182 573 1660 635 ΥΠΕΡΒΟΛΟΣ.

559 723 584 748 α
621 701 990 775 Hyperbolus
1027 713 1190 758 natus
1219 704 1326 758 suit
1351 716 1515 778 patre
1549 707 1826 762 incertum
1849 716 2043 762 utrum

472 789 693 858 Attice,
719 807 790 844 an
811 792 1115 864 peregrino
1141 791 1226 864 (v,
1249 793 1322 850 fr.
1347 793 1442 868 8),
1467 795 1786 869 Antiphane
1815 794 1898 870 (v.
1928 794 2049 850 An-

470 876 707 931 drotion
745 877 901 950 apud
950 879 1126 936 schol.
1174 881 1413 935 Luciani
1453 881 1567 937 vol.
1608 901 1660 952 1,
1705 900 1764 955 p.
1807 880 1915 948 154
1944 883 2039 941 ed.

471 966 622 1038 Lips.
642 963 690 1037 ),
715 965 808 1020 vel
829 963 1128 1022 Chremete
1145 1011 1160 1033 ,
1184 969 1493 1024 secundum
1514 969 1953 1045 Theopompum
1988 971 2047 1025 in

469 1069 713 1106 excursu
757 1051 831 1109 de
869 1052 1227 1128 demagogis,
1271 1075 1464 1130 quem,
1504 1066 1641 1112 teste
1679 1057 1951 1113 Athenaeo
1982 1064 2043 1128 4,

469 1157 533 1212 p.
567 1138 702 1211 166,
734 1141 813 1210 D,
843 1140 1068 1198 decimo
1116 1145 1494 1202 Historiarum
1534 1144 1684 1202 libro
1725 1145 2046 1218 addiderat,

470 1225 624 1300 apud
669 1226 914 1284 eundem
953 1230 1130 1289 schol.
1170 1250 1231 1305 p.
1282 1231 1416 1302 155,
1442 1243 1498 1288 01
1525 1233 1708 1292 schol.
1754 1235 2043 1309 Aristoph.

469 1315 626 1370 Pacis
653 1315 800 1388 680,
823 1318 921 1373 ubi
951 1316 1227 1396 Χρέμητος
1263 1321 1567 1396 legendum
1595 1331 1677 1378 est
1701 1341 1810 1396 pro
1841 1319 2043 1400 Χρέμι-

467 1401 574 1466 δος.
602 1403 856 1462 AElianus
880 1417 1066 1462 autem
1092 1411 1156 1466 V.
1199 1410 1270 1464 Η.
1307 1427 1401 1478 12,
1435 1407 1508 1476 43
1547 1430 1558 1463 :
1593 1405 1928 1488 Ὕπερὸόλου
1952 1407 2041 1466 καὶ

469 1489 809 1568 Κλεοφῶντος
851 1491 1016 1558 οὐδεὶς
1058 1491 1121 1550 ἂν
1158 1491 1294 1552 εἴποι
1323 1491 1441 1561 τοὺς
1469 1493 1718 1573 πατέρας.
1762 1497 1888 1554 1100
1918 1509 2046 1553 111111

465 1589 572 1648 est,
599 1590 751 1637 certe
779 1579 1056 1640 obscurus
1083 1583 1258 1639 homo
1283 1583 1571 1659 fuitpater
1606 1586 1874 1659 omnique
1901 1606 2044 1643 con-

338 1737 346 1744 ·
466 1669 710 1723 tumeliae
743 1686 952 1742 genere
975 1672 1258 1746 oppletus,
1279 1682 1346 1727 ut
1367 1691 1538 1746 quem
1571 1673 1630 1726 in
1656 1673 1886 1747 publica
1910 1693 2042 1728 mo-

467 1767 599 1811 neta
625 1759 879 1813 serviisse
904 1761 1088 1815 tradat
1114 1761 1441 1817 Andocides
1477 1753 1633 1835 apud
1655 1763 1834 1817 schol.
1862 1765 2037 1838 Vesp.

473 1861 656 1914 ¹⁰⁰¹?
693 1861 880 1918 neque
921 1846 1304 1904 honestiorem
1337 1847 1502 1904 fuisse
1529 1851 1724 1904 matris
1748 1851 2038 1907 conditio·

461 1949 617 1999 nem,
647 1949 722 1987 ex
761 1933 1022 1988 Nubibus
1051 1933 1167 1989 550
1197 1953 1322 2008 sqq.
1359 1947 1418 1991 et
1451 1936 2042 2012 Thesmophoriazusis

463 2017 615 2091 (840
641 2023 830 2092 seqq.)
849 2020 1208 2106 intelligitur.
1237 2025 1361 2098 Ipse
1384 2021 1749 2106 Ilyperbolus
1771 2036 2041 2083 utrumne

461 2106 696 2164 Athenis
724 2120 891 2166 natus
921 2113 1013 2181 sit,
1059 2131 1134 2167 an
1177 2114 1589 2188 immigraverit
1617 2133 1748 2170 cum
1785 2117 2040 2188 parenti-

459 2194 600 2265 bus,
630 2215 747 2252 non
783 2209 1002 2254 constat
1039 2196 1130 2274 (v.
1161 2199 1235 2258 fr.
1270 2197 1358 2278 7).
1399 2201 1854 2256 Perithoidarum
1885 2198 2040 2280 δήμῳ

457 2284 770 2359 adscriptus
803 2287 988 2360 (Plut.
1032 2289 1216 2349 Alcib.
1269 2290 1374 2362 13,
1400 2291 1529 2348 Nic.
1587 2285 1709 2363 11),
1749 2291 1913 2345 initio
1947 2290 2039 2346 lu-

459 2376 642 2428 cernis
663 2375 1008 2430 fabricandis
1032 2377 1210 2432 vitam
1245 2378 1613 2446 sustentavit,
1645 2376 2040 2434 fraudulenter

457 2463 624 2517 etiam
645 2461 886 2537 plumbo
902 2483 1011 2539 pro
1031 2483 1141 2521 aere
1157 2483 1310 2520 usus.
1331 2465 1553 2540 (Schol.
1573 2466 1824 2521 Nubium
1845 2467 1993 2534 1064
2018 2488 2032 2523 :

457 2549 517 2606 οὗ
547 2547 650 2628 γὰρ
673 2551 860 2628 χαλκῷ
890 2549 1046 2628 μόνον
1075 2552 1268 2630 ἐχρῆτο
1291 2551 1418 2630 πρὸς
1448 2551 1544 2623 τὴν
1572 2553 1676 2610 τῶν
1703 2549 1909 2630 λύχνων
1934 2577 2033 2611 κα-

457 2635 744 2714 τασκευὴν,
794 2637 930 2696 ἀλλὰ
981 2637 1073 2696 καὶ
1113 2639 1361 2714 μόλιὸδον
1385 2639 1655 2716 ἐνετίθει.)
1686 2642 1822 2696 Mox
1847 2653 2037 2700 autem

459 2727 649 2782 forum
688 2729 1076 2804 frequentans,
1117 2729 1492 2785 defendendis
1509 2771 1526 2804 ,
1552 2730 1840 2804 magisque
1868 2751 2035 2790 accu-

456 2815 666 2888 sandis,
694 2817 915 2872 civibus
943 2834 1180 2890 operam
1203 2817 1398 2888 dedit;
1423 2827 1480 2873 et
1506 2817 1578 2872 ad
1609 2819 1783 2890 ipsam
1812 2838 2037 2893 rempu-

457 2903 668 2959 blicam
737 2905 1086 2961 tractandam
1165 2916 1388 2961 mature
1464 2906 1695 2961 accessit
1765 2907 2034 2982 (Luciani

457 2992 639 3051 schol.
672 2994 712 3051 l.
741 2992 781 3052 l.
815 3012 829 3049 τ
860 2994 1114 3071 Κρατῖνος
1132 2994 1188 3049 ἐν
1212 2988 1411 3069 Ὥραις
1428 2993 1497 3057 ὥς
1518 2992 1890 3071 προσελθόντος
1916 2994 2033 3053 νέου

455 3081 532 3155 τῷ
557 3078 759 3155 βήματι
787 3076 1052 3156 μέμνηται
1079 3078 1170 3137 καὶ
1193 3080 1318 3159 παρ’
1348 3078 1556 3150 ἡλικίαν
1575 3078 1616 3157 ),
1648 3082 1822 3155 idque
1845 3084 2033 3140 incre·

457 3168 618 3223 dibili
651 3168 900 3242 quadam
923 3170 1278 3243 impudentia
1296 3180 1355 3224 et
1383 3170 1536 3242 turpi
1558 3168 1816 3224 socordis
1834 3172 2031 3243 plebe·

459 3256 598 3311 culae
637 3256 966 3313 adulatione
998 3256 1081 3333 (v.
1115 3257 1402 3315 Maximus
1438 3260 1572 3330 Tyr.
1601 3275 1700 3332 20,
1728 3276 1792 3331 p.
1824 3259 1930 3333 391
1959 3259 1977 3335 )
2012 3280 2027 3316 τ

452 3362 642 3418 neque
662 3347 812 3400 enim
836 3347 1171 3419 eloquentiae
1197 3346 1480 3401 illecebris
1502 3346 1789 3400 hominem
1811 3348 2033 3405 animos

457 3434 872 3493 Atheniensium
907 3436 1019 3492 sibi
1039 3436 1397 3505 conciliasse,
1421 3436 1512 3489 vel
1541 3436 1652 3490 1100
1681 3435 2029 3494 documento

451 3534 558 3599 est,
603 3524 763 3596 quod
799 3522 972 3582 refert
1018 3526 1398 3596 Quintilianus
1424 3525 1588 3581 Instt.
1636 3534 1784 3583 orat.
1839 3544 1892 3595 1,
1933 3544 2028 3601 10,

460 3610 529 3667 18
552 3631 565 3665 :
591 3613 846 3666 Maricas
867 3610 1249 3687 (Eupolidis),
1270 3617 1366 3685 qui
1385 3625 1469 3668 est
1487 3612 1855 3685 Hyperbolus,
1879 3613 2035 3669 nihil

451 3719 511 3753 ,1-0
536 3718 612 3755 ea:
645 3706 863 3754 musicis
886 3707 1026 3755 scire
1045 3706 1154 3754 nisi
1189 3704 1405 3755 litteras
1415 3702 1726 3775 profitetur.
1751 3702 1936 3758 Immo
1958 3721 2031 3759 ne

450 3788 619 3842 attice
655 3788 891 3860 quidem
929 3806 1060 3843 eum
1090 3789 1345 3842 locutum
1374 3806 1522 3855 esse,
1570 3806 1602 3842 e
1646 3788 1965 3861 fragmento
2000 3810 2021 3845 1

451 3873 617 3945 hujus
644 3875 846 3929 fabulae
881 3876 1198 3947 suspiceris.
1240 3876 1353 3931 Sed
1388 3875 1584 3947 quoad
1613 3874 1790 3931 Cleon
1827 3876 2028 3950 reipu-

453 3958 619 4015 blicae
646 3962 904 4033 praefuit,
939 3962 1310 4034 Hyperbolus
1345 3962 1571 4015 nonnisi
1604 3962 1877 4017 secundas
1899 3980 2029 4037 age·

455 4049 552 4101 bat
583 4048 638 4101 in
665 4049 930 4117 civitate3
965 4050 1064 4103 illo
1093 4059 1282 4103 autem
1307 4058 1556 4113 mortuo,
1586 4048 1931 4123 olympiadis
1952 4052 2028 4126 89

453 4154 603 4190 anno
634 4154 668 4189 α
698 4137 787 4191 νο1
823 4136 854 4189 3
886 4136 1031 4211 (422
1067 4136 1156 4192 vel
1194 4144 1302 4203 4²¹
1352 4146 1482 4191 ante
1519 4135 1653 4193 Chr.
1691 4136 1879 4211 nat.),
1923 4158 2025 4212 po-

455 4224 626 4297 pulus
645 4242 714 4278 ex
738 4232 884 4277 nutu
900 4222 1022 4293 ejus
1038 4265 1057 4296 ,
1084 4221 1242 4277 velut
1285 4224 1433 4296 genii
1459 4222 1782 4294 cujusdam,
1812 4224 2025 4298 pende·

455 4311 572 4381 bat,
595 4321 869 4386 tantoque
897 4310 1336 4385 perditissimum
1361 4311 1646 4365 hominem
1673 4311 1868 4368 favore
1895 4330 2024 4367 am-

1469 426 1880 490 COMOEDIAE'
1925 427 2259 492 VETERIS
2300 431 2705 508 RELIQUIAE.

2136 566 2296 623 Brut.
2331 566 2405 622 62
2440 586 2455 622 ε
2487 569 2791 643 Hyper-boli
2818 573 3217 646 improbitatem
3248 586 3440 629 veteres
3458 579 3623 632 Attico-

2136 673 2257 710 rum
2284 659 2579 712 comoede‘oe
2614 661 2971 734 notaverunt)
3017 661 3091 715 ad
3123 663 3383 718 saniorem
3406 666 3623 721 rationem

2136 755 2525 814 revocaretur,
2554 748 2842 822 inopinate
2874 747 2945 803 de
2973 767 3191 804 summo
3210 791 3225 818 ,
3254 751 3322 806 ad
3342 751 3481 824 quod
3503 754 3623 806 malis

2137 833 2355 888 artibus
2390 835 2742 902 ascenderat,
2782 836 3018 892 honoris
3065 839 3425 912 potentiaeque
3454 839 3622 914 fastigio

2137 917 2468 977 deturbatus
2489 920 2694 997 jacuit.
2718 924 2908 982 Nicias
2926 927 3105 996 enim,
3126 929 3214 981 vel
3242 927 3423 981 Phaeax
3445 925 3623 1004 (dehoc

2134 1007 2552 1084 Theophrastus
2584 1011 2739 1085 apud
2770 1013 2919 1070 Plut.
2962 1015 3091 1073 Nic.
3131 1033 3221 1087 11,
3258 1026 3312 1070 01
3346 1015 3503 1072 schol.
3534 1019 3621 1071 Lu-

2134 1093 2286 1150 ciani
2311 1098 2354 1155 l.
2390 1099 2486 1168 1.),
2516 1117 2691 1172 quum
2729 1101 3116 1176 principatum
3153 1104 3363 1177 eripere
3396 1103 3623 1157 studerent

2136 1181 2453 1256 Alcibiadi,
2497 1185 2864 1262 Hyperbolus
2908 1189 3245 1244 alterutrum
3276 1207 3453 1246 eorum
3488 1201 3621 1244 ostra·

2134 1272 2315 1328 cismo
2344 1273 2627 1346 expellere
2666 1293 2736 1330 ex
2778 1277 2967 1349 patria
2998 1287 3229 1332 conatus
3260 1286 3361 1344 est,
3400 1295 3501 1349 quo
3523 1276 3623 1330 faci-

2133 1357 2243 1414 lius
2270 1361 2339 1430 is,
2370 1361 2471 1434 qui
2514 1361 2895 1431 remansisset,
2922 1379 3025 1417 sua
3046 1361 3223 1438 ipsius
3250 1381 3411 1438 opera
3429 1381 3623 1418 summo-

2132 1459 2361 1503 veretur
2390 1467 2405 1502 ε
2450 1459 2511 1504 at
2542 1460 2743 1505 contra
2777 1451 3035 1506 omnium
3058 1453 3505 1526 exspectationem
3536 1451 3625 1523 ipse

2134 1535 2498 1610 Hyperbolus
2516 1577 2533 1606 ,
2560 1538 2927 1595 machinante
2944 1540 3205 1614 inprimis
3238 1539 3521 1610 Alcibiade,
3544 1557 3621 1592 eo·

2133 1622 2265 1679 dem
2294 1625 2629 1682 testularum
2656 1625 2880 1697 judicio
2900 1627 3199 1692 damnatus
3216 1640 3311 1698 est,
3330 1627 3625 1702 olympiadis,

2132 1721 2198 1766 ut
2244 1712 2493 1782 videtur,
2534 1731 2605 1786 91
2642 1733 2797 1770 anno
2839 1734 2862 1771 1
2898 1713 3059 1794 (ante
3098 1718 3235 1775 Chr.
3263 1713 3617 1788 11111415)εν.

2132 1796 2286 1858 Plut.
2319 1803 2500 1858 Alcib.
2551 1802 2641 1871 13,
2662 1804 2791 1862 Nic.
2833 1821 2928 1874 11,
2962 1806 3199 1864 Aristid.
3237 1825 3293 1877 7.
3328 1806 3622 1877 Theopomp.

2129 1887 2350 1943 scholio
2388 1890 2461 1944 ad
2502 1894 2665 1964 Vesp.
2697 1909 2837 1946 1001
2863 1931 2881 1960 ,
2918 1893 3019 1948 ubi
3060 1891 3271 1967 legitur
3308 1889 3625 1968 ἐξωστράκισαν

2129 1975 2217 2034 τὸν
2246 1975 2567 2057 Ὑπέρὸολον
2610 1977 2664 2047 ἓξ
2689 1979 2780 2048 ἔτη
2818 2001 2929 2056 pro
2956 1980 3121 2052 δέκα,
3150 1983 3249 2038 sed
3286 1980 3549 2056 legendum
3568 1989 3629 2034 est

2129 2065 2283 2124 πέντε
2298 2081 2529 2127 auctore
2554 2070 2897 2127 Philochoro
2922 2071 2981 2126 in
3008 2071 3324 2146 fragmento
3344 2071 3509 2126 Lexici
3530 2069 3627 2122 rhe-

2130 2167 2236 2213 tor.
2266 2157 2423 2231 apud
2450 2158 2636 2217 Dobr.
2668 2160 2727 2213 in
2756 2160 2911 2214 calce
2940 2159 3127 2214 Photii
3154 2179 3213 2236 p.
3240 2158 3379 2230 675,
3400 2157 3489 2231 qui
3510 2157 3629 2210 locus

2125 2245 2205 2300 sio
2244 2245 2417 2301 habet
2446 2265 2461 2300 :
2490 2249 2669 2303 τοῦτον
2719 2244 2873 2322 (scil.
2920 2244 3009 2303 τὸν
3051 2241 3515 2324 ἐξοστρακισθέντα)
3532 2240 3627 2310 ἔδει,

2125 2327 2193 2386 τὰ
2224 2329 2403 2388 δίκαια
2431 2331 2587 2391 δόντα
2624 2330 2715 2390 καὶ
2750 2331 2980 2392 λαὸόντα
3013 2332 3145 2412 ὑπὲρ
3174 2332 3279 2392 τῶν
3310 2333 3441 2391 ἰδίων
3478 2331 3627 2389 euval-

2125 2418 2433 2494 λαγμάτων,
2472 2419 2527 2478 ἒν
2561 2417 2690 2479 δέκα
2716 2420 2941 2499 ἡμέραις
2972 2426 3301 2498 μεταστῆναι
3339 2424 3427 2490 τῆς
3466 2419 3623 2480 πόλεως

2125 2504 2217 2578 ἔτη
2244 2505 2393 2565 δέκα·
2418 2505 2632 2588 ὕστερον
2660 2507 2717 2566 δὲ
2758 2508 2993 2585 ἐγένοντο
3018 2507 3200 2570 πέντε.
3245 2509 3499 2583 Adeoque
3528 2525 3627 2562 mox

2124 2595 2245 2667 ejus
2272 2595 2403 2652 facti
2428 2600 2700 2672 poenituit
2724 2599 3117 2667 Athenienses,
3144 2601 3245 2672 qui
3276 2617 3389 2654 non
3414 2594 3491 2653 διὰ
3512 2593 3629 2650 δυνά·

2124 2705 2261 2758 μεως
2270 2683 2363 2742 καὶ
2376 2682 2671 2762 ἀξιώματος
2678 2683 2861 2764 φόὸον,
2874 2683 3012 2742 ἀλλὰ
3024 2683 3115 2743 διὰ
3126 2684 3377 2764 πονηρίαν
3392 2683 3473 2742 καὶ
3482 2679 3625 2758 αἰσχύ·

2122 2793 2213 2842 νην
2235 2774 2329 2842 τῆς
2351 2771 2551 2839 πόλεως
2575 2775 2790 2850 (Τ11110.
2810 2775 2871 2848 8,
2896 2776 2967 2846 73
2984 2771 3027 2850 ),
3053 2777 3377 2850 improbum
3396 2773 3629 2829 hominem

2118 2861 2509 2918 honestissimo
2524 2882 2707 2939 poenae
2724 2882 2931 2939 genere
2944 2863 3281 2939 affecissent,
3304 2875 3365 2918 ut
3380 2879 3487 2918 eam
3504 2859 3613 2914 abro

2122 2962 2316 3025 garent
2346 2950 2531 3026 (Plut.
2558 2954 2683 3010 Nic.
2720 2972 2744 3008 1
2762 2973 2783 3007 1
2808 2954 2851 3026 ).
2896 2952 3137 3009 Secessit
3170 2963 3353 3009 autem
3386 2944 3627 3024 Hyperbo-

2121 3040 2207 3094 lus
2228 3040 2398 3095 exilio
2422 3042 2691 3096 multatus
2708 3042 2769 3096 in
2785 3042 3017 3097 Samum
3055 3042 3321 3109 insulam,
3347 3040 3437 3095 ubi
3458 3040 3627 3109 olymp·

2120 3146 2225 3201 92,
2260 3148 2283 3182 1
2316 3125 2335 3207 (
2358 3140 2489 3184 ante
2516 3130 2649 3187 Chr.
2679 3141 2799 3187 nat.
2840 3135 2947 3195 411
2976 3129 3093 3205 )ab
3136 3128 3457 3187 adversariis
3488 3142 3611 3199 popu

2119 3215 2252 3270 laris
2292 3217 2515 3291 imperii
2555 3228 2811 3289 necatus,
2854 3236 3182 3293 corpusque
3222 3218 3341 3289 ejus
3378 3226 3631 3270 contume-

2120 3304 2258 3360 liose
2288 3315 2593 3361 tractatum
2631 3316 2689 3361 et
2728 3306 2789 3359 in
2816 3324 2973 3361 mare
3007 3305 3293 3379 abjectum
3336 3303 3435 3359 fuit
3460 3298 3629 3379 (Thur.

2120 3392 2159 3448 l.
2192 3412 2242 3449 0.
2269 3404 2378 3447 010.
2403 3392 2447 3468 ).

2197 3482 2325 3535 Jam
2366 3483 2483 3556 ipsa
2522 3480 2642 3537 haec
2669 3481 2921 3537 Platonis
2958 3480 3245 3537 comoedia
3288 3498 3401 3553 quo
3428 3488 3632 3546 tempore

2118 3579 2244 3625 acta
2270 3570 2363 3641 sit,
2412 3569 2513 3625 etsi
2561 3588 2731 3625 nemo
2781 3569 2986 3625 diserte
3036 3570 3275 3625 tradidit
3297 3612 3314 3639 ,
3354 3580 3519 3623 tamen
3546 3578 3631 3614 non

2119 3656 2363 3713 multum
2387 3676 2421 3713 a
2444 3676 2581 3712 vero
2603 3658 2973 3727 aberraveris,
2984 3656 3032 3711 si
3060 3658 3281 3731 olymp.
3315 3674 3406 3729 91,
3422 3672 3453 3708 a
3470 3652 3630 3705 factu-n

2117 3748 2398 3805 existimes
2450 3756 2583 3819 post
2634 3745 3057 3800 damnationem
3098 3745 3349 3800 hominis
3388 3762 3400 3796 ε
3434 3760 3482 3794 v.
3520 3737 3631 3790 Plut-

2118 3836 2242 3893 Nic.
2276 3854 2297 3890 1
2317 3856 2368 3905 1,
2395 3846 2455 3891 et
2488 3835 2677 3891 Alcib.
2708 3834 2803 3909 13,
2826 3834 3033 3909 fragm.
3070 3834 3279 3889 fabulae
3303 3851 3356 3901 1,
3394 3822 3631 3903 quodnisi

2116 3924 2345 3980 absente
2368 3922 2703 3999 Hyperbolo
2728 3922 2906 3979 scribi
2940 3940 3059 3977 11011
3076 3923 3287 3997 potuit,
3312 3930 3420 3977 etc.
3448 3942 3469 3969 ν
3498 3915 3541 3971 Ε
3566 3912 3631 3965 Μ.

2202 4148 2564 4205 Herodianus
2594 4145 2729 4226 Περὶ
2754 4168 2871 4221 μον.
2915 4143 3103 4212 λέξεως
3134 4164 3195 4220 p.
3228 4164 3324 4215 20,
3356 4164 3377 4200 1
3410 4132 3636 4200 ε11λᾶτων

2116 4234 2295 4310 μέντοι
2319 4237 2349 4293 ὃ
2372 4234 2601 4311 κωμικὸς
2629 4237 2682 4293 ἐν
2713 4232 3028 4313 Ὑπερόόλῳ
3060 4231 3295 4299 διέπαιξε
3316 4230 3409 4301 τὴν
3432 4226 3541 4284 ἄνευ
3562 4224 3633 4277 τοῦ

2114 4346 2148 4398 γ
2169 4328 2359 4403 χρῆσιν
2384 4324 2601 4401 (quum
2619 4324 2891 4381 dicebant
2912 4320 3047 4389 ὀλίος
3074 4340 3189 4398 pro
3212 4316 3431 4398 ὀλίγος),
3456 4316 3519 4380 ὥς
3536 4308 3635 4389 βάρ-

451 4401 650 4473 plexus
679 4410 787 4469 est,
823 4411 904 4471 ut,
937 4402 1195 4473 quamvis
1215 4400 1370 4455 dona
1413 4400 1814 4475 AEgyptiorum
1849 4400 2023 4457 Athe·
2117 4409 2296 4491 ὄαρον,
2324 4409 2491 4488 λέγων
2518 4408 2698 4476 οὕτως·

451 4488 737 4543 aiensibus
757 4488 922 4543 missa
940 4487 1043 4542 sibi
1059 4488 1168 4542 soli
1180 4487 1536 4556 vindicasset,
1547 4498 1736 4542 tamen
1752 4489 2024 4544 exercitui

453 4594 586 4631 eum
615 4574 968 4651 praeficerent
994 4586 1052 4631 ct
1072 4576 1552 4631 hieromnemonis
1583 4594 1817 4631 munere
1845 4596 2021 4632 orna-

449 4674 577 4719 rent
622 4661 829 4738 (schol.
888 4664 1176 4737 Aristoph.
1225 4663 1368 4723 Ach.
1414 4663 1530 4731 846
1573 4674 1630 4719 01
1661 4664 1812 4719 Nub.
1849 4661 2017 4739 620).

447 4753 534 4807 Ita
572 4769 750 4824 quum
778 4769 884 4825 per
929 4753 1151 4824 aliquot
1198 4771 1377 4807 annos
1419 4753 1670 4826 primum
1721 4749 1915 4807 locum
1961 4753 2022 4807 in

447 4837 750 4913 republica
789 4840 1052 4894 tenuisset
1095 4850 1154 4895 et
1191 4858 1264 4894 ne
1303 4840 1744 4895 mordacissimis
1787 4840 2022 4915 quidem

447 4928 814 4985 Comicorum
855 4924 1065 4983 salibus
1105 4924 1192 5002 (ν.
1228 4930 1377 4985 Ρ1111.
1425 4929 1611 4985 Alcib.
1675 4928 1763 4986 13.
1815 4928 2019 4987 Cicero

1977 5048 2323 5073 --...........,.-

991 5114 1494 5168 HYPERBOLUS.

1210 5206 1258 5255 1.

453 5288 552 5345 1110
581 5304 702 5344 vero
725 5304 834 5344 nou
863 5288 1227 5357 atticissabat,
1259 5304 1291 5343 o
1326 5304 1460 5344 carm
1483 5291 1701 5353 Parem,

2212 4554 2267 4612 Ο
2297 4538 2357 4610 δ’
2395 4550 2462 4611 οὗ
2496 4542 2610 4639 γὰρ
2640 4538 2981 4629 ἡττίκιζεν,
3002 4538 3053 4608 ὦ
3082 4550 3307 4634 Μοῖραι
3332 4539 3515 4631 φίλαι,

2210 4660 2378 4741 ἀλλ’,
2420 4658 2606 4725 ὁπότε
2635 4657 2745 4750 μὲν
2774 4656 2940 4751 χρείη
2966 4652 3006 4723 δ
3022 4682 3094 4748 ιῃ
3112 4659 3213 4721 τώ
3232 4678 3369 4745 μην
3400 4650 3591 4739 λέγειν,

2208 4774 2417 4865 ἔφασκ’
2464 4764 2671 4838 ἐδιαι
2691 4775 2787 4837 τώ
2806 4797 2901 4863 μῃ
2918 4794 2973 4837 ν·
3014 4768 3203 4837 ὁπότε
3236 4763 3296 4835 δ’
3339 4766 3507 4831 εἰπεῖν
3534 4752 3635 4823 δέοι

2208 4888 2495 4981 ὀλίγον,
2522 4886 2595 4973 (ὁ
2622 4878 2683 4953 δ’
2715 4883 2741 4979 )
2774 4885 3003 4952 ὀλίον
3040 4886 3267 4977 ἔλεγεν.

2114 5112 2233 5180 sed,
2254 5113 2301 5169 si
2320 5115 2348 5164 ὃ
2368 5116 2524 5185 ιῃτώ
2542 5130 2656 5183 μην
2676 5110 2897 5185 quidem
2921 5107 3216 5165 dicendum
3246 5112 3379 5170 erat,

2120 5200 2503 5271 pronuntiabat
2523 5200 2543 5253 ἒ
2563 5201 2614 5250 δι
2630 5218 2688 5250 αι
2704 5218 2729 5251 τ
2744 5201 2788 5251 ὠ
2802 5219 2876 5269 μη
2892 5216 2916 5249 ν
2936 5216 2950 5263 ;
2984 5200 3065 5251 sin
3086 5202 3270 5250 autem
3296 5191 3391 5247 fari

2118 5288 2381 5357 ὀλίγον,
2413 5286 2763 5355 (1110)(1λίυν
2788 5284 3017 5341 dicebat.
