3809 5850
854 458 1847 610 COMOEDIAE
1945 472 2696 620 VETERIS

342 843 1767 1039 GRAECORUM
1899 864 3162 1056 POETARUM

512 1249 1529 1371 FRAGMENTA
1606 1257 1974 1406 QUAE
2053 1260 3002 1384 SUPERSUNT.

902 2011 953 2070 1.

676 2141 1177 2210 SUSARION.

214 2295 415 2350 Tzetzes
439 2297 599 2370 apud
638 2299 987 2353 emmeram
1012 2297 1235 2354 Anecd.
1277 2297 1460 2355 Oxon.
1504 2299 1623 2357 vol.
1658 2297 1717 2368 3,

158 2397 207 2449 p.
236 2379 337 2435 336
371 2402 385 2435 x
418 2379 489 2440 ‘O
520 2381 848 2461 Σουσαρίων
872 2371 1024 2448 οὗτος
1050 2385 1081 2440 ὁ
1106 2382 1357 2460 κωμικός·
1388 2383 1591 2464 φαύλης
1623 2387 1715 2454 τῆς

156 2469 369 2535 γυναικὸς
384 2467 573 2528 τούτου
602 2467 867 2549 φανείσης
886 2468 983 2528 καὶ
1006 2474 1186 2530 τοῦτον
1212 2471 1595 2546 ἀπολιπούσης,
1612 2473 1717 2531 εἰσ·

158 2553 297 2610 ελθὼν
324 2558 373 2612 ἐν
398 2560 475 2636 τῷ
496 2555 715 2638 θεάτρῳ
734 2554 1095 2636 ἀνεφθέγξατο
1112 2557 1252 2616 ταδί·

240 2665 482 2740 {insuere
510 2677 667 2758 λεῴ·
702 2672 1049 2765 Σουσαρίων
1080 2676 1251 2767 λέγει
1279 2667 1403 2740 τάδ
1408 2701 1467 2760 ε,

246 2781 357 2856 υἱὸς
378 2780 657 2846 Φιλίνου
691 2779 1042 2870 Μεγαρόθεν
1076 2772 1519 2873 Τριποδίσκιος·

238 2893 335 2953 οὐκ
360 2889 533 2953 ἔστιν
568 2885 767 2952 οἰκεῖν
798 2885 998 2952 οἰκίαν
1023 2882 1096 2953 ἄν
1104 2912 1167 2953 ευ
1198 2897 1407 2955 κακοῦ.

236 2992 531 3085 ,ζΚιὶγὰρ
558 2994 637 3057 τὸ
668 3003 869 3085 γῆμαι
896 2991 1099 3059 καὶτὸ
1130 2998 1211 3084 μὴ
1246 3004 1443 3086 γῆμαι
1475 2991 1717 3079 κακόν.)

156 3122 433 3175 Scholiasta
484 3120 757 3191 Dionysii
797 3119 1035 3175 Thracis
1070 3140 1135 3194 p.
1170 3121 1283 3191 748
1317 3140 1333 3179 :
1381 3122 1600 3197 Πρῶτον
1628 3112 1715 3177 οὖν

156 3207 301 3268 Στυτ.
316 3229 385 3271 τις
405 3210 509 3275 τῆς
522 3202 787 3284 ἐμμέτρου
817 3202 834 3283 (
857 3225 975 3261 non
992 3218 1177 3263 metro
1195 3209 1413 3283 solutae,
1430 3220 1493 3264 ut
1517 3210 1705 3284 Mega·

154 3299 373 3351 rensium
392 3314 463 3352 ex
490 3308 759 3371 tempore
778 3292 943 3369 fusae)
960 3292 1243 3373 κωμῳδίας
1262 3294 1493 3375 ἀρχηγὸς
1514 3295 1715 3374 ἐγένετο

156 3414 161 3438 ι
184 3382 251 3436 cf.
274 3388 467 3459 Aspar..
498 3382 577 3437 ad
598 3382 883 3455 Ecphant.
908 3384 1111 3440 incert.
1132 3382 1171 3459 ),
1191 3373 1251 3441 οἶ
1264 3382 1331 3440 τὰ
1356 3381 1450 3455 μὲν
1468 3382 1712 3461 δράματα

157 3489 287 3535 gnon
328 3472 543 3545 scripta
573 3474 665 3539 [v.
692 3471 935 3525 Bentleii
976 3468 1207 3531 Phalar.
1232 3491 1293 3547 p.
1325 3472 1441 3529 258
1469 3490 1628 3547 seqq.
1650 3478 1669 3543 ]
1692 3512 1709 3543 ‚

152 3557 215 3610 ad
240 3578 359 3631 quae
382 3556 615 3615 edenda
660 3558 924 3632 pluribus
951 3561 1247 3616 actoribus
1290 3560 1560 3615 utebatur
1582 3558 1710 3617 ἀτά·

152 3665 269 3709 am<
313 3641 705 3719 εἰσαγομένοις,
754 3665 877 3701 non
927 3646 1113 3703 tribus
1158 3648 1555 3703 tantummodo
1574 3688 1591 3716 ,
1648 3660 1715 3704 ut

152 3744 269 3803 post
308 3731 605 3806 Cratinus,
640 3744 782 3789 teste
822 3734 1126 3808 Anonymo
1154 3738 1239 3791 De
1266 3754 1418 3791 com.
1448 3752 1509 3809 p.
1536 3734 1705 3810 XVI)

150 3816 271 3895 Ἀίδῃ
298 3816 671 3893 κατενεμήθη,
710 3816 803 3875 δύο
834 3816 888 3875 δὲ
916 3818 953 3890 ἢ
993 3829 1131 3899 τρεῖς
1163 3819 1351 3895 ἶαμὸοι
1378 3824 1472 3878 τοῦ
1502 3817 1713 3899 πρώτου

153 3902 401 3977 δράματος
418 3904 505 3962 ἐπὶ
526 3903 712 3981 μνήμῃ
730 3902 991 3983 φέρονται·
1002 3905 1103 3965 εἶσὶ
1122 3907 1177 3967 δὲ
1192 3898 1333 3966 οὗτοι
1348 3906 1585 3967 Ἀκούετε
1600 3920 1709 3969 ete.

154 3990 401 4047 Similiter
420 3998 759 4067 Anonymus
776 3994 1025 4051 Crameri
1046 3996 1127 4051 ibi
1143 3997 1259 4054 vol.
1282 4004 1341 4070 4,
1357 4013 1417 4070 p.
1434 3996 1467 4051 3
1480 4016 1501 4051 1
1514 3994 1547 4053 5
1564 4014 1709 4072 seq.,

154 4080 241 4149 qui
282 4080 511 4152 quidem
552 4100 673 4136 non
722 4084 899 4157 magis
940 4102 1115 4157 quam
1157 4086 1381 4141 Tzetzes
1430 4094 1491 4141 et
1527 4084 1707 4140 schol.

160 4166 393 4239 Dionysii
418 4168 598 4223 habet
614 4185 841 4226 versum
868 4168 958 4225 καὶ
981 4166 1083 4247 γὰρ
1106 4200 1187 4212 -
1210 4168 1403 4239 κακὸν,
1429 4182 1712 4228 servatum

160 4254 299 4307 illum
322 4274 355 4309 a
376 4256 607 4311 Stobaeo
638 4258 793 4315 Flor.
822 4256 924 4331 69,
958 4277 1017 4328 2,
1044 4277 1149 4315 nec
1176 4278 1307 4315 sane
1334 4262 1713 4335 pertinentem

162 4340 223 4394 ad
246 4346 531 4417 superiora
556 4362 667 4400 nec
696 4345 771 4400 ab
791 4346 995 4401 eodem
1012 4386 1031 4416 ,
1070 4344 1235 4419 cujus
1260 4347 1358 4403 ilia
1385 4358 1537 4415 sunt,
1570 4365 1711 4421 pro·

166 4427 383 4499 fectum3
410 4451 587 4506 quem
612 4433 977 4489 Susarionem
1014 4434 1249 4491 credere
1286 4452 1359 4490 ne
1396 4435 1713 4493 Aristotelis

164 4515 371 4583 quidem
396 4519 669 4593 prohibet
690 4520 977 4575 silentium
1001 4540 1117 4594 quo
1141 4522 1269 4577 loco
1298 4523 1417 4596 agit
1444 4520 1517 4577 de
1538 4522 1713 4595 origi-

164 4603 309 4657 nibus
336 4608 661 4681 comoediae,
702 4606 1028 4664 Susarionis
1058 4610 1273 4666 lusibus
1300 4629 1418 4665 non
1452 4628 1711 4665 comme-

166 4694 403 4767 moratis,
434 4706 497 4750 ut
520 4714 773 4769 quorum
802 4697 1041 4753 sortasse
1062 4699 1289 4753 nonnisi
1318 4697 1411 4753 isti
1446 4698 1710 4753 versiculi

164 4794 505 4850 superessent.
548 4783 815 4843 Ceterum
850 4785 925 4841 de
966 4785 1305 4859 Tripodisco
1348 4784 1709 4858 Thucydides

174 4942 363 5011 Audite,
394 4948 607 5019 populi!
632 4950 893 5006 Susarion
926 4950 1048 5005 haec
1072 4949 1353 5021 praedicat,

174 5030 339 5088 Philini
362 5038 593 5108 Megaris
616 5038 765 5094 filius
786 5036 1169 5108 Tripodiscius
1199 5058 1209 5093 :

174 5118 341 5174 Maiutn
362 5125 643 5191 mulieres:
670 5130 941 5191 attamen,
966 5124 1117 5179 cives
1140 5126 1244 5179 mei
1265 5167 1281 5189 ,

350 5229 625 5267 nnat-quTA
661 5230 915 5267 (DROEDJAE
940 5230 1159 5265 vnctus.

1818 2024 1873 2088 1,,
1900 2039 2020 2090 ⁰70:
2059 2017 2170 2078 ἔστι
2216 2020 2269 2078 δὲ
2309 2021 2464 2097 κώμη
2494 2027 2588 2096 τῆς
2637 2025 2968 2107 Μεγαρίδος,
3016 2029 3182 2106 ὄνομα
3233 2037 3385 2094 τοῦτο

1816 2103 2044 2180 ἔχουσα,
2085 2105 2186 2165 ὑπὸ
2213 2111 2290 2188 τῷ
2313 2107 2420 2188 ὄρει
2460 2113 2526 2191 τῇ
2557 2113 2603 2172 Γ
2603 2113 2832 2196 ερανείᾳ.
2858 2117 2946 2178 Cf.
2980 2121 3216 2180 Pausan.
3267 2127 3379 2178 Ati.

1818 2193 1916 2264 43,
1947 2193 2004 2252 8.
2039 2197 2262 2253 Floruit
2281 2199 2557 2256 Susarion
2579 2213 2738 2260 sexto
2761 2206 2954 2262 seculo
2973 2217 3102 2264 ante
3121 2210 3256 2268 Chr.
3281 2229 3386 2266 na·

1814 2291 1952 2351 tum,
1981 2285 2134 2340 circa
2157 2287 2378 2362 olymp.
2411 2282 2507 2358 50,
2536 2309 2596 2359 2,
2624 2293 2793 2348 Urbis
2817 2294 3062 2350 conditae
3106 2295 3237 2366 175.
3265 2295 3384 2356 Me·-

1811 2373 2060 2444 garensis
2087 2373 2148 2428 in
2169 2375 2415 2432 Atticam
2435 2377 2747 2453 profectus,
2773 2381 2925 2455 apud
2953 2384 3196 2454 Icarios,
3242 2388 3380 2442 Dio-

1810 2459 2174 2530 nysiacorum
2225 2480 2520 2520 sacrorum
2563 2469 2722 2522 cultu
2769 2469 3122 2540 nobilitatos,
3159 2474 3382 2546 primus

1812 2546 2072 2602 omnium
2103 2551 2358 2608 versibus
2393 2554 2701 2612 comoedias
2723 2554 2984 2613 docuisse
3007 2557 3209 2628 fertur,
3237 2579 3384 2635 qua-

1812 2651 1940 2688 rum
1987 2635 2072 2691 ilii
2110 2655 2302 2694 versus
2341 2640 2456 2712 jam
2501 2643 2656 2716 apud
2689 2655 2906 2700 veteres
2947 2649 3080 2702 solae
3129 2649 3382 2722 reliquiae

1810 2733 1986 2778 erant.

2554 3015 2632 3069 11.

2315 3155 2840 3229 cmONlDFs.

1886 3294 2086 3351 Suidas
2115 3312 2130 3355 ε
2163 3292 2424 3369 Χιωνίδης
2453 3294 2752 3375 Ἀθηναῖος,
2779 3298 3010 3377 κωμικὸς
3032 3302 3126 3370 τῆς
3151 3302 3379 3380 ἀρχαίας

1806 3381 2118 3460 κωμῳδίας,
2147 3380 2204 3441 ὃν
2231 3382 2320 3441 καὶ
2355 3384 2566 3461 λέγουσι
2603 3384 3043 3463 πρωταγωνιστὴν
3089 3387 3376 3465 (actorem

1806 3470 2118 3543 primarum
2153 3472 2442 3545 partium)
2481 3469 2717 3545 γενέσθαι
2748 3474 2879 3542 [τῆς
2913 3472 3140 3551 ἀρχαίας
3179 3497 3373 3554 κωμῳ·

1806 3554 1918 3621 δίας
1941 3562 1995 3625 ],
2024 3554 2284 3614 διδάσκειν
2313 3554 2368 3614 δὲ
2408 3555 2575 3614 ἔτεσιν
2613 3554 2753 3615 ὀκτὼ
2795 3558 2896 3636 πρὸ
2931 3560 3036 3616 τῶν
3079 3562 3372 3638 Περσικῶν.

1804 3645 2078 3705 Similiter
2113 3645 2368 3703 Eudocia
2405 3664 2468 3721 p.
2517 3646 2668 3716 4363
2711 3662 2899 3721 neque
2937 3647 3210 3704 abhorret
3257 3650 3376 3725 ipsc

1804 3733 2174 3806 Aristoteles,
2214 3734 2312 3790 sed
2350 3734 2711 3803 emendatus»,
2743 3736 2842 3809 qui
2875 3739 2998 3791 Art.
3029 3748 3191 3809 poet.
3226 3738 3281 3808 3,
3313 3738 3373 3813 5,

1805 3815 2173 3896 Ἐπίχαρμος,
2231 3822 2444 3894 inquit,
2493 3820 2552 3877 οὖ
2589 3820 2772 3899 πολλῷ
2813 3820 3056 3900 πρότερος
3097 3819 3371 3899 ὤν’(εοίΙ.

1805 3908 2010 3981 quinto
2035 3909 2228 3963 seculo
2257 3920 2386 3965 ante
2413 3909 2545 3966 Chr.
2567 3907 2718 3987 nat.)
2751 3908 3008 3968 Χιωνίδου
3030 3909 3121 3968 καὶ
3147 3912 3374 3987 Μάγνη-

1806 4012 1922 4065 τος;
1955 4013 2256 4070 perperam
2291 3997 2440 4052 enim
2469 3997 2526 4051 in
2553 3996 2714 4051 libris
2740 3996 2900 4053 deest
2926 3996 3018 4071 οὗ,
3049 4000 3195 4054 sicut
3239 4000 3373 4054 alibi

1803 4081 2004 4155 saepius
2019 4094 2247 4156 raptum
2269 4102 2304 4139 a
2319 4084 2488 4139 simili
2507 4104 2659 4152 -·ος,
2683 4084 2844 4157 quod
2862 4084 3170 4143 antecedit.
3199 4086 3371 4144 Chio-

1803 4168 1952 4223 nidis
1979 4168 2182 4225 fabulae
2203 4182 2726 4227 commemorantur
2753 4182 2863 4228 tres
2894 4188 2909 4229 ε
2945 4168 3189 4247 Ἥρωες,
3221 4174 3373 4231 Πτω-

1802 4252 1924 4331 χοὶ,
1955 4254 2157 4333 Πέρσαι
2183 4252 2218 4325 ἢ
2247 4254 2540 4334 Ἀσσύριοι,
2581 4258 2682 4312 sed
2710 4260 3009 4314 Persarum
3034 4260 3252 4315 nullum
3281 4280 3369 4315 su-

1803 4354 1994 4417 perest
2017 4342 2420 4419 fragmentum,
2453 4346 2558 4400 nisi
2585 4344 2731 4401 forte
2775 4364 2846 4401 eo
2885 4346 3249 4419 pertinebant
3276 4349 3370 4401 in·-

1806 4442 1962 4487 certa
1977 4432 2105 4501 ista,
2129 4451 2253 4505 quae
2271 4431 2554 4507 significat
2571 4434 2856 4489 Vitruvius
2871 4433 2927 4501 6,
2949 4450 3007 4509 p.
3040 4433 3170 4499 146.
3197 4432 3371 4490 Erant

1804 4520 1958 4575 inter
1989 4530 2206 4575 veteres
2251 4522 2480 4575 criticos
2524 4521 2625 4593 qui
2669 4520 2742 4576 de
2767 4518 3012 4597 Πτωχοῖς
3059 4521 3248 4576 sabula
3295 4522 3372 4577 ad

1804 4606 2142 4665 Chionidem
2193 4608 2492 4663 referenda
2529 4608 2874 4667 dubitarent.
2927 4608 3146 4665 Nomen
3184 4620 3369 4683 poetae

1803 4694 1980 4749 modo
2029 4691 2318 4765 Χιωνίδης,
2349 4713 2380 4749 a
2411 4692 2584 4761 Χίων,
2613 4692 2806 4758 Χίωνος
2827 4736 2844 4767 ,
2879 4696 3060 4749 modo
3097 4697 3370 4751 scribitur

1807 4779 2090 4851 Χιονίδης,
2124 4799 2154 4836 a
2195 4779 2368 4845 Χίονις
2396 4783 2484 4837 vei
2513 4780 2714 4857 Χιόνη,
2757 4780 2854 4837 sed
2895 4784 3158 4839 meliores
3193 4784 3372 4838 libros

1809 4962 1920 5002 non
1941 4947 2082 5019 potis
2095 4953 2178 5001 est
2187 4944 2472 5017 quisquam
2487 4945 2752 5002 instruere
2766 4940 2886 5002 si’ne
2898 4947 3044 5002 maio
3056 4947 3302 5002 domum.

1805 5034 2050 5099 (Maium
2076 5038 2158 5089 est
2183 5047 2406 5087 uxorein
2429 5030 2626 5088 ducere
2647 5040 2702 5089 et
2725 5048 2836 5089 non
2859 5032 3076 5091 ducere.
3103 5038 3122 5099 )

3135 5228 3156 5268 ι
3184 5279 3194 5287 .
