3809 5850
522 433 635 483 322
1510 412 1922 474 COMOEmAE
1960 410 2116 471 Vm·
2119 407 2288 469 Eius
2329 405 2745 478 RELIQUIAE·

1269 543 1323 599 3.

594 667 835 733 Antiatt.
866 682 923 737 p·
952 680 1049 735 79,
1086 679 1179 730 11,
1222 656 1606 718 Ἀνασείσαι
1640 677 1653 713 :
1688 653 1803 712 ἀντὶ
1832 658 1922 713 τοῦ
1951 654 2084 711 ἅνα-

514 754 714 810 πεῒσαι.
744 752 816 811 Κ.
832 751 901 809 Τ.
922 748 1120 805 Codex
1144 744 1469 805 Ἀναπεῒσαι.
1492 746 1822 803 Rectissime
1862 743 2080 802 Mein*

522 867 548 891 ιι
582 841 786 899 Canth.
816 838 1121 913 scripserat
1142 833 1439 891 ἀνασεῖσαι.
1472 833 1717 907 llesych.
1751 828 2081 894 Ἀνασείοιςτ

516 926 831 990 ἂναπείθοις.
862 949 887 976 ν
918 928 1003 981 De
1030 944 1073 979 π
1099 934 1157 979 et
1178 943 1210 978 σ
1239 923 1388 979 inter
1411 939 1470 977 se
1484 920 1817 996 permutatis
1839 938 1892 973 v.
1917 919 2086 975 Rhesi

518 1016 659 1092 847,
684 1014 789 1077 ubi
815 1012 989 1069 codd.
1021 1012 1210 1084 inepte
1242 1012 1397 1081 πῆμα
1420 1028 1527 1083 pro
1559 1010 1731 1082 σῆμα.
1760 1007 2088 1080 Contraque

518 1102 673 1179 apud
700 1099 1028 1175 Euripidem
1054 1099 1141 1155 El.
1179 1116 1277 1167 22,
1302 1115 1411 1171 pro
1436 1096 1629 1160 παῖδας
1655 1094 1989 1170 ponendum
2011 1105 2091 1151 est

518 1186 668 1249 παῖδ’
695 1186 819 1259 ἀπ’,
846 1198 899 1245 et
924 1197 1195 1259 sequente
1220 1204 1389 1242 versu
1414 1181 1679 1261 ποινάτορ’
1704 1202 1815 1258 pro
1842 1188 2090 1239 ποινάτο-

520 1300 642 1359 ρας,
664 1276 824 1353 quod
837 1318 854 1347 ,
884 1273 1376 1335 accommodatum
1392 1272 1629 1348 quidem
1647 1270 1934 1327 vocabulo
1961 1275 2091 1326 παῖ-

520 1368 642 1443 δας,
690 1367 761 1422 ab
789 1367 917 1439 ipso
964 1364 1339 1439 Tragicorum
1372 1361 1597 1419 senario
1632 1359 1905 1418 abhorret
1956 1374 1972 1415 ι
2011 1360 2091 1415 sic

520 1458 669 1513 enim
696 1456 792 1509 illa
821 1452 1059 1528 legenda
1088 1462 1266 1506 sunt:

600 1565 789 1632 Δείσας
818 1563 909 1635 δὲ,
941 1561 1016 1641 μή
1048 1586 1123 1641 τῳ
1150 1560 1299 1619 παῖδ’
1334 1560 1425 1617 ἀπ’
1454 1558 1695 1640 Ἀργείων
1724 1559 1892 1632 τέκοι,

600 1650 987 1731 Ἀγαμέμνονος
1008 1646 1297 1726 ποινάτορ’,
1328 1670 1470 1725 ειχεν
1500 1649 1553 1703 ἐν
1577 1650 1752 1722 δόμοις

601 1742 877 1816 Αἴγισθος,
906 1739 1016 1797 οὐδ’
1043 1735 1241 1816 ἥρμοζε
1264 1736 1471 1814 νυμφίῳ
1494 1758 1573 1791 τιν
1546 1733 1613 1793 ν.ί

524 1853 688 1911 Adde
711 1852 914 1928 fragm.
941 1851 1144 1907 incert.
1174 1847 1227 1905 3.

870 2022 974 2076 Ex
1014 2016 1328 2075 FABULIS
1370 2008 1730 2072 INCERTIS.

605 2263 905 2319 Athenaeus
936 2280 991 2330 ι,
1021 2278 1082 2333 p.
1134 2277 1232 2333 ιι,
1271 2258 1353 2329 C,
1392 2254 1466 2311 de
1500 2254 1680 2311 verbo
1732 2249 2100 2331 ἀκρατίζεσθαι

531 2349 847 2406 testimonia
866 2358 1169 2422 poetarum
1205 2342 1519 2401 afferensz.
1530 2338 1695 2399 ..καὶ
1720 2342 1791 2399 Κ.

624 2488 685 2529 α.
718 2464 947 2527 Οὐκοῦν
962 2450 1399 2549 ἀκρατισώμεθ’
1414 2457 1623 2520 αὐτοῦ.
1654 2456 1715 2537 β.
1746 2446 2100 2543 Μηδαμῶς·

433 2661 442 2667 “
626 2562 825 2658 ἰσθμῷ
856 2562 969 2659 γάρ
998 2564 1436 2656 ἀριστησομην.

530 2696 715 2771 Vulgo
744 2694 796 2750 ἐν
822 2690 1038 2769 Neon).
1064 2690 1296 2764 Expulit
1321 2688 1597 2763 glossema
1624 2684 1854 2745 Jacobs.
1882 2683 2102 2744 Additt.

532 2783 605 2840 ad
627 2782 763 2840 Ath.
784 2799 841 2855 p.
863 2778 921 2840 8.
952 2778 1197 2835 Cobetus
1222 2776 1388 2835 Obss,
1427 2794 1489 2850 p.
1528 2771 1882 2849 179'100901.

1287 2907 1344 2947 2.

612 3004 969 3110 Phrynichus
1005 3001 1227 3077 Appar.
1276 3001 1509 3075 sophist.
1556 3017 1618 3072 p.
1674 2995 1769 3071 50,
1814 2995 1874 3072 5,
1915 2994 2109 3055 Δέκι-

536 3101 673 3160 θοςι
706 3091 791 3152 ἐπὶ
830 3096 921 3150 τοῦ
963 3087 1156 3169 κρόκου
1182 3109 1269 3146 του
1302 3087 1405 3143 ὠου
1440 3083 1607 3163 ἷατροὶ
1648 3082 1889 3160 λέγουσι,
1935 3085 2006 3144 Κ.
2051 3083 2106 3140 δὲ

534 3205 697 3248 ουτως
726 3178 1085 3254 ἀληλεσμένον
1111 3197 1161 3231 τι
1191 3173 1243 3238 ἐξ
1268 3173 1518 3252 ὀσπρίων.
1545 3175 1630 3230 De
1652 3173 1761 3228 hoc
1781 3191 1837 3228 v.
1870 3191 2005 3228 ann.
2035 3171 2110 3228 ad

537 3272 831 3344 Aiistoph.
880 3269 1031 3324 Plut.·
1063 3262 1203 3330 423.
1228 3262 1400 3335 Quod
1424 3273 1615 3316 autem
1640 3260 1719 3314 ait
1743 3257 1998 3316 metficos
2021 3259 2108 3314 di-

536 3379 667 3416 cere
698 3355 899 3415 λέκιθον
928 3355 1021 3410 τοῦ
1052 3348 1717 3422 moss,sane.A1-istoteles
1759 3348 1974 3402 luteum
2015 3347 2110 3401 ovi

536 3467 723 3524 neque
746 3442 931 3523 κρόκον
958 3459 1147 3516 neque
1174 3437 1375 3496 λέκιθον
1400 3449 1595 3507 vocat,
1621 3439 1694 3494 H.
1720 3439 1792 3495 A.
1824 3435 1885 3506 6,
1919 3453 1978 3505 2,
2012 3435 2112 3490 sed

536 3532 597 3593 τὸ
636 3532 831 3612 ὠχρὸν,
874 3545 1065 3588 tamen
1102 3529 1254 3585 libro
1291 3531 1376 3586 De
1412 3527 1775 3603 generatione
1812 3523 2110 3599 3,1‚haec

536 3625 715 3680 habet
754 3621 827 3678 de
862 3620 1084 3695 gallinis
1110 3619 1428 3692 aquaticis:
1466 3620 1573 3678 τοῖς
1616 3609 1659 3669 δ’
1704 3601 1860 3681 ιἧττον
1907 3613 2113 3688 θερμοῖς

540 3709 681 3768 καὶ(
662 3706 955 3788 υγροτέροις
992 3704 1053 3763 τὸ
1090 3703 1267 3782 ὠχρὸν
1310 3703 1491 3759 πλεῖον
1533 3697 1625 3758 καὶ
1658 3694 1953 3776 ὑγρότερον,
1983 3694 2113 3772 ὅπερ

542 3795 818 3871 συμὸαίνει
847 3791 933 3852 ἐπι
974 3815 1079 3850 των
1112 3788 1369 3866 λιμναίων
1420 3787 1653 3868 ὀρνέων..
1666 3826 1703 3844 ..
1743 3781 1879 3841 ωστε
1921 3805 2012 3840 και
2046 3781 2114 3839 τὰ

542 3884 623 3944 ὠὰ
650 3887 754 3942 τῶν
778 3881 1024 3941 τοιούτων
1046 3879 1248 3948 πολλὴν
1278 3875 1389 3955 ἔχει
1414 3876 1537 3948 τὴν
1564 3869 1984 3946 καλουμένην
1957 3868 2110 3926 νλέ-

543 3975 749 4039 κιθον,
799 3968 889 4026 καὶ
930 3958 1145 4037 ἥττον’
1114 3961 1294 4044 ωχρὰν
1324 3963 1411 4021 διὰ
1452 3986 1511 4021 το
1546 3952 1704 4032 ἧττον
1738 3955 2114 4040 ἀποκεκρίσθαι

542 4056 602 4114 τὸ
630 4054 833 4114 λευκόν.

1295 4163 1349 4222 3.

626 4282 833 4339 Pollux
864 4287 917 4350 4,
942 4279 1038 4349 6ι,
1076 4279 1150 4334 de
1176 4275 1401 4356 ψιθυρα,
1434 4295 1651 4352 organo
1680 4277 1946 4332 musico:
1975 4272 2033 4332 τὸ
2063 4273 2116 4330 δὲ

547 4362 610 4444 ἦν
638 4372 897 4432 πλινθεῑον
942 4389 1032 4438 πη·
1058 4369 1227 4442 υαῒον,
1274 4364 1395 4443 ἔχον
1439 4360 1765 4440 διειλκυσμέν
1742 4384 1804 4419 να
1845 4385 1953 4432 πην
1926 4361 2043 4433 νία,
2081 4359 2117 4418 ἃ

548 4456 995 4538 περιστρεφόμενα
1060 4477 1167 4534 Ιχον
1214 4452 1379 4512 ἐποίει
1428 4449 1667 4533 κροτάλω
1718 4448 2113 4530 παραπλήσιον.

548 4546 800 4625 Μάγαδιν
836 4544 930 4622 μὲν
973 4541 1216 4619 ὀνομάζει
1248 4539 1556 4619 Ἀνακρέων,
1585 4538 1681 4620 τὴν
1704 4538 1759 4596 δὲ
1800 4535 2000 4617 εὕρεσιν
2025 4539 2119 4594 αὖ·

547 4639 640 4707 τῆς
683 4633 952 4712 Κάνθαρος
996 4629 1169 4711 Θρᾳξὶ
1222 4629 1427 4710 (codd.
1474 4631 1598 4685 Par.
1640 4625 1810 4706 epea
1850 4626 2118 4730 καθαρῶς)

432 4719 459 4732 “
549 4721 3698 4854 προστίθησιν.
982 4721 1356 4778 Anacreontis
1418 4720 1614 4774 locum
1680 4735 1801 4772 non
1856 4717 2120 4786 inveni03

920 4937 1023 4990 EX
1059 4933 1392 4990 INCERTIS
1426 4932 1751 4990 FABULIS.

554 5161 607 5199 a.
638 5141 809 5214 igitur
836 5153 1047 5196 merum
1072 5056 1334 5212 potemus¹
1346 5091 1444 5193 ibi.
1472 5135 1529 5191 b.
1556 5135 1821 5192 Minime:

558 5236 617 5289 iu
644 5229 855 5288 Isthmo
878 5227 1026 5284 enim
1050 5223 1399 5299 jentabimus.

2177 558 2230 595 v.
2284 535 2686 612 Xenophontis
2732 534 3069 605 interpretes
3113 527 3185 583 ad
3223 524 3394 584 Anab.
3427 544 3476 594 7,
3505 524 3548 593 3,
3575 521 3638 576 32.

2174 626 2586 684 Grammaticus
2607 620 2954 678 Bachmanni
2981 613 3195 673 Anecd.
3226 615 3322 671 Gr.
3349 633 3401 689 p.
3420 611 3549 685 339·
3571 610 3646 667 ma·

2175 711 2353 791 γάδιον
2382 710 2442 771 τὸ
2470 709 2710 782 ξυλίδιον,
2745 697 2794 785 ᾧ
2831 699 3254 765 ἕπαναπαόονται
3298 698 3472 780 (scrib.
3501 699 3646 755 ἐπανα-
3700 732 3701 775 3

2177 800 2486 876 τανύονται)
2533 798 2588 856 αἱ
2609 794 2820 875 χορδαί.
2853 790 3034 864 Πηνία
3060 790 3324 847 videntur
3349 789 3455 845 dici
3484 784 3648 842 chordae

2175 910 2281 966 per
2320 889 2735 965 metaphoram.
2780 883 2869 940 Ad
2911 884 3156 939 Tereum
3193 878 3426 936 fabulam
3461 875 3650 933 referm-

2179 978 2316 1035 dum
2343 995 2461 1035 esse
2491 974 2724 1047 conjicit
2749 972 2924 1028 Mein.
3700 958 3701 969 ²

2866 1134 3054 1195 XXX.

2756 1297 3172 1367 DIOCLES.

2259 1448 2519 1505 Suidas:
2570 1446 2826 1517 Διοκλῆς,
2857 1442 3123 1513 Ἀθηναῖος
3149 1436 3188 1511 ἢ
3223 1438 3485 1507 Φλιάσιος,
3507 1434 3657 1512 ἀρχαῖα

2181 1533 2442 1611 κωμικὸς,
2461 1534 2741 1613 σύγχρονος
2761 1530 3085 1611 Σαννυρίωνι
3107 1528 3202 1588 καὶ
3221 1524 3492 1605 Φιλυλλίω.
3519 1524 3653 1579 ιι·Ι·ὀι·

2181 1636 2322 1681 tasse
2357 1622 2683 1681 Phliuntem
2722 1625 2968 1699 patriam
3006 1621 3242 1695 habuit,
3284 1628 3464 1694 postea
3499 1609 3701 1669 civitate

2189 1715 2366 1771 Attica
2385 1712 2702 1770 donatus·
2727 1713 2780 1766 E
2799 1712 2976 1767 Meitt.
3011 1710 3162 1767 nist.
3187 1708 3314 1765 crit.
3338 1706 3480 1763 Gom.
3505 1721 3554 1776 Ρ.
3583 1696 3701 1752 25¹

2183 1820 2342 1876 seqq·
3700 1794 3701 1821 *

2770 1911 2816 1971 Ι.
2863 1906 3170 1969 ΒΑΚΧΑΙ.

2273 2049 2300 2075 ι
2336 2026 2460 2080 Hoc
2509 2025 2742 2080 nomine
2783 2024 2956 2079 etiam
2997 2022 3282 2098 Lysippus
3317 2028 3372 2073 et
3405 2011 3664 2088 Antiphanes

2189 2113 2410 2171 fabulas
2438 2112 2843 2171 docuerunt.»
2877 2112 2964 2169 M.
3700 2114 3701 2155 ι

3699 2162 3701 2223 4

2272 2342 2472 2398 Pollux
2519 2359 2624 2409 10,
2656 2338 2731 2408 78
2779 2358 2793 2394 ε
2827 2337 3067 2394 καλεῖται
3117 2333 3298 2410 μέντοι
3334 2324 3604 2403 ποδανιπτὴρ
3630 2320 3666 2377 0¹3
3700 2314 3701 2347 ³

2192 2426 2323 2507 παρ’
2347 2425 2616 2506 Ἡροδότῳ
2637 2426 2725 2501 (2,
2756 2421 2898 2503 17²)
2931 2422 3108 2500 μόνον,
3135 2420 3278 2481 ἀλλὰ
3301 2420 3388 2481 καὶ
3403 2420 3450 2478 ἐν
3469 2411 3640 2477 Διοκλέ
3619 2430 3668 2469 -κ
3700 2420 3701 2489 ζ

2195 2515 2428 2595 Βάκχαις
2444 2558 2462 2589 ,
3700 2500 3701 2571 3

2291 2624 2482 2721 ‘mista
2513 2654 2641 2713 τις,
2673 2625 2710 2701 ἢ
2740 2632 3001 2720 χαλκοῦς
3031 2616 3496 2713 ποδανιπτὴρ,
3471 2644 3502 2690 η
3526 2606 3701 2685 λέῖτς.

2197 2757 2556 2815 Addiderunt
2580 2753 2616 2825 ἢ
2640 2756 3018 2812 necessarium
3045 2763 3182 2809 ante
3201 2748 3358 2821 λε’ὅης
3373 2746 3530 2805 Bentl.
3552 2742 3701 2816 Epist.

2196 2848 2272 2905 ad
2291 2846 2616 2905 Hemsteih.
2654 2865 2713 2920 p.
2743 2862 2854 2919 99,
2885 2856 2943 2900 et
2971 2846 3164 2918 Toup.
3195 2838 3496 2905 Emend.3,
3513 2854 3563 2909 Ρ.
3587 2847 3673 2885 ¹0¹·

2279 3075 2513 3131 Photius
2539 3091 2602 3150 p.
2643 3078 2898 3143 124,17‚
2929 3065 3090 3130 Κακᾶ
3117 3068 3341 3126 κακῶνε
3371 3043 3701 3126 ΔιοκληςΒεὶκ·

2199 3185 2272 3241 κῃ
2313 3159 2451 3240 (sic)

2297 3284 2522 3346 Πλυνεῒ
2544 3303 2616 3343 τε
2653 3275 2734 3346 τὰ
2769 3301 2927 3342 κακα
2959 3282 3079 3340 τῶν
3112 3282 3318 3340 κακῶν
3343 3272 3498 3361 ὑμᾶς.

2203 3406 2432 3477 Suidas,
2473 3406 2578 3461 sub
2609 3403 2739 3462 ead.
2785 3423 2840 3462 V.
2862 3402 3134 3472 ,omittit
3182 3401 3311 3458 τῶν.
3354 3400 3435 3453 De
3474 3375 3701 3470 locutione]

2203 3493 2344 3553 κακὰ
2373 3496 2550 3551 κακῶν
2593 3505 2650 3550 et
2683 3492 2960 3548 similibus
2998 3509 3056 3548 v.
3090 3489 3356 3546 Iudicem
3381 3493 3594 3540 nostrum
3613 3474 3701 3554 5⁰·l

2202 3584 2440 3659 phoclis.
3700 3569 3701 3588 ³

2961 3689 2994 3743 3

2287 3809 2524 3863 Antiatt.
2558 3826 2615 3881 p.
2657 3807 2756 3876 87,
2792 3823 2869 3860 2:
2898 3801 3272 3877 Γυναικισμός.
3304 3803 3368 3860 Δ.
3399 3795 3639 3871 Βάκχαις
3623 3805 3701 3836 *2⁰-

2207 3893 2540 3961 ναικίζειν
2579 3890 2709 3972 φησι
2759 3891 2850 3949 καὶ
2893 3889 3336 3970 γυναικηρόν.
3377 3885 3480 3944 Pro
3517 3893 3690 3954 φὶθγυ·

2205 3979 2480 4056 ναικισμόν
2509 3983 2668 4039 malit
2693 3981 2868 4038 Mein.

2967 4102 3026 4160 4.

2288 4209 2538 4267 Glanum.
2587 4195 2865 4270 Bckkeri
2880 4205 3093 4262 Anecd.
3137 4223 3205 4278 p.
3239 4201 3390 4270 452,
3420 4195 3506 4264 28,
3545 4189 3696 4248 Ἀσῑθ·

2210 4295 2277 4354 θό
2289 4299 2509 4362 λακος.
2537 4303 2600 4354 Δ.
2635 4297 2702 4354 Β.
2729 4317 2819 4351 και
2852 4289 3147 4374 Ἄρχιππος
3183 4289 3372 4371 ’‘Ay-5³²
3353 4279 3641 4368 .ρύωνιδεντ·
3629 4267 3701 4346 3¹:⁴3¹

2243 4385 2313 4442 fr.
2420 4427 2438 4444 .

2213 4385 2230 4463 (
2350 4380 2412 4460 7)
2731 4493 2810 4553 11.
2857 4491 3254 4554 OAAATTA.

2293 4623 2654 4683 Meretricis
2667 4641 2900 4696 nomen,
2917 4621 3151 4678 testibus
3168 4619 3433 4676 Athenaeo
3453 4627 3514 4666 ιο
3521 4623 3593 4680 ,.Ρ
3609 4595 3702 4660 56,

2214 4713 2300 4785 C,
2333 4725 2390 4769 et
2417 4713 2490 4769 ab
2519 4731 2589 4768 eo
2611 4710 2901 4787 pendente
2925 4710 3178 4766 Suida.»
3209 4709 3262 4764 E
3283 4707 3366 4763 M.

2849 4876 3174 4934 BACCHAE.

2975 4969 2996 5017 Ι
3009 5001 3022 5014 .

2217 5049 2426 5124 Hydria
2453 5049 2669 5122 aliqua,
2689 5048 2774 5105 vel
2799 5063 2892 5104 vas
2917 5059 3136 5105 aeneum
3161 5041 3390 5118 pedibus
3409 5007 3702 5190 lav[a111di{‚u:rui

2975 5139 3027 5188 2.
3513 5135 3538 5174 a
3555 5131 3596 5170 ιε

2218 5222 2379 5279 Eluet
2401 5219 2542 5278 mala
2575 5219 2842 5277 malorum
2873 5219 3043 5276 vobis.
