3809 5850
1509 495 2082 557 PHERECRATES.

172 629 305 687 haud
322 629 442 685 scio
466 626 907 703 anponendum
931 626 1003 682 sit
1023 622 1427 705 παριόντας,
1452 644 1631 701 quum
1650 628 1737 683 hae

174 718 591 794 prepositiones
613 717 791 771 etiam
816 716 951 769 alias
978 732 1123 788 saepe
1141 715 1255 779 sint
1280 714 1595 789 permixtae.
1628 712 1737 771 Πε·

173 802 359 883 ριόντας
386 804 561 860 etiam
591 802 855 879 ambigui
879 820 1049 859 causa
1074 800 1375 858 ferendum
1400 820 1518 858 oese
1542 820 1717 877 nego.

910 915 1003 971 26.

234 1031 397 1089 Idem
431 1050 496 1105 p.
532 1030 653 1104 379
667 1070 685 1099 ‚
734 1049 759 1085 1
801 1050 815 1085 :
850 1027 1079 1087 Πλάτων
1109 1027 1165 1087 δὲ
1190 1024 1620 1087 ἀλλοκοτώτατον
1645 1026 1739 1085 καὶ

168 1116 585 1197 ἄλλοκοτιῖπερον
608 1106 723 1175 εἶπε
742 1162 757 1189 ,
800 1116 893 1175 καὶ
918 1118 997 1178 Φ.
1026 1116 1409 1182 ἇλλοκότως
1437 1118 1733 1195 ἐπιρρημα·

161 1210 326 1274 ταῶς.

902 1322 997 1375 27.

230 1420 393 1476 Idem
435 1438 493 1494 Ρ.
524 1418 667 1489 383,
700 1416 810 1492 30,
838 1413 1097 1486 Ἁλιῶς,
1126 1415 1243 1473 ἀντὶ
1274 1420 1364 1473 τοῦ
1400 1412 1602 1481 ἁλιέως.
1650 1415 1732 1474 Φ.

156 1511 277 1565 Alia
298 1510 575 1583 exempla
598 1505 935 1579 hujusmodi
959 1518 1385 1564 contractorum
1428 1508 1739 1562 attulerunt

152 1598 483 1653 Buttmann.
528 1596 783 1654 Gramm.
822 1593 1029 1668 major.
1076 1614 1126 1666 1,
1153 1613 1216 1669 p.
1272 1594 1403 1669 198,
1432 1606 1491 1650 et
1532 1594 1735 1669 Bergk.

146 1690 367 1747 comm.
388 1706 459 1763 p.
494 1706 637 1762 297.
953 1705 963 1717 ·

906 1798 1002 1858 28.

216 1916 389 1972 Idem
420 1934 487 1990 p.
524 1922 635 1982 401
646 1954 667 1983 ,
728 1911 799 1969 18
845 1931 859 1967 :
891 1908 1185 1992 Ἀνεψιαδοῖ
1211 1906 1616 1991 Ἀριστοφάνης,
1645 1905 1737 1967 καὶ

138 2006 309 2081 cinq,
327 2000 715 2077 ιαδοῧςΦἿ
744 1997 837 2058 καὶ
875 1994 1185 2078 Ἕρμιππος
1231 1999 1563 2079 ἀνεψιαδοῧν.
1595 2024 1621 2050 ι
1650 1998 1734 2057 Cf.

135 2094 522 2151 Schoemann.
546 2090 623 2148 ad
646 2090 849 2147 Isaeum
869 2108 933 2165 Ρ.
964 2088 1079 2156 455
1109 2108 1269 2165 seqq.
1301 2112 1326 2138 a·
1351 2090 1529 2147 Mein.

900 2221 999 2278 29.

216 2318 397 2374 Idem
420 2335 487 2391 Ρ.
535 2313 679 2385 451,
722 2313 793 2371 15
815 2355 833 2384 ,
865 2308 1217 2389 Ἀσελγὲςτ
1259 2320 1368 2370 πᾶν
1410 2309 1469 2369 τὸ
1516 2308 1735 2388 σφοδρὸν

134 2404 229 2463 καὶ
260 2404 547 2485 βίαιον....
569 2400 664 2461 καὶ
692 2403 773 2461 Φ.
814 2429 839 2454 ιι
866 2390 971 2459 οἷον
995 2400 1027 2432 ⁴²
1052 2398 1362 2479 αὖτόπνιγος
1380 2402 1451 2467 ὣς
1471 2396 1735 2475 ἀσελγὴς»

134 2492 275 2573 φησί
305 2516 433 2551 που.
460 2494 597 2549 Nou
628 2494 823 2566 inepte
866 2492 1157 2567 scripseris
1190 2479 1333 2546 οἷον
1380 2486 1737 2551 ἀντίπνοος

130 2582 255 2640 καὶ
290 2578 598 2657 ἀσελγής
614 2624 633 2655 ,
660 2594 725 2636 ut
746 2582 1049 2636 adversans
1074 2594 1132 2635 et
1158 2581 1505 2636 immodicas.
1533 2580 1651 2633 ἀντι
1682 2588 1740 2633 et

136 2673 283 2729 αὐτο
308 2680 645 2747 permutata
678 2671 831 2725 inter
871 2687 930 2724 se
958 2668 1202 2743 fuerint,
1230 2678 1295 2723 ut
1331 2668 1511 2724 Thue.
1544 2686 1597 2737 7,
1643 2664 1733 2734 13,

134 2761 245 2816 nbi
260 2780 326 2815 v.
354 2768 589 2829 annot.;
617 2757 689 2815 de
706 2753 798 2815 καὶ
820 2766 875 2813 et
898 2757 969 2821 ὣς
987 2756 1267 2813 confundi
1280 2756 1457 2813 solitis
1474 2772 1566 2811 res
1580 2764 1735 2811 nota.

908 2868 1003 2925 30.

220 2981 397 3039 Idem
420 3000 488 3056 Ρ.
514 2981 657 3052 460,
690 2999 761 3036 to
788 2999 803 3035 τ
826 2976 921 3036 καὶ
948 2977 1199 3046 ἀτόπως
1223 3022 1236 3035 .
1264 2975 1325 3036 τὸ
1357 2976 1624 3048 ἀσυνήθως
1648 2977 1738 3035 καὶ

134 3070 514 3150 ἅνεπιφάτως.

240 3178 518 3259 Ᾱτόπως
561 3175 845 3260 καθίζων,
872 3173 1049 3248 κούδὲ
1076 3184 1429 3276 γιγνώσκειν
1458 3173 1686 3265 δοκῶν,

138 3309 279 3390 φησὶ
304 3312 391 3370 Φ.
422 3335 451 3363 ι
476 3309 739 3366 Eundem
756 3327 985 3366 versum
1002 3327 1074 3366 ex
1091 3307 1390 3384 Eupolidis
1412 3310 1630 3365 Marica
1648 3309 1735 3366 af-

138 3401 259 3456 fert
286 3399 477 3457 schol.
500 3395 759 3454 Platonis
788 3417 855 3474 p.
890 3397 1026 3474 379.
1057 3400 1313 3454 Fortasse
1345 3398 1523 3474 igitur
1548 3398 1609 3452 in
1634 3417 1741 3454 no-

139 3491 303 3545 mine
328 3497 723 3557 ενι-2111111061,
746 3486 813 3542 id
836 3484 994 3560 quod
1014 3487 1183 3542 etiam
1200 3486 1493 3542 Eustathio
1518 3486 1739 3542 accide-

142 3579 223 3633 rit
238 3576 507 3636 adniad.
532 3595 597 3653 p.
628 3593 803 3650 1290,
818 3579 894 3641 45
922 3594 935 3629 :
962 3571 1023 3631 τὸ
1036 3572 1351 3654 παφλάζειν,
1366 3574 1437 3639 εἷς
1453 3569 1482 3631 ὃ
1500 3581 1638 3632 ποιεῖ
1657 3575 1736 3637 Φ.

234 3687 427 3754 Aea-&c
450 3685 717 3767 παφλάζει
748 3684 1033 3766 βαρὸάροις
1054 3684 1378 3762 λαλήμασιν,

151 3803 253 3874 qui
280 3801 501 3857 Eubuli
536 3817 731 3856 versus
763 3798 840 3854 ab
874 3799 1147 3855 Athenaeo
1172 3797 1233 3869 6,
1252 3817 1313 3874 Ρ.
1345 3815 1485 3872 229,
1516 3801 1589 3870 Α,
1618 3815 1737 3855 ser-

152 3899 317 3944 vatus
338 3898 450 3945 est.
482 3911 511 3937 2·
550 3887 602 3940 E
622 3887 717 3944 M.

911 3983 1005 4041 31.

243 4101 405 4157 Idem
430 4118 497 4176 Ρ.
546 4096 688 4173 473,
714 4096 783 4157 8.
811 4094 1377 4177 Ἀφυπνισθῆναιι
1410 4095 1473 4155 τὸ
1506 4093 1559 4166 ἐξ
1580 4095 1745 4155 ὕπνου

178 4185 460 4266 ἐγερθῆναι.

252 4295 375 4370 ’ἶν’
390 4301 797 4395 dommo-72?
826 4299 953 4386 οὖν,
967 4302 1244 4396 obt-9036&
1266 4329 1281 4344 ·
1306 4295 1425 4378 ἤδη
1451 4300 1565 4396 γὰρ
1583 4296 1619 4333 ⁴¹
1642 4300 1745 4368 καὶ

1462 4401 1741 4500 λέξομεν.

182 4533 493 4594 Scribamns
534 4529 659 4594 Ἦν
704 4535 798 4616 ἀφ.
850 4524 963 4607 οὖν,
990 4535 1109 4615 ἀκρ.
1152 4533 1255 4607 ἤδη
1293 4533 1395 4613 γὰρ
1435 4533 1747 4602 καλλέξο-

174 4643 279 4695 μιν
297 4667 315 4696 ,
344 4627 391 4682 i.
426 4642 483 4683 e.
534 4619 915 4697 καταλέξομεν,
962 4633 1031 4680 ut
1072 4621 1299 4682 κάλλιπε
1338 4643 1448 4699 pro
1494 4620 1747 4681 κατέλιπε

166 4715 467 4771 Homerus.

920 4883 1009 4934 30.

172 4965 355 5038 Inepte
378 4962 582 5022 sedens
598 5003 615 5032 ‚
638 4979 745 5020 nec
768 4979 1101 5036 cognoscere
1122 4965 1285 5023 visus.

914 5055 1005 5106 31.

178 5137 227 5192 S
248 5134 553 5210 experrecti
570 5135 703 5192 estis
720 5177 738 5203 ‚
762 5136 1067 5195 auscultate
1089 5155 1106 5193 ι

174 5222 281 5295 jam
304 5225 453 5282 enim
482 5223 653 5281 verba
680 5222 964 5282 faciemus.

3285 511 3393 558 117

2575 625 2670 685 32.

1911 730 2070 787 Idem
2107 748 2167 804 Ρ.
2203 728 2340 800 475,
2375 749 2442 785 12
2476 749 2489 785 :
2535 725 2795 807 Ἀχράδας
2822 726 2916 794 τὰς
2938 726 3190 807 ἀχέρδους
3211 728 3397 806 λέγου-

1833 838 2020 889 σιν,...
2067 816 2194 881 ἴσως
2235 816 2278 873 δ’
2322 818 2350 873 ὁ
2393 815 2489 893 μὲν
2536 813 2738 893 καρπὸς
2777 814 2977 893 ἀχρὰς,
3017 814 3076 873 τὸ
3108 815 3162 873 δὲ
3190 817 3395 897 δένδρον

1832 902 2072 985 ἄχερδος.
2105 904 2182 963 Φ.

1929 1008 1986 1089 fi
2016 1032 2130 1100 τῆς
2165 1014 2424 1115 άχέρδου
2462 1032 2576 1099 τῆς
2611 1020 3153 1115 άκραχολωτάτης.

1841 1176 1865 1203 α
1902 1152 2144 1227 Spinosa
2171 1164 2255 1208 est
2273 1150 2486 1231 ἄκερδος
2511 1152 2697 1229 (pirus
2717 1154 3009 1222 silvestris;
3038 1172 3097 1210 v.
3121 1154 3301 1208 schol.
3325 1154 3398 1208 ad

1832 1239 2042 1323 Qdyss.
2082 1246 2178 1309 14,
2207 1258 2300 1298 12.
2324 1240 2521 1317 Both.)
2560 1261 2571 1294 :
2605 1240 2758 1297 unde
2785 1238 3080 1317 ἀκράχολον
3108 1250 3232 1297 eam
3257 1240 3400 1296 dicit

1830 1328 1932 1386 Ph.
1954 1329 2350 1384 Feracissimus
2369 1327 2488 1401 ejus
2509 1329 2730 1385 arboris
2755 1327 2863 1383 fuit
2892 1328 3089 1383 demus
3109 1328 3398 1385 Acherdu·

1834 1419 1948 1473 sius
1974 1436 1986 1470 :
2018 1417 2152 1471 hinc
2177 1416 2399 1472 arboris
2423 1427 2688 1473 naturam
2707 1416 2781 1472 ad
2805 1416 3122 1472 incolarum
3147 1415 3400 1473 indolem

1830 1504 2120 1559 transtulit
2143 1504 2390 1577 scriptor
2420 1504 2670 1559 incertus
2692 1506 2876 1577 Etym.
2910 1506 2990 1559 M.
3017 1524 3080 1579 p.
3134 1505 3267 1574 181,
3303 1505 3334 1561 5
3377 1526 3392 1563 2

1833 1587 2095 1669 μοχθηρὸς
2121 1586 2192 1647 ὧν
2217 1588 2308 1647 καὶ
2333 1587 2429 1661 τὴν
2456 1588 2669 1665 γνώμην
2699 1590 3050 1671 ἀχερδούσιος.
3081 1619 3106 1643 ι·
3141 1597 3190 1649 Ε
3217 1596 3300 1653 Μ.

2567 1696 2662 1754 33.

1908 1800 2164 1859 Gramm.
2202 1800 2460 1860 Crameri
2491 1803 2706 1861 Anecd.
2728 1804 2917 1860 Oxou.
2954 1823 3006 1873 1,
3036 1823 3100 1879 p.
3136 1804 3270 1873 344,
3295 1822 3394 1876 27,

1828 1890 2024 1967 κῆχος
2053 1910 2066 1946 z
2111 1888 2263 1959 δηλοῖ
2301 1887 2408 1967 [δὲ]
2434 1887 2494 1947 τὸ
2523 1888 2713 1960 δήπου.
2762 1888 3107 1949 συντάσσεται
3149 1890 3296 1966 αὐτῷ
3337 1890 3396 1947 τὸ

1829 1977 1924 2033 ποῖ
1942 2018 1960 2052 ,
1989 1976 2058 2041 ὡς
2080 1976 2158 2035 Φ.

1927 2116 1988 2156 α.
2019 2089 2152 2155 Ποῖ
2165 2100 2354 2182 κῆχος
2381 2091 2592 2182 ἐγγύς,
2622 2094 2682 2174 β.
2706 2085 2954 2183 Ημερῶν
2973 2118 3044 2185 γε
3067 2096 3393 2187 τεττάρων.

1830 2222 2024 2294 Etym.
2059 2220 2136 2277 M.
2165 2238 2226 2292 p.
2255 2216 2395 2286 682,
2423 2216 2497 2273 52
2533 2238 2546 2273 :
2579 2218 2688 2276 Ποῖ
2711 2220 2905 2296 κῆχος,
2936 2218 3078 2289 ζήτει
3102 2221 3192 2278 καὶ
3218 2226 3392 2280 τοῦτο.

1836 2324 1868 2363 c(
1915 2302 1990 2385 (α)
2033 2306 2134 2363 Ποῖ
2162 2325 2248 2375 κ.;
2286 2306 2378 2381 (β.)
2425 2304 2514 2369 Εἰς
2539 2303 2626 2361 τὸν
2654 2304 2894 2382 οὐρανόν.
2929 2333 2952 2357 υ
2989 2306 3078 2365 καὶ
3131 2308 3390 2389 Ἀριστοφ.

1831 2420 1854 2446 «ι
1889 2394 1991 2469 (α.)
2031 2392 2136 2451 Ποῖ
2174 2414 2257 2464 κ.;
2300 2392 2392 2469 (β.)
2446 2390 2588 2453 Εὗθὺ
2631 2392 2877 2459 Σικελίας
2917 2421 2962 2454 ν.
3001 2396 3092 2453 καὶ
3130 2397 3276 2475 παρὰ
3316 2398 3393 2457 Φ.

1840 2506 1864 2533 α
1895 2482 2180 2537 Particula
2203 2482 2396 2537 ionica
2411 2523 2426 2551 ,
2457 2483 2526 2538 de
2550 2482 2710 2555 cujus
2735 2495 2929 2557 etymo
2961 2494 3147 2542 tacere
3167 2499 3399 2560 praestat

1832 2590 2007 2645 quam
2036 2572 2280 2626 incertas
2321 2569 2678 2644 conjecturas
2706 2574 3057 2647 periclitari,
3102 2578 3284 2649 qualis
3317 2580 3399 2632 est

1834 2660 2220 2715 Eratosthenis
2235 2700 2252 2729 ,
2294 2660 2456 2737 κ’ἥχος
2497 2679 2566 2716 ex
2603 2658 2671 2729 κὴ
2693 2686 2776 2710 =
2794 2658 2868 2730 πὴ
2909 2673 2966 2717 et
2994 2658 3154 2741 ἄγχος
3171 2690 3252 2713 =
3271 2661 3398 2742 ἄγχι

1832 2749 2210 2822 compositum
2231 2746 2488 2805 dicentis.
2513 2766 2566 2806 v.
2597 2750 2993 2823 Bemhardyus
3017 2751 3090 2806 ad
3111 2754 3392 2810 Eratosth.

1830 2856 1891 2911 p.
1918 2856 2057 2908 227.
2087 2862 2110 2887 υ
2143 2838 2192 2891 Ε
2209 2838 2296 2893 Μ.
2314 2834 2400 2895 Cf.
2427 2837 2760 2897 Schneider.
2785 2841 2926 2895 Lex.
2955 2859 3004 2893 v.
3027 2840 3258 2917 Kffiuoc·
3284 2842 3399 2896 Ce-

1834 2937 2016 2982 terum
2059 2927 2262 3000 vulgo,
2292 2925 2660 2983 incommode
2701 2927 2980 2983 distinctis
3006 2933 3300 3004 personis,
3340 2951 3396 2988 α.

1834 3015 1915 3075 Π.
1945 3016 2136 3091 κῆχος;
2165 3016 2218 3090 β.
2253 3010 2462 3089 Ἐγγὺς,
2483 3016 2582 3088 ἡμ.
2617 3035 2676 3088 γε
2705 3037 2755 3074 τ.

2567 3120 2664 3185 34.

1812 3277 1833 3291 ,
1915 3224 2162 3297 Hesych.
2199 3219 2500 3296 Ἐπίμεστα
2537 3240 2552 3281 :
2583 3221 2852 3301 πλήρη...
2897 3225 2976 3282 Φ.
3010 3249 3034 3276 «ι
3073 3226 3400 3301 Βριθομένων

1836 3311 2046 3387 ἀγαθῶν
2099 3307 2191 3367 ἐπὶ
2235 3308 2518 3386 τραπέζης.
2577 3335 2599 3360 n
2661 3311 3039 3368 Probabiliter
3077 3313 3396 3372 Blomfield.

1833 3401 2004 3475 gloss.
2051 3398 2128 3454 ad
2169 3399 2420 3473 AEschyl.
2468 3399 2632 3473 Sept.
2674 3417 2726 3456 c.
2773 3399 2880 3456 Th.
2925 3407 3029 3467 141
3059 3440 3075 3468 ,
3107 3399 3399 3474 ἐπίμεστα,

1832 3486 2037 3563 Bergk.
2065 3484 2409 3557 Commentt.
2429 3507 2494 3562 Ρ.
2528 3487 2663 3556 304,
2687 3484 2994 3563 βριθομένης
3029 3484 3257 3544 πάντων.
3287 3491 3402 3545 Ita-

1834 3594 1946 3651 que
1975 3575 2221 3632 Meinek.

1933 3689 2295 3782 Βριθομένης
2341 3688 2587 3756 πάντων
2637 3688 2879 3780 ἀγαθῶν
2923 3689 3225 3780 ἐπίμεστα
3260 3716 3402 3874 ’ἱρα-

3151 3847 3157 3854 -
3191 3797 3270 3862 πέ
3309 3821 3402 3878 ης,

1833 3920 1908 3978 de
1934 3918 2192 3995 ἐπίμεστα
2217 3920 2614 3976 adverbialiter
2643 3920 3012 3994 intelligendo
3048 3924 3228 3978 citans
3268 3921 3404 3978 Pol-

1833 4010 1952 4067 luc.
1981 4014 2038 4076 4,
2071 4008 2207 4082 169,
2239 4008 2452 4083 Phryn.
2486 4009 2728 4066 Bekker.
2761 4028 2824 4084 p.
2861 4015 2961 4078 4ο,
2989 4015 3048 4078 4,
3076 4009 3294 4067 Gallim.
3325 4013 3398 4068 H.

1833 4097 1895 4152 in
1923 4095 2049 4157 Cer.
2084 4095 2214 4163 134.

1917 4273 2080 4330 Idem
2106 4270 2458 4350 Μίμαρκυς
2491 4293 2504 4329 t
2537 4270 2708 4330 κοιλία
2736 4271 2828 4330 καὶ
2869 4269 3053 4350 ἔντερα
3075 4278 3165 4331 τοῦ
3191 4274 3400 4352 ἱερείου,

1837 4362 1955 4436 μεθ’
1983 4357 2205 4435 αἵματος
2232 4361 2618 4434 σκευαζόμενα,
2647 4359 2877 4435 μάλιστα
2914 4355 3002 4436 [δὲ
3031 4357 3160 4440 καὶ]
3191 4361 3277 4419 ἐπὶ
3303 4364 3403 4418 λα-

1836 4449 2012 4525 γωῶν,
2043 4445 2129 4505 ὁτὲ
2155 4446 2209 4505 δὲ
2232 4445 2324 4506 καὶ
2345 4446 2433 4506 ἐπὶ
2464 4445 2575 4514 ὑός·
2601 4451 2628 4504 ὁ
2653 4446 2707 4505 δὲ
2727 4449 2807 4508 Φ.
2835 4446 3034 4514 παίζων
3054 4447 3145 4506 καὶ
3173 4448 3260 4506 ἐπὶ
3287 4447 3404 4507 ὄνου

1838 4534 1985 4616 φησί.
2019 4537 2218 4592 Priora
2241 4532 2296 4592 δὲ
2323 4533 2414 4592 καὶ
2449 4555 2520 4594 ex
2559 4537 2927 4611 sequentibus
2964 4538 3250 4612 irrepsisse
3266 4582 3282 4610 ‚
3317 4541 3408 4595 vel

1840 4637 2050 4682 temere
2076 4636 2355 4700 occupata
2383 4643 2500 4681 esse
2539 4627 2611 4680 ab
2637 4625 2877 4681 librario
2895 4664 2914 4694 ,
2943 4626 3115 4682 etiam
3149 4627 3408 4683 scholion

1840 4712 1916 4769 ad
1943 4713 2197 4772 Acharn.
2231 4722 2378 4780 1040
2403 4703 2669 4771 oste'ndit.

2585 4885 2672 4936 32.

1838 4965 1940 5022 Vel
1965 4965 2068 5038 piri
2087 4965 2362 5040 sylvestris
2385 4966 2836 5024 iracundissimae.

1839 5155 1892 5196 a.
1907 5135 1916 5144 ’
1929 5143 2050 5212 Quo
2073 5140 2294 5198 tandem
2309 5141 2517 5199 uicinia}
2533 5146 2557 5198 ?
2571 5061 2928 5215 ξΙῖτῖιοριιειιῑιιοι·
2945 5141 3168 5217 quidem
3196 5055 3410 5199 digiheiii

2580 5235 2668 5285 34.

1839 5312 2012 5370 Bonis
2038 5311 2206 5371 rebus
2232 5313 2490 5373 omnibus
2517 5323 2728 5373 onustae
2751 5330 2976 5373 mensae.
