3809 5850
1561 451 1792 510 A’RCffl
1805 449 1947 510 {⁷1³1}
1956 448 2014 508 S.

169 594 372 665 mippum
397 589 560 665 Μοιρ.
599 587 673 647 fr.
704 607 768 662 7,
804 586 1055 658 aliosque
1099 585 1248 640 inter
1287 601 1345 640 se
1385 593 1707 658 permutata

169 677 534 752 deprehendas.

703 825 818 884 111.
870 821 1140 883 merx.

213 991 238 1016 ι
265 965 535 1040 Archippi
545 962 746 1020 fabula
759 962 1146 1032 celeberrima,
1156 963 1218 1018 in
1241 981 1354 1036 qua
1377 963 1708 1036 exagitatam

146 1055 506 1126 piscariarum
544 1051 866 1124 nequitiam
887 1061 1096 1125 putans
1125 1049 1449 1107 Hemsterh.
1479 1047 1554 1103 ad
1575 1047 1712 1104 Pol-

149 1141 316 1195 lucem
361 1158 455 1210 10,
493 1138 593 1209 30,
634 1157 758 1195 non
803 1139 1106 1213 cogitavit,
1157 1138 1270 1192 tale
1313 1145 1712 1210 argumentum

153 1229 332 1284 mediae
354 1229 446 1285 vel
468 1245 636 1283 ποτε
663 1245 838 1300 quam
861 1227 1107 1300 antiquae
1140 1223 1440 1280 comoediae
1464 1241 1580 1280 esse
1612 1241 1713 1278 ac-

160 1316 570 1373 commodatius.
597 1316 936 1389 Fragmenta
952 1313 1366 1387 contemplanti
1380 1307 1494 1367 hoc
1519 1309 1714 1366 drama

170 1422 222 1457 en
246 1404 474 1460 consilio
495 1402 778 1478 scriptum
797 1401 993 1458 credas
1017 1419 1050 1457 a
1085 1411 1284 1475 poeta,
1313 1409 1380 1455 ut
1407 1399 1712 1456 Athenien·-

169 1493 280 1546 sium
309 1489 657 1570 ἰχθυοφαγίαν
685 1490 1049 1547 immodicam
1068 1489 1295 1546 adunco
1322 1505 1460 1544 naso
1485 1504 1714 1560 suspen-

169 1579 302 1636 deret
321 1623 340 1654 ,
363 1581 607 1656 piscium
637 1580 878 1636 chorum
904 1577 1140 1654 fingens,
1182 1589 1247 1633 ut
1265 1576 1536 1648 conjicias
1551 1618 1570 1649 ,
1586 1574 1708 1630 bel-

169 1667 262 1721 lum
275 1667 626 1736 hominibus,
650 1666 1014 1722 vexatoribus
1042 1665 1174 1733 suis,
1207 1664 1480 1732 intulisse,
1507 1673 1566 1717 et
1587 1670 1719 1735 post

168 1757 324 1810 varios
340 1765 498 1812 casus
527 1754 716 1810 foedus
744 1754 934 1810 fecisse
969 1753 1078 1808 hac
1111 1751 1468 1818 conditione,
1509 1759 1578 1803 ut
1609 1746 1718 1820 ipsi

169 1853 354 1898 ceteros
381 1842 696 1899 redderent
737 1841 1163 1900 Atheniensium
1207 1839 1467 1913 captivos
1511 1833 1600 1911 (v.
1639 1834 1713 1890 fr.

170 1929 244 1999 al,
271 1931 308 1984 ii
323 1949 485 2000 vero,
513 1932 616 2006 qui
641 1931 977 1986 infensior-es
1001 1929 1314 2004 plurimum
1339 1925 1610 1981 damnum
1631 1923 1716 1978 in-

169 2019 412 2091 tulissent,
423 2019 674 2094 piscibus
685 2017 1050 2075 traderentur
1068 2013 1386 2070 devorandi
1411 2011 1486 2088 (v.
1499 2011 1573 2068 fr.
1596 2030 1618 2066 1
1633 2009 1715 2086 5).

167 2108 568 2182 —Temporis,
605 2127 725 2182 quo
767 2117 892 2164 acta
933 2116 1017 2162 est
1059 2101 1365 2172 comoedia,
1415 2110 1583 2156 tenue
1634 2100 1720 2154 in-

171 2191 360 2250 dicium
388 2195 606 2269 praebet
637 2195 856 2251 archon
879 2193 1143 2250 Euclides
1185 2192 1295 2266 (fr.
1346 2189 1433 2267 α),
1461 2198 1526 2242 ut
1550 2207 1719 2243 com-

171 2280 318 2335 missa
349 2281 520 2338 fuerit
550 2292 684 2357 post
713 2283 932 2356 olymp.
985 2286 1086 2354 94,
1125 2299 1160 2336 a
1203 2279 1368 2353 (ante
1413 2276 1551 2334 Chr.
1595 2279 1722 2334 nat.

175 2364 326 2444 402.)
351 2387 380 2424 ο
403 2370 454 2424 E
471 2371 560 2425 M.

253 2605 436 2662 Athen.
466 2607 527 2677 6,
551 2626 612 2682 p.
662 2626 800 2680 227,
823 2609 879 2665 -A
911 2626 926 2662 z
963 2603 1016 2672 ἐξ
1047 2601 1298 2680 ὀνόματος
1325 2601 1371 2660 δ’
1397 2599 1725 2679 ἰχθυοπώλου

187 2689 465 2763 μνημονεύει
483 2688 746 2775 Ἑρμαίου
787 2689 1080 2773 Αἰγυπτίου
1103 2685 1264 2771 Ἀρχ.
1302 2691 1354 2748 ἐν
1376 2686 1602 2768 Ἰχθύσιν
1642 2685 1730 2744 οὖ-

197 2797 292 2840 τως·

277 2892 611 2987 Αἰγύπτιος,
667 2902 1050 2991 μιαρώτατος
1105 2904 1227 2961 τῶν
1265 2893 1480 2986 ἰχθύων
1530 2889 1730 2961 κάπη-

1581 3004 1724 3085 λος,

283 3094 539 3198 lippam,
561 3108 624 3188 ὃς
661 3110 770 3199 βίᾳ
801 3101 994 3199 δέρων
1027 3106 1188 3198 ῥίνας
1214 3106 1466 3197 γαλεούς
1491 3128 1560 3169 τε
1605 3128 1731 3169 πω-

1596 3214 1730 3287 λεῖ,

279 3314 530 3394 καὶτοὺς
567 3309 877 3408 λάὸρακας
921 3318 1286 3407 ἐντερεύων,
1327 3320 1407 3389 ὡς
1453 3314 1732 3405 λέγουσιν

1554 3445 1726 3509 ημιν.

199 3540 428 3607 Similiter
457 3570 511 3623 7,
529 3568 588 3626 p.
619 3548 759 3620 311,
779 3550 826 3605 E
845 3590 864 3620 ,
909 3546 1010 3604 ubi
1046 3558 1289 3624 propter
1313 3542 1592 3623 λάὸρακας
1612 3545 1733 3601 haec

197 3630 371 3689 iterum
411 3638 590 3700 affert.
645 3664 672 3689 «ι
707 3641 889 3697 Versu
929 3655 962 3693 a
999 3638 1131 3693 libri
1161 3637 1383 3692 variant
1420 3636 1569 3689 inter
1602 3630 1738 3710 ‘Ep-

197 3725 324 3787 puto<
345 3734 400 3778 et
431 3718 713 3801 Ἕρμαιος.
743 3726 1024 3782 Arcadius
1050 3728 1136 3781 De
1171 3733 1391 3782 necent.
1424 3740 1486 3798 p.
1531 3720 1623 3793 43,
1655 3722 1690 3777 6
1721 3737 1736 3779 2

193 3802 244 3861 τῦ
265 3805 312 3865 δὲ
327 3806 584 3889 Ἕρμαιος
610 3808 786 3888 κύριον
813 3808 1284 3891 προπαροξύνεται.
1323 3836 1349 3861 ι
1379 3812 1427 3865 E
1447 3812 1534 3865 M.

921 3943 976 3979 2.

251 4030 400 4087 Idem
421 4052 478 4103 7,
509 4050 570 4108 p.
616 4032 762 4107 329,
799 4032 1044 4113 Β.;·φ’έρι
1063 4032 1319 4109 εἴπωμεν,
1351 4032 1488 4099 τίνες
1525 4029 1653 4090 εἰσὶν
1687 4031 1741 4087 αἱ

187 4114 306 4191 παρὰ
337 4116 612 4199 Ἀρχίππῳ
644 4120 697 4177 ἓν
721 4118 859 4199 Ἰχθ.
891 4122 968 4200 τῷ
996 4122 1229 4201 δράματι
1257 4124 1561 4202 θρᾷτται.
1603 4116 1742 4177 κατὰ

181 4200 258 4268 τὰς
273 4205 576 4284 συγγραφὰς
593 4205 696 4285 γὰρ
725 4206 795 4285 (ἰ.
823 4227 877 4269 e.
899 4210 1106 4285 sendus,
1127 4229 1304 4286 prosa
1323 4212 1582 4267 oratione
1603 4208 1740 4265 scri-

183 4296 360 4369 ptum]
389 4295 492 4351 τῶν
529 4291 724 4371 ἰχθύων
767 4291 860 4351 καὶ
903 4292 1188 4367 Ἀθηναίων
1229 4296 1385 4355 ταυτὶ
1427 4292 1737 4364 πεποίηκεν.

185 4372 561 4439 Ἀποόοῦναι
585 4380 632 4439 δ’
659 4378 776 4439 ὅσα
803 4380 1055 4461 ἔχομεν
1076 4383 1400 4456 ἀλλήλων,
1431 4378 1741 4459 ‘hy-&cub

171 4471 275 4535 τὰς
299 4468 795 4551 θρᾴττας,καὶ
818 4468 932 4543 τὴν
963 4472 1298 4551 Ἀθερίνην
1326 4468 1738 4549 αὖλητρίδα,

167 4558 281 4615 καὶ
313 4558 580 4630 Σηπίαν
613 4558 730 4631 τὴν
769 4557 1069 4640 Θύρσου,
1114 4559 1223 4619 καὶ
1262 4558 1375 4627 τὰς
1413 4559 1734 4639 Τρίγλας,

3250 459 3355 510 271

1799 586 2147 668 ρουντόθεν
2172 585 2318 652 τοὺς
2338 585 2799 665 Κορακίωνας,
2822 585 2929 642 καὶ
2952 584 3233 644 Recto&
3256 589 3401 644 τοῦ·

1799 674 2211 752 Σαλαμινίου
2233 673 2476 747 τόκον,
2504 674 2612 732 καὶ
2651 673 3005 753 Βάτραχον
3032 673 3145 732 τὸν
3169 673 3369 752 πάρε-

1799 764 1868 842 δρ
1881 785 1951 822 ον
1973 762 2080 821 τὸν
2103 761 2167 830 ’ἐξ
2192 760 2209 783 ’
2225 762 2279 822 Ω
2297 784 2326 841 ρ
2342 765 2468 820 eoi).
2495 788 2519 814 υ
2534 764 2745 839 Deligit
2760 774 2935 838 poeta
2946 764 3369 820 Atheniensium

1798 855 2032 908 nomina
2053 871 2183 908 cum
2216 853 2461 928 piscium
2502 852 2828 906 nominibus
2850 862 3090 926 cognata
3117 852 3204 906 vel
3237 851 3371 905 inde

1802 940 2043 999 deflexa.
2074 965 2099 990 κ
2128 942 2287 996 Inter
2332 939 2597 994 Thressas
2623 940 2754 994 istas
2770 981 2789 1014 ‚
2828 957 2967 1012 quas
3007 939 3371 996 Athenienses

1799 1028 2041 1086 reddere
2064 1029 2267 1084 volunt
2298 1027 2573 1102 piscibus,
2598 1026 2839 1082 fortasse
2864 1027 3232 1101 cleophontis
3255 1045 3372 1082 ma·

1801 1125 1887 1172 ter
1922 1113 2013 1186 (v,
2064 1123 2263 1172 annot.
2314 1113 2389 1170 ad
2432 1114 2725 1188 Aristoph.
2764 1116 2917 1170 Rem.
2968 1114 3108 1184 637.
3164 1113 3330 1171 Both.
3354 1119 3373 1194 )

1799 1203 1929 1273 fuit,
1979 1221 2149 1276 quam
2188 1203 2349 1257 Plato
2394 1219 2628 1275 (pioque
2677 1201 2937 1275 piscibus
2990 1201 3374 1258 devorandam

1802 1292 2084 1364 exposuit.
2109 1289 2383 1345 „dehet-ine
2412 1289 2646 1344 tibicina
2686 1290 2917 1345 aliunde
2952 1291 3179 1365 ignota3
3206 1290 3376 1363 Sepia

1802 1396 1941 1432 vero
1978 1378 2175 1433 nobile
2196 1388 2451 1433 scortum
2500 1395 2515 1436 ε
2556 1395 2617 1438 v.
2660 1379 2997 1451 Antiphanis
3036 1379 3224 1432 lusum
3275 1395 3371 1451 ap.

1803 1467 2011 1522 Athen.
2040 1464 2099 1536 8,
2125 1485 2188 1540 p.
2221 1464 2369 1538 338,
2400 1467 2468 1521 E.
2500 1461 2614 1530 Τὰς
2657 1466 2709 1523 T
2712 1463 2891 1542 ρίγλας
2936 1465 3237 1542 (frequens
3261 1483 3379 1521 me-

1803 1557 2074 1610 retricum
2094 1572 2341 1624 nomen,
2374 1555 2545 1610 etiam
2574 1553 2645 1612 ab
2674 1555 2988 1631 Antiphane
3021 1554 3222 1610 eodem
3246 1555 3377 1609 loco

1805 1641 2345 1717 commemoratum.)
2388 1644 2480 1698 vel
2518 1640 2611 1708 τὰς
2646 1641 2928 1722 Τριγλίδας
2952 1643 3375 1718 Schweighaeus.

1803 1749 1915 1804 pro
1932 1731 2175 1804 vulgatis
2198 1727 2315 1795 τοὺς
2338 1728 2606 1806 Τριγλίας.
2630 1733 2759 1788 Non
2786 1732 3165 1807 improbabile
3193 1743 3379 1787 tamen

1805 1819 1915 1872 viri
1969 1837 2180 1874 nomen
2238 1817 2410 1879 fuisse
2474 1816 2746 1896 Τριγλίας.
2792 1815 3129 1896 Κορακίωνας
3182 1818 3377 1891 scripsi

1805 1917 2093 1980 praeeunte
2120 1907 2397 1982 Berglsi03
2430 1926 2499 1964 ex
2530 1909 2573 1966 C
2600 1919 2894 1964 enotatum
2928 1918 3012 1963 cst
3032 1907 3379 1982 κορακιῶνας,

1810 1997 1986 2050 ceteri
2006 1995 2141 2050 libri
2164 1997 2537 2075 κορακιῶντας.
2576 1995 2905 2051 Corace‘ones
2928 1993 3267 2052 casaubono
3298 1994 3381 2047 vi-

1812 2080 2021 2137 dentur
2064 2082 2229 2140 fuisse
2270 2083 2467 2140 fratres
2502 2093 2599 2140 aut
2642 2082 2865 2138 sodales
2904 2099 2973 2136 ex
3012 2083 3380 2154 Anagyrunte

1811 2187 1962 2244 pago
1981 2209 2000 2238 ‚
2028 2171 2237 2246 quibus
2272 2189 2484 2226 nomen
2518 2189 2551 2227 a
2588 2170 2901 2246 piscatione
2924 2169 3017 2224 vel
3053 2167 3384 2222 venditione

1813 2255 2101 2332 κορακίνων
2128 2257 2463 2328 indiderint3
2484 2277 2599 2332 quo
2626 2267 2811 2312 tamen
2828 2275 2945 2310 non
2976 2273 3117 2329 opus
3130 2266 3383 2328 sumpto,

1812 2347 2101 2422 siquidem
2150 2366 2182 2403 a
2223 2349 2456 2403 nomine
2494 2347 2667 2421 piscis
2710 2341 2870 2422 κόραξ
2904 2354 3059 2400 recte
3110 2342 3386 2398 formatur

1817 2454 2028 2491 nomen
2053 2437 2354 2510 proprium
2398 2431 2696 2511 Κορακίων.
2724 2434 2909 2490 Etiam
2950 2431 3020 2488 de
3052 2433 3220 2488 Cobio
3246 2431 3388 2486 nihil

1820 2533 2060 2580 constat.
2096 2521 2410 2578 Bao-acleus
2432 2541 2501 2578 ex
2520 2522 2674 2578 Oreo
2693 2521 2921 2576 Euboeae
2948 2519 2965 2594 (
2986 2519 3183 2593 quidni
3204 2517 3391 2574 enim?

1819 2609 2019 2686 Both.)
2073 2623 2245 2666 notus
2291 2610 2513 2666 delator
2558 2610 2667 2664 fuit
2700 2609 2805 2664 sub
2844 2609 3095 2682 Triginta
3138 2607 3389 2661 virorum

1821 2698 2116 2754 dominatu
2138 2717 2154 2754 ι
2178 2718 2235 2755 ν.
2254 2699 2453 2773 Bergk.
2473 2699 2816 2756 Commentt.
2837 2717 2900 2773 p.
2924 2695 3387 2767 380,'Hoelscher.

1823 2797 1907 2848 De
1936 2796 2046 2849 vita
2075 2795 2253 2868 Lysiae
2279 2813 2341 2869 p.
2378 2801 2509 2864 ¹47·
2549 2819 2573 2845 n
2606 2796 2671 2851 E.
2700 2796 2789 2852 M.

2584 2925 2638 2984 3.

1905 3043 2187 3116 Harpocr.
2232 3060 2295 3115 p.
2338 3050 2469 3113 142,
2520 3038 2597 3096 25
2653 3060 2667 3097 ε
2716 3035 2795 3096 ὅτι
2842 3035 2944 3115 γὰρ
2985 3034 3105 3103 τοὺς
3137 3036 3394 3101 τοιούτους

1825 3127 2045 3186 ἐκάλουν
2060 3126 2477 3208 παλιναιρέτους,
2498 3126 2533 3160 ³*
2554 3125 2646 3185 καὶ
2672 3124 2790 3193 τοὺς
2811 3123 3393 3206 ἀποχειροτονηθέντας,

1825 3214 1917 3274 καὶ
1962 3213 2121 3274 πάλιν
2171 3215 2649 3296 χειροτονηθέντας,
2686 3213 2917 3282 Εὔπολίς
2965 3238 3023 3274 τε
3064 3216 3116 3273 ἐν
3152 3214 3395 3277 ιΒοίτιτοιις

1827 3304 1975 3375 δηλοῖ
1999 3302 2089 3363 καὶ
2111 3299 2169 3363 Ἄ
2178 3326 2265 3383 ρχ.
2300 3305 2353 3363 ἐν
2372 3312 2479 3372 τοῖς
2504 3303 2661 3383 Ἶχθ.,
2688 3304 2853 3380 λέγων

1926 3438 2320 3533 Αἱρουμένους
2351 3464 2419 3505 τε
2455 3436 2831 3531 πραγμάτων
2876 3435 3204 3511 ἐπιστάτας

1926 3538 2423 3637 ἀποδοκιμάζειν,
2465 3538 2638 3631 (εἶτα
2675 3536 3063 3634 δοκιμάζειν)
3091 3540 3297 3609 πάλιν.

1930 3638 2016 3718 ἢν
2046 3649 2145 3718 οὖν
2178 3658 2444 3741 ποιῶμεν
2462 3660 2679 3733 ταῦτα,
2702 3641 2976 3725 κίνδυνος
3000 3649 3202 3714 λαθεῖν

1897 3794 1917 3805 =
1929 3751 2367 3833 ἁπαξάπαντας
2383 3757 2732 3848 γενομένους
2757 3755 3232 3847 παλιναιρέτους.

1831 3886 2005 3961 Apud
2024 3886 2207 3960 Harp.
2237 3884 2417 3940 verba
2449 3878 2681 3946 καὶτοὺς
2716 3883 2809 3937 ἀπ.
2834 3902 2886 3940 κ.
2912 3902 2976 3937 π.
3004 3900 3197 3959 χειρον.
3228 3882 3401 3936 inter-

1829 3974 2171 4048 pretamenti
2187 3971 2401 4026 habent
2422 3971 2705 4045 speciem3
2732 3980 2885 4025 certe
2910 3970 3070 4043 prius
3091 3966 3181 4025 καὶ
3210 3968 3402 4023 delen·
3504 4016 3527 4043 ‚

1834 4062 1971 4118 dum
2022 4070 2124 4116 est.
2198 4060 2458 4117 Alterum
2524 4076 2751 4113 versum
2816 4058 3106 4113 Porsonus
3166 4056 3399 4113 Miscell.

1832 4169 1892 4225 p.
1924 4149 2031 4206 281
2068 4150 2353 4223 integrum
2374 4145 2537 4202 dedit
2566 4145 2776 4201 additis
2820 4162 2946 4218 quoe
2974 4142 3321 4201 exciderant.

2590 4266 2645 4325 4.

1914 4373 2232 4447 Stephanus
2250 4374 2485 4445 Byzant.
2524 4389 2586 4445 p.
2622 4388 2730 4444 197
2768 4387 2783 4428 ε
2824 4368 3133 4443 Γαλεῶται,
3167 4364 3405 4441 μάντεων

1834 4451 1966 4527 εἶδος
1989 4460 2243 4518 Σικελῶν.
2267 4456 2450 4536 γαλεὸς
2479 4455 2535 4514 δὲ
2572 4462 2665 4513 καὶ
2700 4459 2729 4513 ὁ
2761 4453 3169 4526 ἄσκαλαὸὠτης.
3196 4452 3405 4515 Φιλύλ-

1832 4553 1939 4615 λιος
1976 4544 2129 4625 Αὔγῃ
2257 4546 2347 4604 καὶ
2376 4540 2533 4625 ’'Ap-L.
2584 4544 2718 4624 Ἰχθ.
2746 4570 2769 4596 α
2798 4544 2871 4603 Τί
2903 4542 3075 4619 λέγεις
3096 4542 3159 4601 σὺ
3191 4542 3405 4618 μάντις;

177 4643 278 4699 ἰαὶ
315 4644 690 4716 Εὐκλείδην
749 4644 859 4703 τὸν
922 4644 1250 4727 ἄρξαντα,
1302 4646 1418 4704 καὶ
1478 4644 1739 4720 Ἀναγυ-
1832 4638 1933 4697 εἶσὶ
1955 4635 2057 4714 γὰρ
2084 4633 2360 4693 θαλάσσιοι
2386 4630 2566 4710 γαλεοί
2582 4655 2641 4710 γε
2663 4630 2875 4690 πάντων
2906 4632 3142 4709 μάντεων
3166 4628 3405 4709 σοφώτα-

812 4816 1074 4873 PISCES.

190 4982 463 5056 &gyptius
487 4984 906 5043 scelestissimus
923 4907 1154 5060 {iisoium
1185 4989 1430 5062 propola,

2587 4826 2642 4874 4.

1831 4910 2155 4980 Electosque
2177 4905 2523 4978 negotiorum
2544 4912 2818 4962 curatores

1831 4997 2093 5067 abrogare
2136 5002 2191 5050 et
2210 5009 2397 5049 rursus
2420 5008 2633 5064 rogare.

193 5066 470 5129 aarum.
510 5073 604 5145 qui
645 5073 698 5129 vi
755 5072 1058 5145 deglubens
1101 5077 1384 5149 squatinae
1442 5076 1739 5149 galeosque
1835 5080 2040 5153 Quodsi
2069 5082 2234 5153 igitur
2250 5080 2329 5136 sic.
2351 5080 2581 5151 agimus„
2605 5076 2911 5153 periculum

1505 5163 1740 5231 [vendit.
1836 5178 1940 5237 est,
1966 5184 2038 5225 ne
2060 5168 2370 5224 nesciamus
2388 5183 2489 5225 nos
2508 5174 2733 5224 cunctos
2755 5179 2945 5223 rursus
2965 5162 3161 5220 electos
3184 5168 3325 5213 esse.

190 5250 224 5296 ft
257 5240 410 5313 lupos
430 5248 450 5309 ί
461 5248 682 5316 pisces)
705 5245 1054 5315 evisceratos
1077 5257 1140 5306 ut
1165 5258 1388 5309 narrant
1407 5250 1584 5307 nobis.
