3809 5850
1394 342 1988 405 ANONYMORUM.
3225 367 3330 414 747

816 479 951 536 263.

178 591 419 652 photius
440 614 494 669 p.
520 591 615 662 38,
644 611 673 661 7
706 609 719 647 :

194 681 823 802 Eloeppbwe··tcapoetvefv
858 717 949 792 τῷ
980 714 1179 782 κακῶς
1208 706 1573 800 πεπραγότι.

52 837 332 917 ἐλαφρὸν
360 833 609 911 σημαίνει
630 832 691 894 τὸ
722 831 899 912 ῥᾴδιον
924 831 1018 892 καὶ
1036 837 1245 910 κοῦφον.

830 945 965 1012 264.

170 1063 345 1120 Idem
370 1081 433 1136 p.
464 1060 560 1134 39,
594 1059 659 1132 5,
686 1055 1104 1134 Ἐρρωγότας
1133 1057 1356 1138 λε’γειν
1384 1059 1620 1141 λόγους
1656 1080 1670 1118 :

52 1141 205 1208 οἷον
234 1149 415 1220 ἀηδεῖς
433 1146 523 1206 καὶ
560 1144 877 1228 ἀπᾴδοντας,
899 1147 1001 1224 οὐχ
1018 1144 1317 1226 ἃρμονίους.
1343 1151 1379 1222 ἡ
1412 1148 1681 1230 μεταφορᾶ

52 1239 207 1296 ἀπὸ
238 1239 345 1296 τῶν
371 1233 729 1313 ἰξερρωγότων
760 1233 1011 1312 ὀργάνων·
1046 1235 1138 1294 καὶ
1175 1235 1281 1316 γὰρ
1308 1241 1475 1298 ταῦτα
1518 1240 1679 1317 ἀνάρ-

54 1349 301 1404 μοστον
320 1325 411 1383 καὶ
446 1321 603 1394 ἀηδὲς
626 1321 957 1403 φθέγγονται.

837 1438 973 1499 265.

178 1551 343 1608 lbid.
398 1569 501 1620 12,
552 1546 1066 1623 Ἐνσεσεισμίνη
1120 1573 1135 1609 :
1183 1555 1217 1622 ἡ
1268 1553 1573 1633 προήκουσα
1616 1557 1679 1632 τῇ

64 1637 293 1717 ἡλικία
310 1681 331 1710 ,
373 1636 465 1696 καὶ
496 1635 598 1694 ὑπὸ
636 1635 827 1716 χρόνου
874 1637 1303 1715 διασεσεισμίνη,
1350 1641 1443 1702 καὶ
1490 1643 1681 1718 μηκέτι

70 1728 415 1806 σφριγῶσα,
444 1721 579 1800 μηδὲ
608 1722 888 1804 ἰσχύουσα,
913 1727 1050 1784 ἀλλὰ
1085 1726 1254 1806 σαθρὰ
1286 1719 1436 1788 οὖσα.
1468 1736 1554 1792 De
1582 1751 1680 1790 ve·

68 1819 227 1872 tula
258 1817 497 1873 dictum.

802 1925 827 1948 ⁴*
859 1929 993 1987 266.

178 2039 341 2098 lbid.
404 2057 496 2114 19,
552 2034 1041 2102 Ἐπικαττύειν
1088 2037 1180 2098 καὶ
1224 2042 1609 2122 πτερνίζειν
1658 2066 1673 2101 :

68 2125 159 2186 τὰ
208 2125 420 2184 παλαιὰ
453 2123 829 2194 ἐπισκευάζειν.
984 2125 1197 2208 λέγουσι
1240 2131 1295 2190 δὲ
1337 2131 1426 2192 ἐπὶ
1476 2135 1581 2192 τῶν
1612 2132 1679 2190 τὰ

72 2213 313 2274 παλαιὰ
354 2217 458 2274 τῶν
502 2211 785 2292 δραμάτων
832 2217 1256 2290 μεταποιούντων
1304 2219 1397 2280 καὶ
1442 2244 1681 2301 μεταρσι-

72 2301 369 2364 πτόντων.
862 2361 873 2372 .

824 2423 961 2494 267.

180 2535 351 2592 Idem
376 2555 436 2610 p.
468 2537 565 2606 46,
596 2533 663 2603 8,
694 2529 877 2590 Κατὰ
919 2535 1183 2596 κοιλίαν
1221 2539 1435 2600 νοσεῖς
1468 2541 1554 2598 ἐπὶ
1577 2543 1680 2600 τῶν

82 2623 453 2702 πολυφάγων.

835 2741 968 2798 268.

182 2849 353 2905 Idem
397 2865 459 2923 p.
515 2855 611 2919 47,
651 2849 743 2925 15,
796 2850 1109 2932 Κυψέλαι
1169 2849 1608 2929 φρονημάτων
1666 2873 1681 2912 :

84 2928 209 2997 οἷον
233 2939 395 3009 θῆκαι
423 2934 738 3016 φρονήσεως·
759 2938 961 3021 κυψέλη
986 2940 1089 3020 γὰρ
1117 2939 1324 3018 ἀγγεῖον
1344 2941 1413 3006 εἷς
1430 2939 1673 2999 ἀπόθεσιν

88 3029 309 3103 πυρῶν.
348 3050 373 3081 ι
404 3028 493 3083 Ita
523 3046 629 3101 per
648 3028 853 3101 jocum
884 3042 1057 3106 poeta
1093 3030 1390 3103 homines,
1434 3032 1535 3104 qui
1576 3032 1685 3087 sibi

88 3136 223 3191 prae
246 3116 375 3171 aliis
398 3132 598 3191 sapere
626 3118 997 3192 videbantur,
1025 3120 1265 3179 dixerat.
1302 3144 1325 3171 υ
1360 3120 1539 3181 Mein.

832 3230 966 3305 269.

182 3356 429 3433 Idemp.
449 3363 547 3433 49,
564 3354 1085 3437 5,Κλῳομα’στιξ
1110 3374 1125 3415 2
1158 3359 1189 3414 δ
1210 3358 1373 3437 κλοιῷ
1396 3356 1686 3431 δεδεμένος,

93 3445 197 3503 καὶ
252 3444 689 3522 μαστιγούμενος.
732 3476 813 3490 --
856 3447 1009 3505 lhid.
1051 3447 1113 3516 6,
1168 3443 1475 3520 Κάμινον
1518 3445 1687 3523 ἔχων

96 3536 167 3591 ἐν
222 3532 315 3611 τῷ
352 3531 725 3609 πνεύμονιε
766 3532 853 3591 ἐπὶ
881 3532 1125 3609 γυναικὸς
1154 3532 1399 3608 μεθύσου.
1448 3559 1475 3587 κ
1506 3532 1689 3591 Poeta

96 3622 325 3679 dixerit
364 3618 503 3698 ἔχει
532 3618 751 3697 κάμινον
780 3633 895 3678 etc.
936 3647 961 3674 n
996 3624 1181 3679 Mein.
1224 3650 1308 3667 -·
1329 3622 1553 3679 Ibidem
1588 3642 1684 3697 12,

102 3710 155 3769 K
172 3730 295 3789 ραν
311 3706 555 3774 ιόλειος
582 3730 596 3768 :
624 3712 653 3767 ὁ
679 3707 741 3765 τὸ
766 3706 979 3787 κρανίον
1003 3706 1141 3786 Ῐχων
1159 3706 1323 3785 λεῖον,
1346 3710 1375 3765 ὁ
1396 3707 1686 3787 φαλακρός.

98 3830 187 3841 -
212 3798 370 3856 Ibid.
406 3797 497 3868 13,
532 3795 1042 3875 Κγισοτηρητής
1069 3818 1081 3852 :
1112 3800 1347 3857 ὁκνῖσαν
1377 3796 1467 3854 καὶ
1505 3797 1687 3855 δεῖπνα

102 3885 403 3961 ἐπιτηρῶν.
437 3888 524 3941 De
545 3888 817 3959 parasito.

836 4019 869 4053 2
914 4018 969 4057 ο.

190 4110 363 4169 Idem
382 4128 443 4185 p.
470 4106 570 4179 50,
599 4110 657 4181 3,
697 4020 1160 4183 Atpozdlaxoec
1188 4124 1205 4166 ε
1230 4108 1279 4167 οἱ
1307 4104 1393 4165 διὰ
1420 4104 1575 4182 λιμὸν
1601 4129 1691 4165 κο-

106 4192 425 4262 λακεύοντές
442 4218 579 4255 τινα.
604 4228 687 4241 —·
712 4198 871 4255 Idem
890 4217 957 4273 p.
984 4196 1085 4267 51,
1113 4216 1187 4253 2ο
1202 4238 1221 4266 ,
1250 4194 1641 4271 Μονογίρων
1672 4217 1685 4251 :

107 4284 201 4343 τὸν
236 4282 556 4363 μονότροπον
584 4282 675 4341 καὶ
702 4281 955 4345 δύσκολον
974 4280 1194 4362 γέροντα
1222 4280 1489 4359 σημαίνει.
1578 4280 1585 4289 ’

841 4414 973 4465 271.

64 4556 75 4565 .
196 4508 359 4563 Idem
386 4526 447 4582 p.
490 4506 587 4577 51,
640 4526 740 4577 22,
786 4502 1387 4585 Μεθυσοχάρυὸδις
1430 4524 1443 4561 :
1482 4503 1569 4563 ἐπὶ
1600 4526 1690 4583 γυ-

1772 475 1857 534 ἐπὶ
1888 479 1994 536 τῶν
2020 467 2078 535 εὖ
2101 479 2438 558 πραττόντων
2475 483 2735 561 πονηρῶν.
2766 485 3148 541 Probabiliter
3167 491 3342 562 parti-

1773 568 1962 622 culam
1982 566 2086 646 γὰρ
2114 570 2346 626 inseruit
2367 571 2608 627 Meinek.

2489 711 2620 762 272.

1858 812 2020 896 Idem
2043 832 2104 888 p.
2137 811 2234 881 54,
2263 811 2358 884 28,
2383 809 2814 890 Ὀνύγαστρις
2849 813 3188 892 ἅνθρωπος
3219 838 3230 872 :
3256 815 3342 875 ἐπὶ

1774 901 1878 956 τῶν
1928 897 2190 978 ἄρρυθμον
2244 899 2336 957 καὶ
2383 899 2618 977 μεγάλην
2663 899 2897 981 γαστέρα
2944 902 3192 980 ἐχόντων.
3265 937 3344 948 -

1773 987 1935 1043 Idem
1971 1007 2030 1063 p.
2078 988 2168 1056 56,
2229 988 2334 1058 26,
2373 989 2512 1047 Οὔκ
2568 987 2820 1068 ἀπείρῳ
2867 989 3336 1070 προσέὅαλεν·

1774 1073 1860 1134 ἐπὶ
1907 1077 2010 1134 τῶν
2050 1073 2302 1152 οἰομένων
2350 1073 2726 1150 ἐξαπατήσειν,
2768 1076 3107 1157 φωραθέντων
3139 1078 3216 1140 δέ.
3265 1113 3346 1126 —-

1776 1163 1932 1224 lbid.
1963 1163 2066 1236 33,
2102 1164 2266 1224 Οὐδὲ
2305 1167 2396 1232 εἰς
2443 1163 2553 1222 τὸν
2598 1165 2831 1226 ὀδόντα
2881 1163 3022 1244 ἔχει
3065 1173 3338 1244 φαγεῑν;

1775 1249 1864 1308 ἐπὶ
1888 1253 1994 1311 τῶν
2021 1251 2155 1330 μηδὲ
2179 1253 2508 1332 σμικρότατα
2535 1252 2762 1334 ἐχόντων
2796 1261 3000 1332 φαγεῖν.

2510 1366 2645 1438 273.

1851 1479 2014 1536 Idem
2033 1499 2097 1554 p.
2144 1477 2242 1550 58,
2273 1477 2728 1554 9,-Πολύζωον
2779 1478 2982 1540 κακόν
3021 1501 3035 1537 z
3073 1479 3162 1540 ἐπὶ
3203 1481 3344 1540 πάνυ

1771 1571 1992 1644 γηραιοῦ
2015 1563 2176 1633 εἴποις
2199 1563 2286 1626 ἄν.
2316 1597 2398 1612 -·-
2424 1567 2580 1627 Ibid.
2625 1566 2726 1640 32,
2771 1567 3214 1648 Ποντοφᾶρυξ
3251 1591 3264 1628 :
3297 1573 3348 1630 εἴ

1771 1675 1851 1718 τις
1880 1652 2118 1732 βούλοιτο
2141 1651 2402 1712 σκώπτειν
2430 1652 2548 1713 τινὰ
2579 1653 2851 1727 ἄπληστον
2877 1653 2968 1714 καὶ
2991 1656 3176 1737 φάγον.
3203 1661 3346 1715 Scri-

1771 1744 1979 1818 pserim
2013 1742 2278 1821 Παντοφ
2295 1739 2481 1820 ἄρυξ,
2509 1754 2574 1799 ut
2591 1741 2942 1822 παντοφᾶγος.

2482 1861 2618 1927 271..

1853 1970 2016 2030 Idem
2057 1989 2122 2046 p.
2177 1967 2274 2046 59,
2330 1969 2421 2041 18,
2477 1967 2824 2052 Προὸῦσαι
2869 1971 3190 2050 φορτικὸν
3242 1971 3344 2048 γέ-

1772 2059 1944 2116 λωτα
1975 2077 1992 2118 t
2029 2057 2147 2119 ἀντὶ
2197 2062 2292 2118 τοῦ
2323 2055 2630 2136 προὸαλεῖν.
2689 2061 2722 2130 ἡ
2776 2058 3050 2140 μεταφορὰ
3107 2058 3214 2120 ἀπὸ
3238 2064 3342 2120 τῶν

1772 2145 1889 2213 τοὺς
1940 2143 2160 2225 λύχνους
2205 2143 2540 2225 προὸυόντων
2573 2147 2656 2224 (Ρ)
2800 2145 3000 2205 τίθεται
3028 2146 3082 2205 δὲ
3120 2147 3208 2205 ἐπὶ
3237 2151 3342 2208 τῶν

1774 2231 1938 2310 μηδὲν
1965 2233 2154 2310 σεμνὸν
2201 2232 2426 2312 ἐχόντων
2442 2276 2458 2303 ,
2511 2230 2594 2290 ἀεὶ
2637 2233 2692 2292 δὲ
2721 2231 2808 2292 διὰ
2854 2241 2945 2294 τοῦ
2975 2234 3342 2312 γελωτοποιεῖν

1771 2320 2088 2402 θηρωμένων
2111 2345 2185 2401 τις

2491 2466 2524 2504 2
2573 2445 2624 2504 5.

1854 2557 2018 2618 Idem
2039 2557 2124 2616 ib.
2159 2557 2266 2626 26,
2297 2468 2568 2633 Πυθμὴῖ
2595 2557 2792 2618 δικῶν
2829 2577 2844 2620 ε
2873 2545 2983 2616 οἷον
3013 2557 3130 2638 ῥίζα
3160 2558 3344 2636 δικῶν,

1776 2645 2058 2726 φιλόδικος.
2083 2677 2164 2692 -
2190 2646 2352 2706 Idem
2400 2666 2462 2722 p.
2493 2646 2602 2716 60,
2660 2645 2770 2716 25,
2820 2647 2873 2706 l]
2894 2647 3348 2725 ερικεκρουμέ-

1773 2756 1879 2800 νος
1930 2732 2266 2812 ἄνθρωπος
2299 2755 2312 2790 :
2344 2736 2371 2791 ὁ
2405 2733 2506 2811 οὐχ
2537 2731 2839 2813 ὁλόκληρος.
2867 2736 2902 2804 ἡ
2935 2731 3209 2814 μεταφορὰ
3237 2733 3348 2796 ἀπὸ

1773 2823 1877 2879 τῶν
1902 2821 2126 2898 ἀγγείων
2163 2823 2266 2878 τῶν
2286 2819 2390 2879 ὑπὸ
2417 2819 2616 2900 χρόνου
2635 2820 3148 2900 περικεκρουμὲνων.

2484 2946 2622 3018 276.

1854 3056 2094 3131 ldemp.
2119 3056 2216 3125 61,
2255 3076 2306 3127 1,
2337 3053 2735 3126 Ποντοκύκη
2777 3056 2946 3135 γυνή
2976 3075 2991 3117 :
3016 3061 3050 3131 ἡ
3078 3054 3216 3117 οὕτω
3241 3078 3350 3113 πα-

1774 3145 2016 3220 νοῦργος,
2058 3142 2128 3206 ὥς
2177 3140 2268 3198 καὶ
2304 3138 2397 3210 τὴν
2438 3140 2702 3199 θάλατταν
2753 3150 2940 3200 κυκᾶν·
2970 3147 3040 3212 ὣς
3078 3144 3350 3217 πηξιθᾶ-

1775 3229 1992 3287 λαττα
2023 3234 2057 3299 ἡ
2106 3228 2200 3300 τὴν
2233 3228 2505 3288 θάλασσαν
2554 3229 2720 3300 πῆξαι
2767 3230 3052 3307 δυναμένη.
3107 3260 3134 3285 α
3161 3238 3349 3291 Priori

1776 3320 2123 3376 simillimum
2163 3328 2266 3387 est,
2317 3319 2479 3393 quod
2505 3320 2784 3377 Arcadius
2809 3340 2873 3396 p.
2921 3340 3056 3395 101,
3091 3339 3191 3398 29,
3235 3342 3350 3379 ser-

1776 3412 1932 3465 vavit
2006 3405 2339 3483 παντογκύνη
2406 3406 2881 3487 (παντοκύκη),
2941 3412 2976 3477 ἡ
3035 3408 3350 3489 ταραχώδης

1778 3493 1925 3571 γυνή.
1965 3520 1989 3544 ³·
2031 3496 2205 3555 Mein.

2501 3645 2638 3699 277.

1856 3738 2126 3796 Idemib.
2165 3735 2282 3806 25,
2321 3734 2970 3814 Ῥινώλεθροςόσμή
3025 3758 3038 3793 :
3073 3738 3160 3795 ἐπὶ
3188 3738 3352 3796 δυσώ-
3473 3728 3482 3735 ’

1781 3825 1897 3889 δους
1933 3823 2079 3903 ἐρεῖς.
2119 3858 2198 3867 -
2244 3824 2396 3881 lbid.
2450 3844 2553 3900 29,
2587 3822 3011 3900 Ῥιγεσίὸιοι
3061 3844 3076 3885 τ
3117 3824 3207 3883 ἐπὶ
3247 3828 3354 3884 τῶν

1780 3914 2008 3989 πτωχῶν
2051 3910 2142 3968 καὶ
2190 3912 2402 3990 γυμνῶν
2424 3953 2441 3982 ,
2475 3910 2937 3989 προσποιουμένων
2981 3912 3025 3970 δ’
3076 3912 3254 3973 ἀσκεῖν
3291 3915 3353 3974 τὸ

1780 4002 1960 4075 σῶμα.
1994 4032 2063 4045 --
2097 4000 2258 4057 Idem
2286 4020 2344 4076 p.
2378 3998 2490 4073 63,
2543 4018 2638 4071 10,
2677 3998 3131 4080 Σοροδαίμων
3163 4003 3355 4075 εδηλοῑ

1782 4088 1836 4146 δὲ
1860 4092 1889 4147 ὁ
1918 4085 2055 4155 ἄξιος
2073 4088 2127 4145 ἐν
2157 4090 2294 4167 σορῷ
2335 4076 2538 4165 δαίμων
2569 4076 2702 4147 εἶναι
2731 4088 2800 4149 δι’
2829 4087 3126 4168 ὓπερὸολὴν
3155 4089 3350 4170 γήρως.

2494 4200 2631 4272 278.

1861 4316 2026 4372 Idem
2073 4334 2131 4389 p.
2208 4314 2306 4384 64,
2375 4312 2485 4385 28,
2551 4312 3042 4393 Τρυπαλώπ.ηξ
3116 4338 3127 4372 :
3190 4321 3218 4375 ὁ
3270 4317 3356 4377 διὰ

1781 4400 2102 4481 πανουργίαν
2143 4400 2320 4460 πάντα
2350 4404 2562 4481 τροπῶν
2598 4402 2826 4483 (malim
2860 4405 3098 4483 τρυπᾶν)
3142 4402 3233 4463 καὶ
3271 4406 3356 4483 ἕρ·

1781 4490 2032 4569 γάζεσθαι
2064 4488 2366 4565 δυνάμενος.
2391 4522 2473 4535 -·
2493 4492 2655 4547 Idem
2680 4512 2744 4571 p.
2769 4493 2843 4549 65
2860 4536 2876 4565 ,
2913 4494 2973 4567 6,
3004 4493 3096 4571 Τρ
3113 4494 3355 4571 αχηλό-

112 4593 293 4659 ναικὸς
322 4591 578 4670 μεθύσου,
608 4594 703 4651 οὐκ
729 4595 813 4651 ἐπ’
837 4591 1065 4674 ἄρρενος.
1088 4594 1347 4649 —Idem
1376 4613 1438 4669 p.
1465 4592 1559 4665 53,
1596 4602 1688 4663 14,
1784 4602 1975 4655 σῖμος
2019 4577 2129 4637 ἄνθ
2145 4601 2357 4657 ρωπος
2391 4600 2406 4635 ³
2434 4581 2461 4636 ὁ
2495 4576 2820 4692 βραχὺνπὸν
2845 4578 3108 4659 τράχηλον
3139 4578 3294 4657 ἔχων.

116 4680 521 4759 ’()νυχιμαῖα
569 4680 841 4759 τέμνειν
876 4704 891 4738 z
922 4681 1037 4738 ἀντὶ
1077 4684 1167 4738 τοῦ
1207 4681 1395 4761 μικρά.
1427 4712 1508 4725 -·
1533 4682 1686 4740 Ibid.

121 4792 221 4839 21,

222 4876 423 4952 Οὐδὲν
452 4884 638 4951 κακὸν
667 4880 781 4977 γὰρ
810 4876 1033 4975 ῥᾳδίως
1064 4883 1439 4951 ἀπόλλυται.

840 5072 967 5123 263.

126 5154 297 5210 Facile
322 5161 403 5210 est
427 5152 725 5209 admonere
752 5151 1045 5209 infelicem.
1734 5076 1749 5175 Ι

2501 4710 2639 4767 279.

1864 4805 2024 4863 ldem
2070 4824 2132 4880 p.
2167 4806 2269 4875 66,
2317 4806 2384 4875 3,
2425 4804 2918 4882 Τιλλοπώγωνε
2973 4808 3002 4861 ὁ
3038 4804 3125 4862 τὸν
3169 4808 3359 4865 ἑαυτοῦ

1782 4888 2083 4951 ’ἀποτίλλων
2111 4890 2360 4971 πώγωνα.
2399 4926 2476 4939 -
2523 4892 2685 4951 Idem
2719 4914 2780 4968 p.
2809 4894 2919 4964 68,
2948 4894 3053 4964 30,
3079 4890 3358 4959 ‘thocqq

1784 5148 1931 5206 Nihil
1957 5148 2166 5216 (enim)
2195 5148 2346 5220 quod
2375 5066 2688 5207 maluzrzleet
2704 5191 2720 5216 ‚
2747 5146 2906 5206 facile
2929 5148 3254 5207 eradicatur.
