<?xml version="1.0" encoding="UTF-8"?>
<!DOCTYPE html PUBLIC "-//W3C//DTD XHTML 1.0 Transitional//EN"
    "http://www.w3.org/TR/xhtml1/DTD/xhtml1-transitional.dtd">
<html xmlns="http://www.w3.org/1999/xhtml" xml:lang="en" lang="en">
 <head>
  <title>
</title>
<meta http-equiv="Content-Type" content="text/html;charset=utf-8" />
  <meta name='ocr-system' content='tesseract 3.04.00' />
  <meta name='ocr-capabilities' content='ocr_page ocr_carea ocr_par ocr_line ocrx_word'/>
</head>
<body>
  <div class='ocr_page' id='page_1' title='image "./poetarumcomicor01hunzgoog_0719.png"; bbox 0 0 3809 5850; ppageno 0'>
   <div class='ocr_carea' id='block_1_1' title="bbox 1467 304 3306 393">
    <p class='ocr_par' dir='ltr' id='par_1_1' title="bbox 1467 304 3306 393">
     <span class='ocr_line' id='line_1_1' title="bbox 1467 304 3306 393; baseline 0.002 -16"><span class='ocrx_word' id='word_1_1' title='bbox 1467 316 1736 377; x_wconf 77' lang='lat' dir='ltr'><strong>DAMox</strong></span> <span class='ocrx_word' id='word_1_2' title='bbox 1750 315 1838 375; x_wconf 83' lang='lat' dir='ltr'>EN</span> <span class='ocrx_word' id='word_1_3' title='bbox 1847 314 1963 377; x_wconf 84' lang='lat' dir='ltr'>US.</span> <span class='ocrx_word' id='word_1_4' title='bbox 2475 304 2486 317; x_wconf 63' lang='lat'>⁸</span> <span class='ocrx_word' id='word_1_5' title='bbox 2701 386 2710 393; x_wconf 27' lang='lat'><strong>¹</strong></span> <span class='ocrx_word' id='word_1_6' title='bbox 3195 330 3306 381; x_wconf 80' lang='grc'>697</span> 
     </span>
    </p>
   </div>
   <div class='ocr_carea' id='block_1_2' title="bbox 75 438 3350 5134">
    <p class='ocr_par' dir='ltr' id='par_1_2' title="bbox 230 438 3311 867">
     <span class='ocr_line' id='line_1_2' title="bbox 360 438 3307 551; baseline 0 -27"><span class='ocrx_word' id='word_1_7' title='bbox 360 496 379 512; x_wconf 86' lang='lat'>.</span> <span class='ocrx_word' id='word_1_8' title='bbox 403 484 467 525; x_wconf 89' lang='grc' dir='ltr'>α.</span> <span class='ocrx_word' id='word_1_9' title='bbox 498 451 823 545; x_wconf 68' lang='grc' dir='ltr'>Ἐπικούρου</span> <span class='ocrx_word' id='word_1_10' title='bbox 851 449 920 521; x_wconf 82' lang='grc' dir='ltr'>δέ</span> <span class='ocrx_word' id='word_1_11' title='bbox 950 482 1023 546; x_wconf 85' lang='grc' dir='ltr'>με</span> <span class='ocrx_word' id='word_1_12' title='bbox 1192 438 1199 445; x_wconf 40' lang='grc'>’</span> <span class='ocrx_word' id='word_1_13' title='bbox 1907 456 1965 536; x_wconf 87' lang='grc' dir='ltr'>β.</span> <span class='ocrx_word' id='word_1_14' title='bbox 2001 452 2109 532; x_wconf 86' lang='grc' dir='ltr'>Τίς</span> <span class='ocrx_word' id='word_1_15' title='bbox 2138 456 2574 545; x_wconf 77' lang='grc' dir='ltr'>παρακολουθεῖ</span> <span class='ocrx_word' id='word_1_16' title='bbox 2600 466 2834 541; x_wconf 84' lang='grc' dir='ltr'>ταῦτα;</span> <span class='ocrx_word' id='word_1_17' title='bbox 2866 484 2928 524; x_wconf 88' lang='grc' dir='ltr'>α.</span> <span class='ocrx_word' id='word_1_18' title='bbox 2985 462 3307 551; x_wconf 78' lang='grc' dir='ltr'>Τοιγαροῦν</span> 
     </span>
     <span class='ocr_line' id='line_1_3' title="bbox 233 560 3311 657; baseline 0 -27"><span class='ocrx_word' id='word_1_19' title='bbox 233 569 367 657; x_wconf 79' lang='grc' dir='ltr'>ὀρᾷς</span> <span class='ocrx_word' id='word_1_20' title='bbox 405 561 677 655; x_wconf 78' lang='grc' dir='ltr'>μαθητὴν</span> <span class='ocrx_word' id='word_1_21' title='bbox 709 561 859 627; x_wconf 84' lang='grc' dir='ltr'>ὄντα</span> <span class='ocrx_word' id='word_1_22' title='bbox 882 612 900 646; x_wconf 95' lang='grc'>,</span> <span class='ocrx_word' id='word_1_23' title='bbox 937 571 1043 627; x_wconf 89' lang='grc' dir='ltr'>τοῦ</span> <span class='ocrx_word' id='word_1_24' title='bbox 1076 572 1253 652; x_wconf 83' lang='grc' dir='ltr'>σοφοῦ</span> <span class='ocrx_word' id='word_1_25' title='bbox 1274 610 1293 643; x_wconf 91' lang='grc'>,</span> <span class='ocrx_word' id='word_1_26' title='bbox 1341 568 1483 653; x_wconf 86' lang='grc' dir='ltr'>παρ’</span> <span class='ocrx_word' id='word_1_27' title='bbox 1512 560 1561 646; x_wconf 85' lang='grc' dir='ltr'>ᾧ</span> <span class='ocrx_word' id='word_1_28' title='bbox 3072 568 3311 656; x_wconf 80' lang='grc' dir='ltr'>στρόφοι</span> 
     </span>
     <span class='ocr_line' id='line_1_4' title="bbox 234 658 3252 760; baseline -0 -24"><span class='ocrx_word' id='word_1_29' title='bbox 234 675 295 737; x_wconf 81' lang='grc' dir='ltr'>ἐν</span> <span class='ocrx_word' id='word_1_30' title='bbox 324 660 419 735; x_wconf 87' lang='grc' dir='ltr'>δύ’</span> <span class='ocrx_word' id='word_1_31' title='bbox 455 670 651 735; x_wconf 81' lang='grc' dir='ltr'>ἔτεσιν</span> <span class='ocrx_word' id='word_1_32' title='bbox 683 666 788 734; x_wconf 87' lang='grc' dir='ltr'>καὶ</span> <span class='ocrx_word' id='word_1_33' title='bbox 818 669 997 759; x_wconf 91' lang='grc' dir='ltr'>μησὶν</span> <span class='ocrx_word' id='word_1_34' title='bbox 1028 672 1143 760; x_wconf 83' lang='grc' dir='ltr'>οὐχ</span> <span class='ocrx_word' id='word_1_35' title='bbox 1170 670 1334 743; x_wconf 83' lang='grc' dir='ltr'>ὅλοις</span> <span class='ocrx_word' id='word_1_36' title='bbox 1360 658 1517 734; x_wconf 80' lang='grc' dir='ltr'>δέκα</span> <span class='ocrx_word' id='word_1_37' title='bbox 1753 659 1841 731; x_wconf 82' lang='lat'>25</span> <span class='ocrx_word' id='word_1_38' title='bbox 1896 663 2001 729; x_wconf 84' lang='grc' dir='ltr'>καὶ</span> <span class='ocrx_word' id='word_1_39' title='bbox 2025 664 2369 756; x_wconf 78' lang='grc' dir='ltr'>πνευμάτια</span> <span class='ocrx_word' id='word_1_40' title='bbox 2405 666 2734 759; x_wconf 85' lang='grc' dir='ltr'>γιγνόμενα</span> <span class='ocrx_word' id='word_1_41' title='bbox 2753 668 2856 734; x_wconf 86' lang='grc' dir='ltr'>τὸν</span> <span class='ocrx_word' id='word_1_42' title='bbox 2892 674 3252 759; x_wconf 77' lang='grc' dir='ltr'>κεκλημένον</span> 
     </span>
     <span class='ocr_line' id='line_1_5' title="bbox 230 765 3210 867; baseline -0 -26"><span class='ocrx_word' id='word_1_43' title='bbox 230 769 494 841; x_wconf 77' lang='grc' dir='ltr'>τάλαντ’</span> <span class='ocrx_word' id='word_1_44' title='bbox 524 775 647 864; x_wconf 75' lang='grc' dir='ltr'>ἐγώ</span> <span class='ocrx_word' id='word_1_45' title='bbox 684 797 780 838; x_wconf 87' lang='grc' dir='ltr'>τοι</span> <span class='ocrx_word' id='word_1_46' title='bbox 799 774 1241 840; x_wconf 79' lang='grc' dir='ltr'>κατεπύκνωσα</span> <span class='ocrx_word' id='word_1_47' title='bbox 1256 774 1551 867; x_wconf 82' lang='grc' dir='ltr'>τέτταρα.</span> <span class='ocrx_word' id='word_1_48' title='bbox 1893 770 2257 860; x_wconf 79' lang='grc' dir='ltr'>ἀσχημονεῖν</span> <span class='ocrx_word' id='word_1_49' title='bbox 2279 780 2534 837; x_wconf 84' lang='grc' dir='ltr'>ποιοῦσι·</span> <span class='ocrx_word' id='word_1_50' title='bbox 2562 772 2726 863; x_wconf 82' lang='grc' dir='ltr'>παρὰ</span> <span class='ocrx_word' id='word_1_51' title='bbox 2751 765 2810 837; x_wconf 83' lang='grc' dir='ltr'>δ’</span> <span class='ocrx_word' id='word_1_52' title='bbox 2847 770 2976 863; x_wconf 82' lang='grc' dir='ltr'>ἐμοὶ</span> <span class='ocrx_word' id='word_1_53' title='bbox 3010 776 3210 866; x_wconf 83' lang='grc' dir='ltr'>τρέφει</span> 
     </span>
    </p>

    <p class='ocr_par' dir='ltr' id='par_1_3' title="bbox 75 872 3350 5134">
     <span class='ocr_line' id='line_1_6' title="bbox 90 872 3305 971; baseline -0.001 -22"><span class='ocrx_word' id='word_1_54' title='bbox 90 880 127 949; x_wconf 83' lang='grc'><em>5</em></span> <span class='ocrx_word' id='word_1_55' title='bbox 232 886 293 967; x_wconf 87' lang='grc' dir='ltr'>β.</span> <span class='ocrx_word' id='word_1_56' title='bbox 317 890 511 948; x_wconf 84' lang='grc' dir='ltr'>Τοῦτο</span> <span class='ocrx_word' id='word_1_57' title='bbox 530 872 599 945; x_wconf 81' lang='grc' dir='ltr'>δὲ</span> <span class='ocrx_word' id='word_1_58' title='bbox 614 875 681 946; x_wconf 89' lang='grc' dir='ltr'>τί</span> <span class='ocrx_word' id='word_1_59' title='bbox 697 882 892 966; x_wconf 56' lang='lat' dir='ltr'>&amp;wrm</span> <span class='ocrx_word' id='word_1_60' title='bbox 926 876 1055 944; x_wconf 81' lang='grc' dir='ltr'>εἰπέ</span> <span class='ocrx_word' id='word_1_61' title='bbox 1074 903 1205 969; x_wconf 86' lang='grc' dir='ltr'>μοι.</span> <span class='ocrx_word' id='word_1_62' title='bbox 1231 903 1291 947; x_wconf 90' lang='grc' dir='ltr'>α.</span> <span class='ocrx_word' id='word_1_63' title='bbox 1304 874 1649 971; x_wconf 73' lang='grc' dir='ltr'>Καθῆγισα.</span> <span class='ocrx_word' id='word_1_64' title='bbox 1890 876 1965 942; x_wconf 87' lang='grc' dir='ltr'>τὸ</span> <span class='ocrx_word' id='word_1_65' title='bbox 2003 876 2466 968; x_wconf 87' lang='grc' dir='ltr'>προσφερόμενον</span> <span class='ocrx_word' id='word_1_66' title='bbox 2497 880 2748 969; x_wconf 85' lang='grc' dir='ltr'>βρῶμα,</span> <span class='ocrx_word' id='word_1_67' title='bbox 2783 876 2888 944; x_wconf 83' lang='grc' dir='ltr'>καὶ</span> <span class='ocrx_word' id='word_1_68' title='bbox 2910 882 3305 963; x_wconf 74' lang='grc' dir='ltr'>λεπτύνεται,</span> 
     </span>
     <span class='ocr_line' id='line_1_7' title="bbox 237 975 3310 1078; baseline -0.001 -24"><span class='ocrx_word' id='word_1_69' title='bbox 237 982 612 1078; x_wconf 88' lang='grc' dir='ltr'>Μάγειρος</span> <span class='ocrx_word' id='word_1_70' title='bbox 578 1010 651 1058; x_wconf 83' lang='grc' dir='ltr'>ην</span> <span class='ocrx_word' id='word_1_71' title='bbox 680 984 980 1070; x_wconf 79' lang='grc' dir='ltr'>κάκεῖνος,</span> <span class='ocrx_word' id='word_1_72' title='bbox 1012 990 1147 1077; x_wconf 82' lang='grc' dir='ltr'>οὐχι</span> <span class='ocrx_word' id='word_1_73' title='bbox 1124 975 1243 1061; x_wconf 77' lang='grc' dir='ltr'>δὴ</span> <span class='ocrx_word' id='word_1_74' title='bbox 1276 985 1427 1063; x_wconf 88' lang='grc' dir='ltr'>θεός.</span> <span class='ocrx_word' id='word_1_75' title='bbox 1890 981 2072 1071; x_wconf 84' lang='grc' dir='ltr'>ὀρθῶς</span> <span class='ocrx_word' id='word_1_76' title='bbox 2112 1006 2182 1048; x_wconf 89' lang='grc' dir='ltr'>τε</span> <span class='ocrx_word' id='word_1_77' title='bbox 2215 976 2485 1049; x_wconf 79' lang='grc' dir='ltr'>διαπνεῖ·</span> <span class='ocrx_word' id='word_1_78' title='bbox 2518 981 2622 1049; x_wconf 87' lang='grc' dir='ltr'>καὶ</span> <span class='ocrx_word' id='word_1_79' title='bbox 2652 980 2766 1073; x_wconf 79' lang='grc' dir='ltr'>γὰρ</span> <span class='ocrx_word' id='word_1_80' title='bbox 2797 980 2896 1049; x_wconf 77' lang='grc' dir='ltr'>οὖν</span> <span class='ocrx_word' id='word_1_81' title='bbox 2931 982 3012 1059; x_wconf 85' lang='grc' dir='ltr'>εἰς</span> <span class='ocrx_word' id='word_1_82' title='bbox 3036 986 3170 1061; x_wconf 84' lang='grc' dir='ltr'>τοὺς</span> <span class='ocrx_word' id='word_1_83' title='bbox 3199 987 3310 1051; x_wconf 86' lang='grc' dir='ltr'>πό-</span> 
     </span>
     <span class='ocr_line' id='line_1_8' title="bbox 233 1077 3312 1182; baseline 0 -33"><span class='ocrx_word' id='word_1_84' title='bbox 233 1088 296 1169; x_wconf 87' lang='grc' dir='ltr'>β.</span> <span class='ocrx_word' id='word_1_85' title='bbox 324 1082 510 1159; x_wconf 88' lang='grc' dir='ltr'>Ποῖος</span> <span class='ocrx_word' id='word_1_86' title='bbox 561 1082 873 1175; x_wconf 87' lang='grc' dir='ltr'>μάγειρος·</span> <span class='ocrx_word' id='word_1_87' title='bbox 856 1132 875 1168; x_wconf 92' lang='grc'>,</span> <span class='ocrx_word' id='word_1_88' title='bbox 924 1109 984 1150; x_wconf 89' lang='grc' dir='ltr'>α.</span> <span class='ocrx_word' id='word_1_89' title='bbox 1024 1077 1077 1149; x_wconf 75' lang='lat'>121</span> <span class='ocrx_word' id='word_1_90' title='bbox 1116 1087 1283 1174; x_wconf 82' lang='grc' dir='ltr'>φύσις</span> <span class='ocrx_word' id='word_1_91' title='bbox 1319 1081 1519 1159; x_wconf 89' lang='grc' dir='ltr'>πάσης</span> <span class='ocrx_word' id='word_1_92' title='bbox 1549 1086 1652 1148; x_wconf 79' lang='grc' dir='ltr'>τέ·</span> <span class='ocrx_word' id='word_1_93' title='bbox 2875 1078 2886 1087; x_wconf 78' lang='grc'><em>“</em></span> <span class='ocrx_word' id='word_1_94' title='bbox 3189 1116 3312 1182; x_wconf 77' lang='grc' dir='ltr'>ρους</span> 
     </span>
     <span class='ocr_line' id='line_1_9' title="bbox 1508 1192 3152 1284; baseline 0.004 -30"><span class='ocrx_word' id='word_1_95' title='bbox 1508 1214 1654 1279; x_wconf 88' lang='grc' dir='ltr'>χνης</span> <span class='ocrx_word' id='word_1_96' title='bbox 1894 1196 1927 1256; x_wconf 86' lang='grc' dir='ltr'><em>ὁ</em></span> <span class='ocrx_word' id='word_1_97' title='bbox 1951 1192 2142 1281; x_wconf 85' lang='grc' dir='ltr'>χυμὸς</span> <span class='ocrx_word' id='word_1_98' title='bbox 2164 1197 2409 1283; x_wconf 82' lang='grc' dir='ltr'>ὁμαλῶς</span> <span class='ocrx_word' id='word_1_99' title='bbox 2440 1203 2752 1284; x_wconf 81' lang='grc' dir='ltr'>πανταχοῦ</span> <span class='ocrx_word' id='word_1_100' title='bbox 2781 1192 3152 1263; x_wconf 84' lang='grc' dir='ltr'>συνίσταται.</span> 
     </span>
     <span class='ocr_line' id='line_1_10' title="bbox 225 1288 3310 1392; baseline 0.002 -31"><span class='ocrx_word' id='word_1_101' title='bbox 225 1294 550 1386; x_wconf 81' lang='grc' dir='ltr'>άρχέγονόν</span> <span class='ocrx_word' id='word_1_102' title='bbox 578 1296 735 1376; x_wconf 75' lang='grc' dir='ltr'>ἐστ’,</span> <span class='ocrx_word' id='word_1_103' title='bbox 772 1293 1118 1385; x_wconf 80' lang='grc' dir='ltr'>ἀρχέγονον,</span> <span class='ocrx_word' id='word_1_104' title='bbox 1167 1288 1470 1385; x_wconf 71' lang='grc' dir='ltr'>ὦλιτήριε.</span> <span class='ocrx_word' id='word_1_105' title='bbox 1748 1292 1840 1363; x_wconf 84' lang='grc'>30</span> <span class='ocrx_word' id='word_1_106' title='bbox 1898 1325 1932 1359; x_wconf 87' lang='lat'>«</span> <span class='ocrx_word' id='word_1_107' title='bbox 1967 1297 2170 1388; x_wconf 85' lang='grc' dir='ltr'>Χυμὸς</span> <span class='ocrx_word' id='word_1_108' title='bbox 2190 1346 2208 1381; x_wconf 90' lang='grc'>,</span> <span class='ocrx_word' id='word_1_109' title='bbox 2261 1320 2294 1355; x_wconf 79' lang='grc'>&gt;&gt;</span> <span class='ocrx_word' id='word_1_110' title='bbox 2350 1300 2519 1389; x_wconf 87' lang='grc' dir='ltr'>λέγει</span> <span class='ocrx_word' id='word_1_111' title='bbox 2567 1299 2967 1392; x_wconf 86' lang='grc' dir='ltr'>Δημόκριτος,</span> <span class='ocrx_word' id='word_1_112' title='bbox 3035 1328 3068 1361; x_wconf 77' lang='grc' dir='ltr'>α</span> <span class='ocrx_word' id='word_1_113' title='bbox 3119 1296 3310 1385; x_wconf 83' lang='grc' dir='ltr'>οὐδὲν,</span> 
     </span>
     <span class='ocr_line' id='line_1_11' title="bbox 224 1391 3310 1500; baseline -0.007 -33"><span class='ocrx_word' id='word_1_114' title='bbox 224 1404 362 1499; x_wconf 81' lang='grc' dir='ltr'>Οὐκ</span> <span class='ocrx_word' id='word_1_115' title='bbox 392 1399 553 1465; x_wconf 83' lang='grc' dir='ltr'>ἔστιν</span> <span class='ocrx_word' id='word_1_116' title='bbox 579 1391 749 1464; x_wconf 75' lang='grc' dir='ltr'>οὐδὲν</span> <span class='ocrx_word' id='word_1_117' title='bbox 776 1408 883 1465; x_wconf 84' lang='grc' dir='ltr'>τοῦ</span> <span class='ocrx_word' id='word_1_118' title='bbox 909 1403 1103 1463; x_wconf 81' lang='grc' dir='ltr'>ποιεῖν</span> <span class='ocrx_word' id='word_1_119' title='bbox 1126 1399 1481 1487; x_wconf 82' lang='grc' dir='ltr'>σοφώτερον,</span> <span class='ocrx_word' id='word_1_120' title='bbox 2893 1404 3210 1500; x_wconf 56' lang='grc' dir='ltr'>φράγματ’</span> <span class='ocrx_word' id='word_1_121' title='bbox 3239 1406 3310 1475; x_wconf 52' lang='grc' dir='ltr'>ἂν</span> 
     </span>
     <span class='ocr_line' id='line_1_12' title="bbox 75 1498 3225 1606; baseline 0.003 -34"><span class='ocrx_word' id='word_1_122' title='bbox 75 1528 171 1591; x_wconf 77' lang='grc' dir='ltr'>Ιῐο</span> <span class='ocrx_word' id='word_1_123' title='bbox 222 1504 303 1577; x_wconf 67' lang='grc' dir='ltr'>ἦν</span> <span class='ocrx_word' id='word_1_124' title='bbox 336 1532 375 1572; x_wconf 92' lang='grc' dir='ltr'>τ</span> <span class='ocrx_word' id='word_1_125' title='bbox 380 1500 655 1595; x_wconf 81' lang='grc' dir='ltr'>ἐὐχερὲς</span> <span class='ocrx_word' id='word_1_126' title='bbox 687 1504 760 1570; x_wconf 83' lang='grc' dir='ltr'>τὸ</span> <span class='ocrx_word' id='word_1_127' title='bbox 787 1510 1039 1597; x_wconf 78' lang='grc' dir='ltr'>πρᾶγμα</span> <span class='ocrx_word' id='word_1_128' title='bbox 1067 1512 1171 1569; x_wconf 87' lang='grc' dir='ltr'>τοῦ</span> <span class='ocrx_word' id='word_1_129' title='bbox 1195 1504 1379 1596; x_wconf 84' lang='grc' dir='ltr'>λόγου</span> <span class='ocrx_word' id='word_1_130' title='bbox 1396 1498 1603 1593; x_wconf 65' lang='grc' dir='ltr'>τριὸἠν</span> <span class='ocrx_word' id='word_1_131' title='bbox 1892 1509 2183 1600; x_wconf 84' lang='grc' dir='ltr'>γενόμενα</span> <span class='ocrx_word' id='word_1_132' title='bbox 2208 1518 2347 1602; x_wconf 76' lang='grc' dir='ltr'>ποιῇ</span> <span class='ocrx_word' id='word_1_133' title='bbox 2387 1510 2488 1575; x_wconf 86' lang='grc' dir='ltr'>τὸν</span> <span class='ocrx_word' id='word_1_134' title='bbox 2518 1510 2774 1602; x_wconf 83' lang='grc' dir='ltr'>φαγόντ’</span> <span class='ocrx_word' id='word_1_135' title='bbox 2804 1512 3156 1606; x_wconf 80' lang='grc' dir='ltr'>ἀρθριτικόν.</span> <span class='ocrx_word' id='word_1_136' title='bbox 3193 1546 3225 1579; x_wconf 74' lang='grc' dir='ltr'>υ</span> 
     </span>
     <span class='ocr_line' id='line_1_13' title="bbox 222 1604 3302 1710; baseline 0.003 -33"><span class='ocrx_word' id='word_1_137' title='bbox 222 1614 435 1704; x_wconf 81' lang='grc' dir='ltr'>ἔχοντι</span> <span class='ocrx_word' id='word_1_138' title='bbox 454 1612 700 1677; x_wconf 87' lang='grc' dir='ltr'>τούτου·</span> <span class='ocrx_word' id='word_1_139' title='bbox 732 1608 937 1677; x_wconf 79' lang='grc' dir='ltr'>πολλὰ</span> <span class='ocrx_word' id='word_1_140' title='bbox 967 1606 1082 1703; x_wconf 79' lang='grc' dir='ltr'>γὰρ</span> <span class='ocrx_word' id='word_1_141' title='bbox 1113 1604 1555 1701; x_wconf 66' lang='grc' dir='ltr'>συμὸάλλεται.</span> <span class='ocrx_word' id='word_1_142' title='bbox 1734 1624 1741 1631; x_wconf 86' lang='grc'><em>“</em></span> <span class='ocrx_word' id='word_1_143' title='bbox 1896 1617 1956 1697; x_wconf 88' lang='grc' dir='ltr'>β.</span> <span class='ocrx_word' id='word_1_144' title='bbox 1978 1611 2111 1679; x_wconf 80' lang='grc' dir='ltr'>Καὶ</span> <span class='ocrx_word' id='word_1_145' title='bbox 2129 1622 2239 1689; x_wconf 75' lang='grc' dir='ltr'>τῆς</span> <span class='ocrx_word' id='word_1_146' title='bbox 2267 1614 2536 1706; x_wconf 77' lang='grc' dir='ltr'>ἰατρικῆς</span> <span class='ocrx_word' id='word_1_147' title='bbox 2555 1643 2619 1683; x_wconf 88' lang='grc' dir='ltr'>τι</span> <span class='ocrx_word' id='word_1_148' title='bbox 2651 1620 2922 1710; x_wconf 80' lang='grc' dir='ltr'>μετέχειν</span> <span class='ocrx_word' id='word_1_149' title='bbox 2951 1645 3048 1710; x_wconf 91' lang='grc' dir='ltr'>μοι</span> <span class='ocrx_word' id='word_1_150' title='bbox 3076 1612 3302 1701; x_wconf 85' lang='grc' dir='ltr'>δοκεῖς.</span> 
     </span>
     <span class='ocr_line' id='line_1_14' title="bbox 222 1709 3239 1819; baseline 0.004 -37"><span class='ocrx_word' id='word_1_151' title='bbox 222 1718 481 1810; x_wconf 84' lang='grc' dir='ltr'>Διόπερ,</span> <span class='ocrx_word' id='word_1_152' title='bbox 518 1715 795 1811; x_wconf 85' lang='grc' dir='ltr'>μάγειρον</span> <span class='ocrx_word' id='word_1_153' title='bbox 827 1719 977 1782; x_wconf 81' lang='grc' dir='ltr'>ὅταν</span> <span class='ocrx_word' id='word_1_154' title='bbox 1004 1709 1142 1806; x_wconf 75' lang='grc' dir='ltr'>ἴδῃς</span> <span class='ocrx_word' id='word_1_155' title='bbox 1172 1716 1598 1810; x_wconf 80' lang='grc' dir='ltr'>ἀγράμματον,</span> <span class='ocrx_word' id='word_1_156' title='bbox 1895 1744 1962 1785; x_wconf 92' lang='grc' dir='ltr'>α.</span> <span class='ocrx_word' id='word_1_157' title='bbox 1997 1717 2127 1785; x_wconf 80' lang='grc' dir='ltr'>Καὶ</span> <span class='ocrx_word' id='word_1_158' title='bbox 2154 1723 2274 1795; x_wconf 77' lang='grc' dir='ltr'>πᾶς</span> <span class='ocrx_word' id='word_1_159' title='bbox 2301 1724 2333 1785; x_wconf 86' lang='grc' dir='ltr'><strong>ὀ</strong></span> <span class='ocrx_word' id='word_1_160' title='bbox 2364 1722 2586 1812; x_wconf 89' lang='grc' dir='ltr'>φύσεως</span> <span class='ocrx_word' id='word_1_161' title='bbox 2604 1723 2788 1800; x_wconf 78' lang='grc' dir='ltr'>ἐντός.</span> <span class='ocrx_word' id='word_1_162' title='bbox 2820 1718 2874 1789; x_wconf 77' lang='lat' dir='ltr'>H</span> <span class='ocrx_word' id='word_1_163' title='bbox 2908 1716 2964 1790; x_wconf 86' lang='grc' dir='ltr'>δ’</span> <span class='ocrx_word' id='word_1_164' title='bbox 2998 1725 3239 1819; x_wconf 75' lang='grc' dir='ltr'>ἀπειρία</span> 
     </span>
     <span class='ocr_line' id='line_1_15' title="bbox 224 1812 3307 1921; baseline 0.004 -34"><span class='ocrx_word' id='word_1_165' title='bbox 224 1827 315 1914; x_wconf 76' lang='grc' dir='ltr'>μὴ</span> <span class='ocrx_word' id='word_1_166' title='bbox 348 1822 727 1914; x_wconf 82' lang='grc' dir='ltr'>Δημόκριτόν</span> <span class='ocrx_word' id='word_1_167' title='bbox 751 1848 819 1889; x_wconf 87' lang='grc' dir='ltr'>τε</span> <span class='ocrx_word' id='word_1_168' title='bbox 840 1820 1045 1886; x_wconf 89' lang='grc' dir='ltr'>πάντα</span> <span class='ocrx_word' id='word_1_169' title='bbox 1074 1812 1527 1913; x_wconf 78' lang='grc' dir='ltr'>διανεγνωκότα</span> <span class='ocrx_word' id='word_1_170' title='bbox 1888 1832 2010 1891; x_wconf 83' lang='grc' dir='ltr'>τῶν</span> <span class='ocrx_word' id='word_1_171' title='bbox 2028 1834 2126 1890; x_wconf 90' lang='grc' dir='ltr'>νῦν</span> <span class='ocrx_word' id='word_1_172' title='bbox 2148 1822 2441 1919; x_wconf 87' lang='grc' dir='ltr'>μαγείρων</span> <span class='ocrx_word' id='word_1_173' title='bbox 2459 1827 2744 1893; x_wconf 81' lang='grc' dir='ltr'>κατανόει</span> <span class='ocrx_word' id='word_1_174' title='bbox 2763 1878 2782 1913; x_wconf 90' lang='grc'>,</span> <span class='ocrx_word' id='word_1_175' title='bbox 2818 1832 2962 1921; x_wconf 86' lang='grc' dir='ltr'>πρὸς</span> <span class='ocrx_word' id='word_1_176' title='bbox 2991 1838 3114 1898; x_wconf 84' lang='grc' dir='ltr'>τῶν</span> <span class='ocrx_word' id='word_1_177' title='bbox 3137 1833 3307 1915; x_wconf 85' lang='grc' dir='ltr'>θεῶν,</span> 
     </span>
     <span class='ocr_line' id='line_1_16' title="bbox 226 1924 3116 2026; baseline 0.002 -30"><span class='ocrx_word' id='word_1_178' title='bbox 226 1930 340 1997; x_wconf 87' lang='grc' dir='ltr'>καὶ</span> <span class='ocrx_word' id='word_1_179' title='bbox 368 1930 474 1995; x_wconf 84' lang='grc' dir='ltr'>τὸν</span> <span class='ocrx_word' id='word_1_180' title='bbox 508 1924 829 2021; x_wconf 65' lang='grc' dir='ltr'>Ἑπικούρου</span> <span class='ocrx_word' id='word_1_181' title='bbox 854 1927 1075 1993; x_wconf 88' lang='grc' dir='ltr'>κανόνα</span> <span class='ocrx_word' id='word_1_182' title='bbox 1097 1976 1116 2010; x_wconf 91' lang='grc'>,</span> <span class='ocrx_word' id='word_1_183' title='bbox 1154 1928 1452 2020; x_wconf 78' lang='grc' dir='ltr'>μινθώσας</span> <span class='ocrx_word' id='word_1_184' title='bbox 1479 1924 1647 2018; x_wconf 77' lang='grc' dir='ltr'>ἄφες,</span> <span class='ocrx_word' id='word_1_185' title='bbox 1751 1926 1843 1997; x_wconf 82' lang='lat'>35</span> <span class='ocrx_word' id='word_1_186' title='bbox 1894 1930 1994 1995; x_wconf 85' lang='grc' dir='ltr'>οἵα</span> <span class='ocrx_word' id='word_1_187' title='bbox 2028 1929 2209 2016; x_wconf 87' lang='grc' dir='ltr'>’στὶν,</span> <span class='ocrx_word' id='word_1_188' title='bbox 2247 1930 2451 2022; x_wconf 77' lang='grc' dir='ltr'>ἅλμην</span> <span class='ocrx_word' id='word_1_189' title='bbox 2477 1934 2624 1999; x_wconf 84' lang='grc' dir='ltr'>ὅταν</span> <span class='ocrx_word' id='word_1_190' title='bbox 2645 1925 2783 2026; x_wconf 77' lang='grc' dir='ltr'>ἴδῃς</span> <span class='ocrx_word' id='word_1_191' title='bbox 2815 1934 2876 2016; x_wconf 80' lang='grc' dir='ltr'>ἐξ</span> <span class='ocrx_word' id='word_1_192' title='bbox 2900 1934 3116 2025; x_wconf 82' lang='grc' dir='ltr'>ἰχθύων</span> 
     </span>
     <span class='ocr_line' id='line_1_17' title="bbox 98 2025 3081 2131; baseline 0.002 -30"><span class='ocrx_word' id='word_1_193' title='bbox 98 2032 172 2104; x_wconf 74' lang='grc' dir='ltr'>ι5</span> <span class='ocrx_word' id='word_1_194' title='bbox 226 2044 315 2113; x_wconf 86' lang='grc' dir='ltr'>ὡς</span> <span class='ocrx_word' id='word_1_195' title='bbox 346 2040 414 2102; x_wconf 80' lang='grc' dir='ltr'>ἐκ</span> <span class='ocrx_word' id='word_1_196' title='bbox 444 2028 788 2127; x_wconf 65' lang='grc' dir='ltr'>διατριὲἥς.</span> <span class='ocrx_word' id='word_1_197' title='bbox 814 2034 1010 2100; x_wconf 90' lang='grc' dir='ltr'>Τοῦτο</span> <span class='ocrx_word' id='word_1_198' title='bbox 1038 2025 1141 2099; x_wconf 86' lang='grc' dir='ltr'>δεῖ</span> <span class='ocrx_word' id='word_1_199' title='bbox 1169 2030 1285 2126; x_wconf 82' lang='grc' dir='ltr'>γὰρ</span> <span class='ocrx_word' id='word_1_200' title='bbox 1305 2026 1553 2118; x_wconf 80' lang='grc' dir='ltr'>εἰδέναι,</span> <span class='ocrx_word' id='word_1_201' title='bbox 1893 2032 2264 2101; x_wconf 78' lang='grc' dir='ltr'>ὑπεναντίων</span> <span class='ocrx_word' id='word_1_202' title='bbox 2298 2041 2535 2103; x_wconf 83' lang='grc' dir='ltr'>αὑτοῖσι</span> <span class='ocrx_word' id='word_1_203' title='bbox 2568 2048 2887 2116; x_wconf 83' lang='grc' dir='ltr'>ποιοῦντας</span> <span class='ocrx_word' id='word_1_204' title='bbox 2917 2039 3081 2131; x_wconf 89' lang='grc' dir='ltr'>μίαν,</span> 
     </span>
     <span class='ocr_line' id='line_1_18' title="bbox 224 2132 3312 2233; baseline 0.003 -28"><span class='ocrx_word' id='word_1_205' title='bbox 224 2138 349 2209; x_wconf 84' lang='grc' dir='ltr'>τίν’</span> <span class='ocrx_word' id='word_1_206' title='bbox 385 2142 514 2231; x_wconf 82' lang='grc' dir='ltr'>ἔχει</span> <span class='ocrx_word' id='word_1_207' title='bbox 549 2132 840 2232; x_wconf 79' lang='grc' dir='ltr'>διαφορὰν</span> <span class='ocrx_word' id='word_1_208' title='bbox 870 2148 1125 2232; x_wconf 85' lang='grc' dir='ltr'>πρῶτον,</span> <span class='ocrx_word' id='word_1_209' title='bbox 1157 2135 1205 2204; x_wconf 82' lang='grc' dir='ltr'><em>ὦ</em></span> <span class='ocrx_word' id='word_1_210' title='bbox 1236 2141 1522 2225; x_wconf 82' lang='grc' dir='ltr'>βέλτιστε</span> <span class='ocrx_word' id='word_1_211' title='bbox 1552 2140 1649 2224; x_wconf 84' lang='grc' dir='ltr'>σὺ,</span> <span class='ocrx_word' id='word_1_212' title='bbox 1894 2137 1996 2205; x_wconf 87' lang='grc' dir='ltr'>καὶ</span> <span class='ocrx_word' id='word_1_213' title='bbox 2025 2138 2248 2231; x_wconf 69' lang='grc' dir='ltr'>σήσαμ’</span> <span class='ocrx_word' id='word_1_214' title='bbox 2275 2136 2700 2233; x_wconf 67' lang='grc' dir='ltr'>ὑποτρίὸοντας</span> <span class='ocrx_word' id='word_1_215' title='bbox 2725 2142 2804 2221; x_wconf 89' lang='grc' dir='ltr'>εἰς</span> <span class='ocrx_word' id='word_1_216' title='bbox 2821 2149 3046 2219; x_wconf 85' lang='grc' dir='ltr'>ταύτην</span> <span class='ocrx_word' id='word_1_217' title='bbox 3068 2141 3082 2211; x_wconf 85' lang='lat'>!</span> <span class='ocrx_word' id='word_1_218' title='bbox 3105 2143 3312 2213; x_wconf 56' lang='grc' dir='ltr'>λαθὼν</span> 
     </span>
     <span class='ocr_line' id='line_1_19' title="bbox 220 2242 3294 2374; baseline 0.002 -62"><span class='ocrx_word' id='word_1_219' title='bbox 220 2243 593 2339; x_wconf 83' lang='grc' dir='ltr'>γλαυκίσκος</span> <span class='ocrx_word' id='word_1_220' title='bbox 620 2248 679 2311; x_wconf 77' lang='grc' dir='ltr'>ἐν</span> <span class='ocrx_word' id='word_1_221' title='bbox 710 2255 963 2339; x_wconf 83' lang='grc' dir='ltr'>χειμῶνι</span> <span class='ocrx_word' id='word_1_222' title='bbox 992 2243 1099 2311; x_wconf 88' lang='grc' dir='ltr'>καὶ</span> <span class='ocrx_word' id='word_1_223' title='bbox 1128 2245 1299 2337; x_wconf 81' lang='grc' dir='ltr'>θέρει·</span> <span class='ocrx_word' id='word_1_224' title='bbox 1338 2244 1530 2312; x_wconf 88' lang='grc' dir='ltr'>πάλιν</span> <span class='ocrx_word' id='word_1_225' title='bbox 1893 2247 2143 2313; x_wconf 78' lang='grc' dir='ltr'>ἕκαστον</span> <span class='ocrx_word' id='word_1_226' title='bbox 2161 2249 2355 2313; x_wconf 82' lang='grc' dir='ltr'>αὐτῶν</span> <span class='ocrx_word' id='word_1_227' title='bbox 2383 2243 2548 2313; x_wconf 78' lang='grc' dir='ltr'>κατὰ</span> <span class='ocrx_word' id='word_1_228' title='bbox 2572 2250 2740 2374; x_wconf 80' lang='grc' dir='ltr'>μέρος</span> <span class='ocrx_word' id='word_1_229' title='bbox 2759 2242 3200 2341; x_wconf 78' lang='grc' dir='ltr'>προσπαρδέτω</span> <span class='ocrx_word' id='word_1_230' title='bbox 3219 2303 3238 2333; x_wconf 88' lang='grc'>,</span> <span class='ocrx_word' id='word_1_231' title='bbox 3287 2294 3294 2301; x_wconf 87' lang='grc'><em>·</em></span> 
     </span>
     <span class='ocr_line' id='line_1_20' title="bbox 136 2342 3220 2450; baseline 0.003 -32"><span class='ocrx_word' id='word_1_232' title='bbox 136 2430 145 2439; x_wconf 42' lang='lat'><strong>·</strong></span> <span class='ocrx_word' id='word_1_233' title='bbox 223 2358 409 2427; x_wconf 89' lang='grc' dir='ltr'>ποῖος</span> <span class='ocrx_word' id='word_1_234' title='bbox 436 2348 570 2442; x_wconf 85' lang='grc' dir='ltr'>περὶ</span> <span class='ocrx_word' id='word_1_235' title='bbox 600 2343 771 2417; x_wconf 84' lang='grc' dir='ltr'>δύσιν</span> <span class='ocrx_word' id='word_1_236' title='bbox 802 2342 1109 2425; x_wconf 79' lang='grc' dir='ltr'>Πλειάδος</span> <span class='ocrx_word' id='word_1_237' title='bbox 1129 2400 1147 2435; x_wconf 89' lang='grc'>,</span> <span class='ocrx_word' id='word_1_238' title='bbox 1181 2345 1505 2417; x_wconf 82' lang='grc' dir='ltr'>συνειδέναι</span> <span class='ocrx_word' id='word_1_239' title='bbox 1524 2400 1541 2435; x_wconf 91' lang='grc'>,</span> <span class='ocrx_word' id='word_1_240' title='bbox 1868 2351 2081 2441; x_wconf 84' lang='grc' dir='ltr'>κάμοὶ</span> <span class='ocrx_word' id='word_1_241' title='bbox 2105 2354 2384 2445; x_wconf 81' lang='grc' dir='ltr'>κέχρησο.</span> <span class='ocrx_word' id='word_1_242' title='bbox 2418 2351 2500 2419; x_wconf 88' lang='grc' dir='ltr'>Ἰί</span> <span class='ocrx_word' id='word_1_243' title='bbox 2523 2378 2636 2447; x_wconf 88' lang='grc' dir='ltr'>γαρ</span> <span class='ocrx_word' id='word_1_244' title='bbox 2671 2381 2742 2420; x_wconf 91' lang='grc' dir='ltr'>αν</span> <span class='ocrx_word' id='word_1_245' title='bbox 2768 2354 2828 2421; x_wconf 80' lang='grc' dir='ltr'>εὖ</span> <span class='ocrx_word' id='word_1_246' title='bbox 2856 2356 3067 2450; x_wconf 83' lang='grc' dir='ltr'>γένοιτ’</span> <span class='ocrx_word' id='word_1_247' title='bbox 3095 2360 3220 2439; x_wconf 80' lang='grc' dir='ltr'>ἔτι,</span> 
     </span>
     <span class='ocr_line' id='line_1_21' title="bbox 224 2448 3164 2555; baseline 0.002 -32"><span class='ocrx_word' id='word_1_248' title='bbox 224 2459 399 2552; x_wconf 76' lang='grc' dir='ltr'>ἰχθὺς</span> <span class='ocrx_word' id='word_1_249' title='bbox 424 2458 543 2523; x_wconf 80' lang='grc' dir='ltr'>ὑπὸ</span> <span class='ocrx_word' id='word_1_250' title='bbox 574 2457 803 2549; x_wconf 87' lang='grc' dir='ltr'>τροπάς</span> <span class='ocrx_word' id='word_1_251' title='bbox 834 2462 893 2522; x_wconf 91' lang='grc' dir='ltr'>τ’</span> <span class='ocrx_word' id='word_1_252' title='bbox 928 2455 1058 2522; x_wconf 83' lang='grc' dir='ltr'>ἐστὶ</span> <span class='ocrx_word' id='word_1_253' title='bbox 1077 2460 1568 2548; x_wconf 81' lang='grc' dir='ltr'>χρησιμώτατος.</span> <span class='ocrx_word' id='word_1_254' title='bbox 1751 2458 1844 2539; x_wconf 74' lang='lat'>[10</span> <span class='ocrx_word' id='word_1_255' title='bbox 1896 2468 2006 2535; x_wconf 71' lang='grc' dir='ltr'>τῆς</span> <span class='ocrx_word' id='word_1_256' title='bbox 2039 2448 2340 2536; x_wconf 84' lang='grc' dir='ltr'>ἰδιότητος</span> <span class='ocrx_word' id='word_1_257' title='bbox 2357 2460 2502 2552; x_wconf 83' lang='grc' dir='ltr'>πρὸς</span> <span class='ocrx_word' id='word_1_258' title='bbox 2532 2464 2735 2553; x_wconf 79' lang='grc' dir='ltr'>ἑτέραν</span> <span class='ocrx_word' id='word_1_259' title='bbox 2767 2468 3164 2555; x_wconf 79' lang='grc' dir='ltr'>μεμιγμένης,</span> 
     </span>
     <span class='ocr_line' id='line_1_22' title="bbox 80 2558 3252 2660; baseline 0 -27"><span class='ocrx_word' id='word_1_260' title='bbox 80 2588 171 2633; x_wconf 81' lang='lat'>20</span> <span class='ocrx_word' id='word_1_261' title='bbox 226 2566 319 2633; x_wconf 69' lang='grc' dir='ltr'>Δί</span> <span class='ocrx_word' id='word_1_262' title='bbox 350 2558 689 2655; x_wconf 69' lang='grc' dir='ltr'>μεταὲολαὶ</span> <span class='ocrx_word' id='word_1_263' title='bbox 716 2561 829 2656; x_wconf 80' lang='grc' dir='ltr'>γὰρ</span> <span class='ocrx_word' id='word_1_264' title='bbox 862 2564 1021 2630; x_wconf 81' lang='grc' dir='ltr'>αἵτε</span> <span class='ocrx_word' id='word_1_265' title='bbox 1042 2564 1302 2638; x_wconf 68' lang='grc' dir='ltr'>κινήσεις</span> <span class='ocrx_word' id='word_1_266' title='bbox 1321 2564 1506 2629; x_wconf 87' lang='grc' dir='ltr'>κακὸν</span> <span class='ocrx_word' id='word_1_267' title='bbox 1894 2560 1996 2628; x_wconf 85' lang='grc' dir='ltr'>καὶ</span> <span class='ocrx_word' id='word_1_268' title='bbox 2025 2567 2516 2657; x_wconf 85' lang='grc' dir='ltr'>συμπλεκομένης</span> <span class='ocrx_word' id='word_1_269' title='bbox 2540 2565 2674 2659; x_wconf 85' lang='grc' dir='ltr'>οὐχὶ</span> <span class='ocrx_word' id='word_1_270' title='bbox 2700 2571 3040 2660; x_wconf 83' lang='grc' dir='ltr'>συμφώνους</span> <span class='ocrx_word' id='word_1_271' title='bbox 3061 2570 3250 2660; x_wconf 83' lang='grc' dir='ltr'>ἁφάς·</span> <span class='ocrx_word' id='word_1_272' title='bbox 3235 2621 3252 2653; x_wconf 85' lang='grc'>,</span> 
     </span>
     <span class='ocr_line' id='line_1_23' title="bbox 216 2662 3197 2765; baseline 0.002 -29"><span class='ocrx_word' id='word_1_273' title='bbox 216 2664 530 2745; x_wconf 68' lang='grc' dir='ltr'>ἡλίὲατον</span> <span class='ocrx_word' id='word_1_274' title='bbox 561 2670 951 2762; x_wconf 82' lang='grc' dir='ltr'>ἀνθρώποισιν</span> <span class='ocrx_word' id='word_1_275' title='bbox 980 2669 1363 2761; x_wconf 69' lang='grc' dir='ltr'>ἀλλοιώματα.</span> <span class='ocrx_word' id='word_1_276' title='bbox 1898 2670 1974 2735; x_wconf 86' lang='grc' dir='ltr'>τὸ</span> <span class='ocrx_word' id='word_1_277' title='bbox 1998 2679 2198 2736; x_wconf 85' lang='grc' dir='ltr'>ταῦτα</span> <span class='ocrx_word' id='word_1_278' title='bbox 2231 2662 2439 2763; x_wconf 77' lang='grc' dir='ltr'>διορᾶν</span> <span class='ocrx_word' id='word_1_279' title='bbox 2470 2674 2652 2737; x_wconf 79' lang='grc' dir='ltr'>ἐστιν·</span> <span class='ocrx_word' id='word_1_280' title='bbox 2675 2670 2926 2765; x_wconf 82' lang='grc' dir='ltr'>εὐψύχου</span> <span class='ocrx_word' id='word_1_281' title='bbox 2947 2678 3197 2765; x_wconf 77' lang='grc' dir='ltr'>τέχνης,</span> 
     </span>
     <span class='ocr_line' id='line_1_24' title="bbox 224 2766 3313 2907; baseline 0.001 -65"><span class='ocrx_word' id='word_1_282' title='bbox 224 2782 291 2843; x_wconf 79' lang='grc' dir='ltr'>ἐν</span> <span class='ocrx_word' id='word_1_283' title='bbox 320 2782 459 2852; x_wconf 88' lang='grc' dir='ltr'>ταῖς</span> <span class='ocrx_word' id='word_1_284' title='bbox 488 2783 737 2907; x_wconf 85' lang='grc' dir='ltr'>τροφαῖς</span> <span class='ocrx_word' id='word_1_285' title='bbox 766 2784 1003 2841; x_wconf 83' lang='grc' dir='ltr'>ποιοῦσι</span> <span class='ocrx_word' id='word_1_286' title='bbox 1024 2826 1044 2859; x_wconf 88' lang='grc'>,</span> <span class='ocrx_word' id='word_1_287' title='bbox 1072 2775 1417 2866; x_wconf 85' lang='grc' dir='ltr'>μανθάνεις·</span> <span class='ocrx_word' id='word_1_288' title='bbox 1402 2825 1420 2859; x_wconf 96' lang='grc'>,</span> <span class='ocrx_word' id='word_1_289' title='bbox 1457 2774 1531 2839; x_wconf 85' lang='grc' dir='ltr'>τὸ</span> <span class='ocrx_word' id='word_1_290' title='bbox 1562 2767 1629 2839; x_wconf 88' lang='grc' dir='ltr'>δὲ</span> <span class='ocrx_word' id='word_1_291' title='bbox 1901 2779 1968 2841; x_wconf 84' lang='grc' dir='ltr'>οὐ</span> <span class='ocrx_word' id='word_1_292' title='bbox 1995 2776 2070 2841; x_wconf 83' lang='grc' dir='ltr'>τὸ</span> <span class='ocrx_word' id='word_1_293' title='bbox 2086 2766 2363 2855; x_wconf 85' lang='grc' dir='ltr'>διανίζειν</span> <span class='ocrx_word' id='word_1_294' title='bbox 2385 2769 2698 2860; x_wconf 84' lang='grc' dir='ltr'>λοπάδας,</span> <span class='ocrx_word' id='word_1_295' title='bbox 2725 2772 2849 2843; x_wconf 85' lang='grc' dir='ltr'>οὐδ’</span> <span class='ocrx_word' id='word_1_296' title='bbox 2879 2774 3032 2857; x_wconf 79' lang='grc' dir='ltr'>ὄζειν</span> <span class='ocrx_word' id='word_1_297' title='bbox 3059 2790 3313 2846; x_wconf 86' lang='grc' dir='ltr'>καπνοῦ·</span> 
     </span>
     <span class='ocr_line' id='line_1_25' title="bbox 221 2864 3190 2978; baseline 0.001 -29"><span class='ocrx_word' id='word_1_298' title='bbox 221 2882 454 2973; x_wconf 82' lang='grc' dir='ltr'>ληφθὲν</span> <span class='ocrx_word' id='word_1_299' title='bbox 488 2864 623 2948; x_wconf 86' lang='grc' dir='ltr'>καθ</span> <span class='ocrx_word' id='word_1_300' title='bbox 652 2885 804 2974; x_wconf 86' lang='grc' dir='ltr'>ὥραν</span> <span class='ocrx_word' id='word_1_301' title='bbox 844 2872 1184 2947; x_wconf 79' lang='grc' dir='ltr'>ἀποδίδωσι</span> <span class='ocrx_word' id='word_1_302' title='bbox 1214 2886 1322 2957; x_wconf 76' lang='grc' dir='ltr'>τὴν</span> <span class='ocrx_word' id='word_1_303' title='bbox 1350 2879 1549 2974; x_wconf 87' lang='grc' dir='ltr'>χάριν.</span> <span class='ocrx_word' id='word_1_304' title='bbox 1898 2882 2019 2974; x_wconf 81' lang='grc' dir='ltr'>ἐγὼ</span> <span class='ocrx_word' id='word_1_305' title='bbox 2050 2879 2164 2973; x_wconf 79' lang='grc' dir='ltr'>γὰρ</span> <span class='ocrx_word' id='word_1_306' title='bbox 2194 2880 2273 2958; x_wconf 90' lang='grc' dir='ltr'>εἰς</span> <span class='ocrx_word' id='word_1_307' title='bbox 2297 2882 2654 2949; x_wconf 85' lang='grc' dir='ltr'>τούπτάνιον</span> <span class='ocrx_word' id='word_1_308' title='bbox 2684 2888 2790 2950; x_wconf 85' lang='grc' dir='ltr'>οὐκ</span> <span class='ocrx_word' id='word_1_309' title='bbox 2819 2884 3190 2978; x_wconf 81' lang='grc' dir='ltr'>εἰσέρχομαι.</span> 
     </span>
     <span class='ocr_line' id='line_1_26' title="bbox 688 3065 3018 3139; baseline 0.001 -17"><span class='ocrx_word' id='word_1_310' title='bbox 688 3067 1041 3122; x_wconf 81' lang='lat' dir='ltr'>COLUMNI.</span> <span class='ocrx_word' id='word_1_311' title='bbox 1851 3065 2318 3122; x_wconf 85' lang='lat' dir='ltr'><strong>nutrimentorum</strong></span> <span class='ocrx_word' id='word_1_312' title='bbox 2339 3105 2354 3132; x_wconf 86' lang='lat'>,</span> <span class='ocrx_word' id='word_1_313' title='bbox 2379 3065 2747 3138; x_wconf 80' lang='lat' dir='ltr'>(intelligisne</span> <span class='ocrx_word' id='word_1_314' title='bbox 2763 3069 2808 3135; x_wconf 69' lang='grc' dir='ltr'>Ρ)</span> <span class='ocrx_word' id='word_1_315' title='bbox 2838 3067 3018 3139; x_wconf 89' lang='lat' dir='ltr'><strong>itaque</strong></span> 
     </span>
     <span class='ocr_line' id='line_1_27' title="bbox 503 3153 3032 3234; baseline 0.002 -27"><span class='ocrx_word' id='word_1_316' title='bbox 503 3219 515 3232; x_wconf 48' lang='lat'><strong>·</strong></span> <span class='ocrx_word' id='word_1_317' title='bbox 622 3221 635 3234; x_wconf 46' lang='lat'><strong>·</strong></span> <span class='ocrx_word' id='word_1_318' title='bbox 1846 3153 1998 3224; x_wconf 86' lang='lat' dir='ltr'><strong>justo</strong></span> <span class='ocrx_word' id='word_1_319' title='bbox 2023 3161 2266 3224; x_wconf 81' lang='lat' dir='ltr'><strong>tempore</strong></span> <span class='ocrx_word' id='word_1_320' title='bbox 2285 3161 2564 3225; x_wconf 83' lang='lat' dir='ltr'><strong>sumptum</strong></span> <span class='ocrx_word' id='word_1_321' title='bbox 2591 3153 2754 3209; x_wconf 86' lang='lat' dir='ltr'><strong>habet</strong></span> <span class='ocrx_word' id='word_1_322' title='bbox 2779 3155 3032 3226; x_wconf 81' lang='lat' dir='ltr'><strong>gratiam.</strong></span> 
     </span>
     <span class='ocr_line' id='line_1_28' title="bbox 222 3222 3151 3320; baseline 0.002 -26"><span class='ocrx_word' id='word_1_323' title='bbox 222 3252 303 3264; x_wconf 84' lang='lat'>·-·</span> <span class='ocrx_word' id='word_1_324' title='bbox 332 3235 387 3276; x_wconf 72' lang='lat'>⁸·</span> <span class='ocrx_word' id='word_1_325' title='bbox 414 3222 641 3320; x_wconf 40' lang='lat' dir='ltr'>{9¹⁶⁰ss</span> <span class='ocrx_word' id='word_1_326' title='bbox 667 3229 849 3278; x_wconf 65' lang='grc'>31118111</span> <span class='ocrx_word' id='word_1_327' title='bbox 880 3237 967 3278; x_wconf 67' lang='grc'>1110</span> <span class='ocrx_word' id='word_1_328' title='bbox 1854 3239 1910 3296; x_wconf 90' lang='lat' dir='ltr'>b.</span> <span class='ocrx_word' id='word_1_329' title='bbox 1939 3241 2072 3312; x_wconf 77' lang='lat' dir='ltr'><strong>Quis</strong></span> <span class='ocrx_word' id='word_1_330' title='bbox 2101 3241 2220 3299; x_wconf 86' lang='lat' dir='ltr'><strong>haee</strong></span> <span class='ocrx_word' id='word_1_331' title='bbox 2242 3240 2532 3297; x_wconf 81' lang='lat' dir='ltr'><strong>observat?</strong></span> <span class='ocrx_word' id='word_1_332' title='bbox 2567 3257 2616 3298; x_wconf 85' lang='lat' dir='ltr'>a.</span> <span class='ocrx_word' id='word_1_333' title='bbox 2643 3241 2879 3298; x_wconf 83' lang='lat' dir='ltr'><strong>Proinde</strong></span> <span class='ocrx_word' id='word_1_334' title='bbox 2913 3243 3151 3299; x_wconf 85' lang='lat' dir='ltr'><strong>tormina</strong></span> 
     </span>
     <span class='ocr_line' id='line_1_29' title="bbox 190 3307 2593 3394; baseline 0.002 -14"><span class='ocrx_word' id='word_1_335' title='bbox 190 3309 351 3366; x_wconf 53' lang='lat' dir='ltr'>vid&amp;</span> <span class='ocrx_word' id='word_1_336' title='bbox 378 3307 711 3380; x_wconf 67' lang='lat' dir='ltr'>dlflssilmlum</span> <span class='ocrx_word' id='word_1_337' title='bbox 736 3311 1002 3382; x_wconf 66' lang='grc' dir='ltr'>811Ρὶ011118</span> <span class='ocrx_word' id='word_1_338' title='bbox 1019 3351 1035 3378; x_wconf 55' lang='grc' dir='ltr'>ι</span> <span class='ocrx_word' id='word_1_339' title='bbox 1062 3308 1209 3382; x_wconf 69' lang='grc' dir='ltr'>ίψ11ί1</span> <span class='ocrx_word' id='word_1_340' title='bbox 1226 3325 1387 3382; x_wconf 65' lang='lat' dir='ltr'><strong>‘luem</strong></span> <span class='ocrx_word' id='word_1_341' title='bbox 1751 3335 1818 3386; x_wconf 82' lang='lat'>25</span> <span class='ocrx_word' id='word_1_342' title='bbox 1858 3337 1914 3385; x_wconf 90' lang='lat' dir='ltr'>et</span> <span class='ocrx_word' id='word_1_343' title='bbox 1931 3328 2096 3394; x_wconf 82' lang='lat' dir='ltr'><strong>ssatus</strong></span> <span class='ocrx_word' id='word_1_344' title='bbox 2115 3329 2287 3387; x_wconf 88' lang='lat' dir='ltr'><strong>exorti</strong></span> <span class='ocrx_word' id='word_1_345' title='bbox 2306 3329 2593 3386; x_wconf 84' lang='lat' dir='ltr'><strong>invitatum</strong></span> 
     </span>
     <span class='ocr_line' id='line_1_30' title="bbox 187 3394 2838 3489; baseline 0.001 -38"><span class='ocrx_word' id='word_1_346' title='bbox 187 3394 411 3452; x_wconf 85' lang='lat' dir='ltr'><strong>duobus</strong></span> <span class='ocrx_word' id='word_1_347' title='bbox 430 3395 591 3451; x_wconf 84' lang='lat' dir='ltr'><strong>annis</strong></span> <span class='ocrx_word' id='word_1_348' title='bbox 606 3409 709 3452; x_wconf 85' lang='lat' dir='ltr'>nec</span> <span class='ocrx_word' id='word_1_349' title='bbox 731 3395 869 3476; x_wconf 26' lang='lat' dir='ltr'><strong>totis·</strong></span> <span class='ocrx_word' id='word_1_350' title='bbox 886 3394 1079 3453; x_wconf 88' lang='lat' dir='ltr'><strong>decem</strong></span> <span class='ocrx_word' id='word_1_351' title='bbox 1104 3396 1382 3452; x_wconf 88' lang='lat' dir='ltr'><strong>mensibus</strong></span> <span class='ocrx_word' id='word_1_352' title='bbox 1853 3413 2200 3472; x_wconf 61' lang='lat' dir='ltr'><strong>dedecorant,</strong></span> <span class='ocrx_word' id='word_1_353' title='bbox 2230 3415 2394 3489; x_wconf 67' lang='lat' dir='ltr'>Apud</span> <span class='ocrx_word' id='word_1_354' title='bbox 2425 3432 2512 3472; x_wconf 65' lang='lat' dir='ltr'>me</span> <span class='ocrx_word' id='word_1_355' title='bbox 2535 3423 2718 3473; x_wconf 65' lang='lat' dir='ltr'><strong>autem</strong></span> <span class='ocrx_word' id='word_1_356' title='bbox 2741 3418 2838 3474; x_wconf 58' lang='lat' dir='ltr'>‚m</span> 
     </span>
     <span class='ocr_line' id='line_1_31' title="bbox 186 3483 2683 3575; baseline 0.002 -19"><span class='ocrx_word' id='word_1_357' title='bbox 186 3497 301 3556; x_wconf 63' lang='lat'>³8⁰</span> <span class='ocrx_word' id='word_1_358' title='bbox 326 3489 587 3554; x_wconf 62' lang='grc' dir='ltr'>(11181111οΐ</span> <span class='ocrx_word' id='word_1_359' title='bbox 615 3483 819 3540; x_wconf 65' lang='lat' dir='ltr'><strong>talenta</strong></span> <span class='ocrx_word' id='word_1_360' title='bbox 838 3483 1123 3556; x_wconf 65' lang='grc' dir='ltr'>00111111θῆ·</span> <span class='ocrx_word' id='word_1_361' title='bbox 1855 3501 2008 3560; x_wconf 89' lang='lat' dir='ltr'><strong>cibus</strong></span> <span class='ocrx_word' id='word_1_362' title='bbox 2033 3503 2335 3575; x_wconf 84' lang='lat' dir='ltr'><strong>appositus,</strong></span> <span class='ocrx_word' id='word_1_363' title='bbox 2365 3510 2420 3558; x_wconf 90' lang='lat' dir='ltr'>et</span> <span class='ocrx_word' id='word_1_364' title='bbox 2436 3501 2683 3572; x_wconf 87' lang='lat' dir='ltr'><strong>diluitur,</strong></span> 
     </span>
     <span class='ocr_line' id='line_1_32' title="bbox 114 3569 3170 3662; baseline 0 -34"><span class='ocrx_word' id='word_1_365' title='bbox 114 3579 149 3628; x_wconf 83' lang='lat'><strong>5</strong></span> <span class='ocrx_word' id='word_1_366' title='bbox 184 3573 241 3628; x_wconf 90' lang='lat' dir='ltr'>b.</span> <span class='ocrx_word' id='word_1_367' title='bbox 270 3574 401 3628; x_wconf 81' lang='lat' dir='ltr'><strong>Hoc</strong></span> <span class='ocrx_word' id='word_1_368' title='bbox 418 3579 601 3628; x_wconf 84' lang='lat' dir='ltr'><strong>antem</strong></span> <span class='ocrx_word' id='word_1_369' title='bbox 628 3569 762 3644; x_wconf 83' lang='lat' dir='ltr'><strong>quid</strong></span> <span class='ocrx_word' id='word_1_370' title='bbox 789 3569 895 3628; x_wconf 84' lang='lat' dir='ltr'><strong>sibi</strong></span> <span class='ocrx_word' id='word_1_371' title='bbox 912 3571 1070 3628; x_wconf 68' lang='lat' dir='ltr'><strong>ruit?</strong></span> <span class='ocrx_word' id='word_1_372' title='bbox 1089 3571 1180 3628; x_wconf 87' lang='lat' dir='ltr'>dic</span> <span class='ocrx_word' id='word_1_373' title='bbox 1202 3569 1355 3627; x_wconf 87' lang='lat' dir='ltr'><strong>mihi.</strong></span> <span class='ocrx_word' id='word_1_374' title='bbox 1391 3587 1440 3628; x_wconf 90' lang='lat' dir='ltr'>a.</span> <span class='ocrx_word' id='word_1_375' title='bbox 1460 3575 1661 3627; x_wconf 88' lang='lat' dir='ltr'><strong>lmmo·</strong></span> <span class='ocrx_word' id='word_1_376' title='bbox 1854 3595 2109 3661; x_wconf 61' lang='lat' dir='ltr'>recteque</span> <span class='ocrx_word' id='word_1_377' title='bbox 2130 3589 2410 3646; x_wconf 61' lang='lat' dir='ltr'><strong>exhfflatur</strong></span> <span class='ocrx_word' id='word_1_378' title='bbox 2431 3607 2444 3643; x_wconf 91' lang='lat'><strong>:</strong></span> <span class='ocrx_word' id='word_1_379' title='bbox 2467 3591 2670 3662; x_wconf 63' lang='lat' dir='ltr'><strong>quippe</strong></span> <span class='ocrx_word' id='word_1_380' title='bbox 2701 3589 2766 3646; x_wconf 65' lang='lat' dir='ltr'>ad</span> <span class='ocrx_word' id='word_1_381' title='bbox 2787 3605 2947 3661; x_wconf 64' lang='lat' dir='ltr'><strong>poros</strong></span> <span class='ocrx_word' id='word_1_382' title='bbox 2973 3605 3170 3648; x_wconf 63' lang='lat' dir='ltr'><strong>succus</strong></span> 
     </span>
     <span class='ocr_line' id='line_1_33' title="bbox 1514 3657 3350 3746; baseline 0.004 -20"><span class='ocrx_word' id='word_1_383' title='bbox 1514 3657 1657 3726; x_wconf 63' lang='lat' dir='ltr'><strong>[kivi.</strong></span> <span class='ocrx_word' id='word_1_384' title='bbox 1860 3674 2062 3746; x_wconf 83' lang='lat' dir='ltr'><strong>pariter</strong></span> <span class='ocrx_word' id='word_1_385' title='bbox 2086 3673 2290 3731; x_wconf 84' lang='lat' dir='ltr'><strong>divisus</strong></span> <span class='ocrx_word' id='word_1_386' title='bbox 2310 3690 2499 3731; x_wconf 86' lang='lat' dir='ltr'><strong>omnes</strong></span> <span class='ocrx_word' id='word_1_387' title='bbox 2531 3677 2820 3732; x_wconf 77' lang='lat' dir='ltr'><strong>consistit..</strong></span> <span class='ocrx_word' id='word_1_388' title='bbox 3343 3732 3350 3742; x_wconf 88' lang='grc'>,</span> 
     </span>
     <span class='ocr_line' id='line_1_34' title="bbox 190 3743 3350 3837; baseline 0.002 -20"><span class='ocrx_word' id='word_1_389' title='bbox 190 3749 425 3817; x_wconf 83' lang='lat' dir='ltr'><strong>coquus</strong></span> <span class='ocrx_word' id='word_1_390' title='bbox 446 3743 611 3801; x_wconf 63' lang='grc'>91111111</span> <span class='ocrx_word' id='word_1_391' title='bbox 633 3743 727 3802; x_wconf 71' lang='grc'>1110</span> <span class='ocrx_word' id='word_1_392' title='bbox 752 3745 884 3811; x_wconf 78' lang='lat' dir='ltr'><strong>fuit,</strong></span> <span class='ocrx_word' id='word_1_393' title='bbox 904 3761 1018 3802; x_wconf 84' lang='grc'>11011</span> <span class='ocrx_word' id='word_1_394' title='bbox 1042 3745 1179 3802; x_wconf 72' lang='grc'>(18118</span> <span class='ocrx_word' id='word_1_395' title='bbox 1200 3745 1426 3803; x_wconf 67' lang='grc'>80111681·</span> <span class='ocrx_word' id='word_1_396' title='bbox 1754 3769 1821 3818; x_wconf 81' lang='grc'>30</span> <span class='ocrx_word' id='word_1_397' title='bbox 1863 3786 1887 3812; x_wconf 75' lang='grc' dir='ltr'><strong>α</strong></span> <span class='ocrx_word' id='word_1_398' title='bbox 1915 3753 2150 3832; x_wconf 69' lang='lat' dir='ltr'><strong>SuccuS,&#39;</strong></span> <span class='ocrx_word' id='word_1_399' title='bbox 2168 3787 2192 3813; x_wconf 68' lang='lat' dir='ltr'><strong>n</strong></span> <span class='ocrx_word' id='word_1_400' title='bbox 2213 3763 2392 3837; x_wconf 83' lang='lat' dir='ltr'><strong>inquit</strong></span> <span class='ocrx_word' id='word_1_401' title='bbox 2407 3766 2764 3832; x_wconf 74' lang='lat' dir='ltr'><strong>DemocrituS‚</strong></span> <span class='ocrx_word' id='word_1_402' title='bbox 2791 3789 2814 3813; x_wconf 73' lang='grc' dir='ltr'>α</span> <span class='ocrx_word' id='word_1_403' title='bbox 2833 3763 2970 3821; x_wconf 86' lang='lat' dir='ltr'><strong>nihil</strong></span> <span class='ocrx_word' id='word_1_404' title='bbox 2991 3772 3092 3834; x_wconf 81' lang='lat' dir='ltr'><strong>est,</strong></span> <span class='ocrx_word' id='word_1_405' title='bbox 3109 3767 3154 3822; x_wconf 83' lang='lat' dir='ltr'><strong>si</strong></span> <span class='ocrx_word' id='word_1_406' title='bbox 3172 3765 3318 3823; x_wconf 82' lang='lat' dir='ltr'><strong>clau·</strong></span> <span class='ocrx_word' id='word_1_407' title='bbox 3345 3748 3350 3759; x_wconf 56' lang='lat'>¹</span> 
     </span>
     <span class='ocr_line' id='line_1_35' title="bbox 190 3833 3320 3923; baseline 0.001 -33"><span class='ocrx_word' id='word_1_408' title='bbox 190 3835 251 3891; x_wconf 90' lang='lat' dir='ltr'>b.</span> <span class='ocrx_word' id='word_1_409' title='bbox 279 3833 476 3906; x_wconf 79' lang='lat' dir='ltr'><strong>Qualis</strong></span> <span class='ocrx_word' id='word_1_410' title='bbox 500 3836 745 3906; x_wconf 77' lang='lat' dir='ltr'><strong>coquus?</strong></span> <span class='ocrx_word' id='word_1_411' title='bbox 762 3849 814 3889; x_wconf 88' lang='lat' dir='ltr'>a.</span> <span class='ocrx_word' id='word_1_412' title='bbox 846 3835 1052 3891; x_wconf 84' lang='lat' dir='ltr'><strong>Natura</strong></span> <span class='ocrx_word' id='word_1_413' title='bbox 1068 3834 1247 3890; x_wconf 87' lang='lat' dir='ltr'><strong>omnis</strong></span> <span class='ocrx_word' id='word_1_414' title='bbox 1282 3835 1411 3892; x_wconf 86' lang='lat' dir='ltr'><strong>artis</strong></span> <span class='ocrx_word' id='word_1_415' title='bbox 3186 3857 3320 3923; x_wconf 63' lang='lat' dir='ltr'><strong>[su-a</strong></span> 
     </span>
     <span class='ocr_line' id='line_1_36' title="bbox 188 3920 3242 3994; baseline 0 -17"><span class='ocrx_word' id='word_1_416' title='bbox 188 3920 431 3994; x_wconf 80' lang='lat' dir='ltr'><strong>genitrix</strong></span> <span class='ocrx_word' id='word_1_417' title='bbox 451 3927 565 3988; x_wconf 82' lang='lat' dir='ltr'><strong>est,</strong></span> <span class='ocrx_word' id='word_1_418' title='bbox 591 3920 821 3992; x_wconf 79' lang='lat' dir='ltr'><strong>genitrix</strong></span> <span class='ocrx_word' id='word_1_419' title='bbox 836 3961 853 3991; x_wconf 86' lang='lat'>‚</span> <span class='ocrx_word' id='word_1_420' title='bbox 873 3921 1106 3994; x_wconf 86' lang='lat' dir='ltr'><strong>impure.</strong></span> <span class='ocrx_word' id='word_1_421' title='bbox 1858 3921 2003 3979; x_wconf 82' lang='lat' dir='ltr'><strong>facta</strong></span> <span class='ocrx_word' id='word_1_422' title='bbox 2025 3921 2403 3980; x_wconf 80' lang='lat' dir='ltr'><strong>comedentem</strong></span> <span class='ocrx_word' id='word_1_423' title='bbox 2437 3921 2676 3979; x_wconf 84' lang='lat' dir='ltr'><strong>reddunt</strong></span> <span class='ocrx_word' id='word_1_424' title='bbox 2696 3921 3056 3980; x_wconf 81' lang='lat' dir='ltr'><strong>arthriticum.</strong></span> <span class='ocrx_word' id='word_1_425' title='bbox 3081 3947 3106 3972; x_wconf 73' lang='grc' dir='ltr'>ιι</span> <span class='ocrx_word' id='word_1_426' title='bbox 3233 3925 3242 3932; x_wconf 86' lang='grc'>’</span> 
     </span>
     <span class='ocr_line' id='line_1_37' title="bbox 187 4001 3322 4082; baseline 0.001 -18"><span class='ocrx_word' id='word_1_427' title='bbox 187 4007 347 4064; x_wconf 84' lang='lat' dir='ltr'><strong>Nihil</strong></span> <span class='ocrx_word' id='word_1_428' title='bbox 370 4013 455 4064; x_wconf 68' lang='lat' dir='ltr'><strong>oet</strong></span> <span class='ocrx_word' id='word_1_429' title='bbox 476 4008 625 4079; x_wconf 82' lang='lat' dir='ltr'><strong>praxi</strong></span> <span class='ocrx_word' id='word_1_430' title='bbox 646 4009 943 4080; x_wconf 84' lang='lat' dir='ltr'><strong>sapientius</strong></span> <span class='ocrx_word' id='word_1_431' title='bbox 960 4049 977 4074; x_wconf 83' lang='lat'>,</span> <span class='ocrx_word' id='word_1_432' title='bbox 1862 4007 1916 4064; x_wconf 90' lang='lat' dir='ltr'>b.</span> <span class='ocrx_word' id='word_1_433' title='bbox 1950 4009 2127 4066; x_wconf 88' lang='lat' dir='ltr'><strong>Etiam</strong></span> <span class='ocrx_word' id='word_1_434' title='bbox 2151 4008 2284 4065; x_wconf 86' lang='lat' dir='ltr'><strong>artis</strong></span> <span class='ocrx_word' id='word_1_435' title='bbox 2313 4006 2565 4064; x_wconf 82' lang='lat' dir='ltr'><strong>medendi</strong></span> <span class='ocrx_word' id='word_1_436' title='bbox 2590 4007 2860 4082; x_wconf 72' lang='lat' dir='ltr'><strong>particeps</strong></span> <span class='ocrx_word' id='word_1_437' title='bbox 2889 4023 3003 4068; x_wconf 76' lang='lat' dir='ltr'><strong>esse</strong></span> <span class='ocrx_word' id='word_1_438' title='bbox 3023 4001 3159 4066; x_wconf 79' lang='lat' dir='ltr'><strong>milii</strong></span> <span class='ocrx_word' id='word_1_439' title='bbox 3185 4009 3322 4066; x_wconf 82' lang='lat' dir='ltr'><strong>vide-</strong></span> 
     </span>
     <span class='ocr_line' id='line_1_38' title="bbox 80 4091 3318 4167; baseline 0.002 -15"><span class='ocrx_word' id='word_1_440' title='bbox 80 4101 153 4152; x_wconf 82' lang='lat'>10</span> <span class='ocrx_word' id='word_1_441' title='bbox 188 4093 473 4166; x_wconf 82' lang='lat' dir='ltr'><strong>facileque</strong></span> <span class='ocrx_word' id='word_1_442' title='bbox 514 4091 681 4149; x_wconf 82' lang='lat' dir='ltr'><strong>fuerit</strong></span> <span class='ocrx_word' id='word_1_443' title='bbox 729 4096 1009 4166; x_wconf 81' lang='lat' dir='ltr'>negotium</span> <span class='ocrx_word' id='word_1_444' title='bbox 1064 4095 1143 4162; x_wconf 84' lang='lat' dir='ltr'>ei,</span> <span class='ocrx_word' id='word_1_445' title='bbox 1178 4094 1271 4165; x_wconf 88' lang='lat' dir='ltr'><strong>qui</strong></span> <span class='ocrx_word' id='word_1_446' title='bbox 1318 4093 1460 4151; x_wconf 85' lang='lat' dir='ltr'><strong>hane</strong></span> <span class='ocrx_word' id='word_1_447' title='bbox 1504 4097 1667 4152; x_wconf 85' lang='lat' dir='ltr'><strong>ratio-</strong></span> <span class='ocrx_word' id='word_1_448' title='bbox 3097 4150 3106 4158; x_wconf 82' lang='grc'>.</span> <span class='ocrx_word' id='word_1_449' title='bbox 3201 4100 3318 4167; x_wconf 79' lang='lat' dir='ltr'><strong>[riS.</strong></span> 
     </span>
     <span class='ocr_line' id='line_1_39' title="bbox 1516 4182 3270 4257; baseline 0.002 -18"><span class='ocrx_word' id='word_1_450' title='bbox 1516 4187 1666 4251; x_wconf 87' lang='lat' dir='ltr'><strong>[nem</strong></span> <span class='ocrx_word' id='word_1_451' title='bbox 1861 4197 1912 4240; x_wconf 87' lang='lat' dir='ltr'>a.</span> <span class='ocrx_word' id='word_1_452' title='bbox 1939 4185 2011 4238; x_wconf 86' lang='lat' dir='ltr'><strong>Et</strong></span> <span class='ocrx_word' id='word_1_453' title='bbox 2033 4183 2262 4255; x_wconf 84' lang='lat' dir='ltr'><strong>quisque</strong></span> <span class='ocrx_word' id='word_1_454' title='bbox 2283 4191 2539 4240; x_wconf 86' lang='lat' dir='ltr'><strong>naturam</strong></span> <span class='ocrx_word' id='word_1_455' title='bbox 2559 4182 2780 4239; x_wconf 84' lang='lat' dir='ltr'><strong>callens.</strong></span> <span class='ocrx_word' id='word_1_456' title='bbox 2807 4182 2938 4251; x_wconf 83' lang='lat' dir='ltr'><strong>Sed,</strong></span> <span class='ocrx_word' id='word_1_457' title='bbox 2965 4185 3270 4257; x_wconf 78' lang='lat' dir='ltr'>ignorantia</span> 
     </span>
     <span class='ocr_line' id='line_1_40' title="bbox 191 4267 2989 4346; baseline -0 -19"><span class='ocrx_word' id='word_1_458' title='bbox 191 4267 577 4344; x_wconf 81' lang='lat' dir='ltr'><strong>perspexerit:</strong></span> <span class='ocrx_word' id='word_1_459' title='bbox 606 4267 781 4327; x_wconf 82' lang='lat' dir='ltr'><strong>multa</strong></span> <span class='ocrx_word' id='word_1_460' title='bbox 812 4269 959 4326; x_wconf 85' lang='lat' dir='ltr'><strong>enim</strong></span> <span class='ocrx_word' id='word_1_461' title='bbox 986 4279 1343 4346; x_wconf 84' lang='lat' dir='ltr'><strong>concurrunt.</strong></span> <span class='ocrx_word' id='word_1_462' title='bbox 1866 4267 2028 4325; x_wconf 85' lang='lat' dir='ltr'><strong>hodie</strong></span> <span class='ocrx_word' id='word_1_463' title='bbox 2051 4283 2382 4342; x_wconf 84' lang='lat' dir='ltr'><strong>coquorum,</strong></span> <span class='ocrx_word' id='word_1_464' title='bbox 2415 4284 2509 4341; x_wconf 88' lang='lat' dir='ltr'>per</span> <span class='ocrx_word' id='word_1_465' title='bbox 2534 4267 2687 4337; x_wconf 88' lang='lat' dir='ltr'><strong>deos,</strong></span> <span class='ocrx_word' id='word_1_466' title='bbox 2719 4285 2989 4342; x_wconf 81' lang='lat' dir='ltr'><strong>cognosce</strong></span> 
     </span>
     <span class='ocr_line' id='line_1_41' title="bbox 190 4353 3105 4430; baseline -0 -18"><span class='ocrx_word' id='word_1_467' title='bbox 190 4361 403 4430; x_wconf 80' lang='lat' dir='ltr'><strong>Quare,</strong></span> <span class='ocrx_word' id='word_1_468' title='bbox 424 4355 471 4412; x_wconf 86' lang='lat' dir='ltr'><strong>si</strong></span> <span class='ocrx_word' id='word_1_469' title='bbox 486 4370 726 4428; x_wconf 84' lang='lat' dir='ltr'><strong>coquum</strong></span> <span class='ocrx_word' id='word_1_470' title='bbox 745 4353 897 4412; x_wconf 75' lang='lat' dir='ltr'><strong>vides</strong></span> <span class='ocrx_word' id='word_1_471' title='bbox 918 4355 1251 4425; x_wconf 80' lang='lat' dir='ltr'><strong>illiteratum,</strong></span> <span class='ocrx_word' id='word_1_472' title='bbox 1759 4360 1825 4410; x_wconf 81' lang='lat'>35</span> <span class='ocrx_word' id='word_1_473' title='bbox 1864 4355 2039 4428; x_wconf 82' lang='lat' dir='ltr'><strong>qualis</strong></span> <span class='ocrx_word' id='word_1_474' title='bbox 2065 4355 2158 4421; x_wconf 79' lang='lat' dir='ltr'><strong>sit,</strong></span> <span class='ocrx_word' id='word_1_475' title='bbox 2191 4370 2361 4430; x_wconf 88' lang='lat' dir='ltr'><strong>quum</strong></span> <span class='ocrx_word' id='word_1_476' title='bbox 2391 4353 2608 4421; x_wconf 85' lang='lat' dir='ltr'><strong>videris,</strong></span> <span class='ocrx_word' id='word_1_477' title='bbox 2639 4355 2762 4411; x_wconf 89' lang='lat' dir='ltr'><strong>illos</strong></span> <span class='ocrx_word' id='word_1_478' title='bbox 2785 4371 2848 4412; x_wconf 88' lang='lat' dir='ltr'><strong>ex</strong></span> <span class='ocrx_word' id='word_1_479' title='bbox 2869 4355 3105 4428; x_wconf 84' lang='lat' dir='ltr'><strong>piscibus</strong></span> 
     </span>
     <span class='ocr_line' id='line_1_42' title="bbox 192 4439 3098 4520; baseline -0.001 -18"><span class='ocrx_word' id='word_1_480' title='bbox 192 4447 437 4520; x_wconf 84' lang='lat' dir='ltr'><strong>quinon</strong></span> <span class='ocrx_word' id='word_1_481' title='bbox 464 4444 701 4502; x_wconf 80' lang='lat' dir='ltr'><strong>excussit</strong></span> <span class='ocrx_word' id='word_1_482' title='bbox 718 4459 937 4500; x_wconf 86' lang='lat' dir='ltr'><strong>omnem</strong></span> <span class='ocrx_word' id='word_1_483' title='bbox 969 4447 1343 4502; x_wconf 83' lang='lat' dir='ltr'><strong>Democritum</strong></span> <span class='ocrx_word' id='word_1_484' title='bbox 1864 4441 2118 4498; x_wconf 82' lang='lat' dir='ltr'><strong>nonnihil</strong></span> <span class='ocrx_word' id='word_1_485' title='bbox 2133 4439 2421 4498; x_wconf 80' lang='lat' dir='ltr'><strong>contrariis</strong></span> <span class='ocrx_word' id='word_1_486' title='bbox 2441 4456 2610 4497; x_wconf 87' lang='lat' dir='ltr'><strong>unam</strong></span> <span class='ocrx_word' id='word_1_487' title='bbox 2634 4443 2868 4498; x_wconf 86' lang='lat' dir='ltr'><strong>muriam</strong></span> <span class='ocrx_word' id='word_1_488' title='bbox 2899 4439 3098 4506; x_wconf 79' lang='lat' dir='ltr'><strong>facere,</strong></span> 
     </span>
     <span class='ocr_line' id='line_1_43' title="bbox 194 4527 2784 4605; baseline -0.002 -15"><span class='ocrx_word' id='word_1_489' title='bbox 194 4542 257 4590; x_wconf 88' lang='lat' dir='ltr'>et</span> <span class='ocrx_word' id='word_1_490' title='bbox 284 4531 509 4605; x_wconf 86' lang='lat' dir='ltr'><strong>Epicuri</strong></span> <span class='ocrx_word' id='word_1_491' title='bbox 534 4547 795 4590; x_wconf 89' lang='lat' dir='ltr'><strong>canonem</strong></span> <span class='ocrx_word' id='word_1_492' title='bbox 814 4575 829 4600; x_wconf 86' lang='lat'>‚</span> <span class='ocrx_word' id='word_1_493' title='bbox 854 4531 1387 4590; x_wconf 86' lang='lat' dir='ltr'><strong>dimitteimmictum</strong></span> <span class='ocrx_word' id='word_1_494' title='bbox 1403 4574 1420 4601; x_wconf 86' lang='lat'>‚</span> <span class='ocrx_word' id='word_1_495' title='bbox 1863 4537 1920 4586; x_wconf 89' lang='lat' dir='ltr'>et</span> <span class='ocrx_word' id='word_1_496' title='bbox 1943 4543 2152 4586; x_wconf 81' lang='lat' dir='ltr'><strong>sesama</strong></span> <span class='ocrx_word' id='word_1_497' title='bbox 2170 4527 2242 4586; x_wconf 87' lang='lat' dir='ltr'>ad</span> <span class='ocrx_word' id='word_1_498' title='bbox 2259 4544 2380 4584; x_wconf 87' lang='lat' dir='ltr'><strong>eam</strong></span> <span class='ocrx_word' id='word_1_499' title='bbox 2403 4535 2648 4584; x_wconf 86' lang='lat' dir='ltr'><strong>atterere.</strong></span> <span class='ocrx_word' id='word_1_500' title='bbox 2674 4529 2784 4600; x_wconf 89' lang='lat' dir='ltr'><strong>Qui</strong></span> 
     </span>
     <span class='ocr_line' id='line_1_44' title="bbox 88 4613 3320 4687; baseline -0.002 -10"><span class='ocrx_word' id='word_1_501' title='bbox 88 4627 157 4678; x_wconf 80' lang='grc'>15</span> <span class='ocrx_word' id='word_1_502' title='bbox 197 4617 360 4676; x_wconf 83' lang='lat' dir='ltr'><strong>velut</strong></span> <span class='ocrx_word' id='word_1_503' title='bbox 382 4633 415 4674; x_wconf 89' lang='lat' dir='ltr'><strong>e</strong></span> <span class='ocrx_word' id='word_1_504' title='bbox 454 4616 659 4676; x_wconf 81' lang='lat' dir='ltr'><strong>schola.</strong></span> <span class='ocrx_word' id='word_1_505' title='bbox 681 4621 801 4676; x_wconf 86' lang='lat' dir='ltr'><strong>Hoc</strong></span> <span class='ocrx_word' id='word_1_506' title='bbox 825 4618 971 4676; x_wconf 86' lang='lat' dir='ltr'><strong>enim</strong></span> <span class='ocrx_word' id='word_1_507' title='bbox 998 4619 1135 4676; x_wconf 83' lang='lat' dir='ltr'><strong>scire</strong></span> <span class='ocrx_word' id='word_1_508' title='bbox 1163 4618 1348 4686; x_wconf 86' lang='lat' dir='ltr'><strong>debet,</strong></span> <span class='ocrx_word' id='word_1_509' title='bbox 1866 4617 2060 4672; x_wconf 85' lang='lat' dir='ltr'><strong>horum</strong></span> <span class='ocrx_word' id='word_1_510' title='bbox 2079 4629 2528 4687; x_wconf 83' lang='lat' dir='ltr'><strong>unumquemque</strong></span> <span class='ocrx_word' id='word_1_511' title='bbox 2553 4614 2780 4681; x_wconf 80' lang='lat' dir='ltr'><strong>invenit,</strong></span> <span class='ocrx_word' id='word_1_512' title='bbox 2808 4614 2875 4669; x_wconf 89' lang='lat' dir='ltr'>iis</span> <span class='ocrx_word' id='word_1_513' title='bbox 2904 4613 3132 4686; x_wconf 78' lang='lat' dir='ltr'><strong>singuiis</strong></span> <span class='ocrx_word' id='word_1_514' title='bbox 3157 4629 3320 4686; x_wconf 87' lang='lat' dir='ltr'><strong>oppe-</strong></span> 
     </span>
     <span class='ocr_line' id='line_1_45' title="bbox 192 4699 3322 4778; baseline -0.001 -16"><span class='ocrx_word' id='word_1_515' title='bbox 192 4704 417 4778; x_wconf 88' lang='lat' dir='ltr'><strong>optime</strong></span> <span class='ocrx_word' id='word_1_516' title='bbox 443 4711 539 4772; x_wconf 85' lang='lat' dir='ltr'><strong>tu,</strong></span> <span class='ocrx_word' id='word_1_517' title='bbox 578 4705 818 4778; x_wconf 84' lang='lat' dir='ltr'><strong>primum</strong></span> <span class='ocrx_word' id='word_1_518' title='bbox 837 4745 855 4775; x_wconf 86' lang='lat'>‚</span> <span class='ocrx_word' id='word_1_519' title='bbox 880 4704 1161 4778; x_wconf 81' lang='lat' dir='ltr'><strong>quomodo</strong></span> <span class='ocrx_word' id='word_1_520' title='bbox 1180 4705 1399 4762; x_wconf 80' lang='lat' dir='ltr'><strong>differat</strong></span> <span class='ocrx_word' id='word_1_521' title='bbox 1865 4709 1924 4757; x_wconf 92' lang='lat' dir='ltr'>et</span> <span class='ocrx_word' id='word_1_522' title='bbox 1940 4717 2030 4756; x_wconf 88' lang='lat' dir='ltr'><strong>me</strong></span> <span class='ocrx_word' id='word_1_523' title='bbox 2055 4708 2228 4757; x_wconf 86' lang='lat' dir='ltr'><strong>utere.</strong></span> <span class='ocrx_word' id='word_1_524' title='bbox 2260 4700 2406 4770; x_wconf 86' lang='lat' dir='ltr'><strong>Quid</strong></span> <span class='ocrx_word' id='word_1_525' title='bbox 2425 4700 2571 4756; x_wconf 88' lang='lat' dir='ltr'><strong>enim</strong></span> <span class='ocrx_word' id='word_1_526' title='bbox 2601 4699 2782 4757; x_wconf 85' lang='lat' dir='ltr'><strong>adhuc</strong></span> <span class='ocrx_word' id='word_1_527' title='bbox 2813 4701 2905 4757; x_wconf 79' lang='lat' dir='ltr'><strong>liat</strong></span> <span class='ocrx_word' id='word_1_528' title='bbox 2931 4699 3078 4768; x_wconf 89' lang='lat' dir='ltr'><strong>honi,</strong></span> <span class='ocrx_word' id='word_1_529' title='bbox 3181 4700 3322 4770; x_wconf 80' lang='lat' dir='ltr'><strong>[dat.</strong></span> 
     </span>
     <span class='ocr_line' id='line_1_46' title="bbox 194 4786 2709 4865; baseline -0.001 -19"><span class='ocrx_word' id='word_1_530' title='bbox 194 4790 518 4865; x_wconf 78' lang='lat' dir='ltr'><strong>glauciscus</strong></span> <span class='ocrx_word' id='word_1_531' title='bbox 536 4791 715 4848; x_wconf 87' lang='lat' dir='ltr'><strong>hieme</strong></span> <span class='ocrx_word' id='word_1_532' title='bbox 736 4789 806 4847; x_wconf 86' lang='lat' dir='ltr'>ab</span> <span class='ocrx_word' id='word_1_533' title='bbox 824 4791 1040 4858; x_wconf 79' lang='lat' dir='ltr'><strong>aestiv03</strong></span> <span class='ocrx_word' id='word_1_534' title='bbox 1066 4800 1186 4848; x_wconf 89' lang='lat' dir='ltr'><strong>tum</strong></span> <span class='ocrx_word' id='word_1_535' title='bbox 1214 4807 1430 4858; x_wconf 78' lang='lat' dir='ltr'><strong>rursuS,</strong></span> <span class='ocrx_word' id='word_1_536' title='bbox 1710 4840 1714 4858; x_wconf 89' lang='grc'>,</span> <span class='ocrx_word' id='word_1_537' title='bbox 1760 4796 1831 4844; x_wconf 77' lang='grc'>40</span> <span class='ocrx_word' id='word_1_538' title='bbox 1869 4787 2197 4863; x_wconf 82' lang='lat' dir='ltr'><strong>proprietate</strong></span> <span class='ocrx_word' id='word_1_539' title='bbox 2219 4786 2450 4844; x_wconf 78' lang='lat' dir='ltr'><strong>diversae</strong></span> <span class='ocrx_word' id='word_1_540' title='bbox 2466 4786 2709 4853; x_wconf 75' lang='lat' dir='ltr'><strong>admixta</strong></span> 
     </span>
     <span class='ocr_line' id='line_1_47' title="bbox 200 4866 2968 4952; baseline -0.003 -16"><span class='ocrx_word' id='word_1_541' title='bbox 200 4879 389 4952; x_wconf 79' lang='lat' dir='ltr'><strong>qualis</strong></span> <span class='ocrx_word' id='word_1_542' title='bbox 404 4880 549 4935; x_wconf 72' lang='lat' dir='ltr'><strong>circa</strong></span> <span class='ocrx_word' id='word_1_543' title='bbox 576 4878 812 4936; x_wconf 85' lang='lat' dir='ltr'><strong>Pleiadis</strong></span> <span class='ocrx_word' id='word_1_544' title='bbox 837 4895 1094 4936; x_wconf 87' lang='lat' dir='ltr'><strong>occasum</strong></span> <span class='ocrx_word' id='word_1_545' title='bbox 1709 4866 1716 4904; x_wconf 87' lang='lat'><strong>¹</strong></span> <span class='ocrx_word' id='word_1_546' title='bbox 1866 4885 1924 4934; x_wconf 88' lang='lat' dir='ltr'>et</span> <span class='ocrx_word' id='word_1_547' title='bbox 1953 4877 2200 4932; x_wconf 85' lang='lat' dir='ltr'><strong>dissonas</strong></span> <span class='ocrx_word' id='word_1_548' title='bbox 2217 4873 2448 4932; x_wconf 84' lang='lat' dir='ltr'><strong>chordas</strong></span> <span class='ocrx_word' id='word_1_549' title='bbox 2471 4875 2638 4931; x_wconf 82' lang='lat' dir='ltr'><strong>simul</strong></span> <span class='ocrx_word' id='word_1_550' title='bbox 2659 4873 2968 4946; x_wconf 82' lang='lat' dir='ltr'><strong>tangendo?</strong></span> 
     </span>
     <span class='ocr_line' id='line_1_48' title="bbox 198 4961 3060 5037; baseline -0.002 -15"><span class='ocrx_word' id='word_1_551' title='bbox 198 4974 262 5022; x_wconf 83' lang='lat' dir='ltr'>et</span> <span class='ocrx_word' id='word_1_552' title='bbox 291 4963 585 5022; x_wconf 78' lang='lat' dir='ltr'><strong>solstitium</strong></span> <span class='ocrx_word' id='word_1_553' title='bbox 614 4965 775 5037; x_wconf 84' lang='lat' dir='ltr'><strong>piscis</strong></span> <span class='ocrx_word' id='word_1_554' title='bbox 802 4965 875 5022; x_wconf 88' lang='lat' dir='ltr'>sit</span> <span class='ocrx_word' id='word_1_555' title='bbox 900 4964 1253 5022; x_wconf 74' lang='lat' dir='ltr'><strong>utilissimus:</strong></span> <span class='ocrx_word' id='word_1_556' title='bbox 1869 4965 1987 5022; x_wconf 79' lang='lat' dir='ltr'><strong>baec</strong></span> <span class='ocrx_word' id='word_1_557' title='bbox 2015 4963 2320 5036; x_wconf 86' lang='lat' dir='ltr'><strong>perspicere</strong></span> <span class='ocrx_word' id='word_1_558' title='bbox 2343 4970 2428 5018; x_wconf 89' lang='lat' dir='ltr'>est</span> <span class='ocrx_word' id='word_1_559' title='bbox 2453 4961 2594 5018; x_wconf 88' lang='lat' dir='ltr'><strong>bene</strong></span> <span class='ocrx_word' id='word_1_560' title='bbox 2620 4961 2878 5018; x_wconf 78' lang='lat' dir='ltr'><strong>animatae</strong></span> <span class='ocrx_word' id='word_1_561' title='bbox 2905 4962 3060 5026; x_wconf 82' lang='lat' dir='ltr'><strong>artis,</strong></span> 
     </span>
     <span class='ocr_line' id='line_1_49' title="bbox 82 5048 3146 5134; baseline -0.004 -22"><span class='ocrx_word' id='word_1_562' title='bbox 82 5062 161 5112; x_wconf 75' lang='lat'>2⁰</span> <span class='ocrx_word' id='word_1_563' title='bbox 204 5050 551 5109; x_wconf 69' lang='lat' dir='ltr'><strong>Mutationae</strong></span> <span class='ocrx_word' id='word_1_564' title='bbox 568 5051 714 5108; x_wconf 86' lang='lat' dir='ltr'><strong>enim</strong></span> <span class='ocrx_word' id='word_1_565' title='bbox 740 5060 795 5108; x_wconf 87' lang='lat' dir='ltr'>et</span> <span class='ocrx_word' id='word_1_566' title='bbox 824 5052 1091 5109; x_wconf 79' lang='lat' dir='ltr'><strong>motiones</strong></span> <span class='ocrx_word' id='word_1_567' title='bbox 1114 5051 1319 5110; x_wconf 88' lang='lat' dir='ltr'><strong>malum</strong></span> <span class='ocrx_word' id='word_1_568' title='bbox 1712 5090 1717 5134; x_wconf 72' lang='lat'>1</span> <span class='ocrx_word' id='word_1_569' title='bbox 1870 5068 1985 5108; x_wconf 91' lang='lat' dir='ltr'>non</span> <span class='ocrx_word' id='word_1_570' title='bbox 2006 5051 2217 5124; x_wconf 82' lang='lat' dir='ltr'><strong>patinas</strong></span> <span class='ocrx_word' id='word_1_571' title='bbox 2237 5049 2462 5106; x_wconf 84' lang='lat' dir='ltr'><strong>abluere</strong></span> <span class='ocrx_word' id='word_1_572' title='bbox 2478 5091 2492 5116; x_wconf 83' lang='lat'>,</span> <span class='ocrx_word' id='word_1_573' title='bbox 2514 5064 2692 5121; x_wconf 85' lang='lat' dir='ltr'><strong>neque</strong></span> <span class='ocrx_word' id='word_1_574' title='bbox 2715 5048 2929 5104; x_wconf 68' lang='lat' dir='ltr'><strong>[uinum</strong></span> <span class='ocrx_word' id='word_1_575' title='bbox 2953 5049 3098 5104; x_wconf 71' lang='lat' dir='ltr'><strong>olere</strong></span> <span class='ocrx_word' id='word_1_576' title='bbox 3132 5063 3146 5100; x_wconf 89' lang='lat'>:</span> 
     </span>
    </p>
   </div>
   <div class='ocr_carea' id='block_1_3' title="bbox 204 5135 2880 5212">
    <p class='ocr_par' dir='ltr' id='par_1_4' title="bbox 204 5135 2880 5212">
     <span class='ocr_line' id='line_1_50' title="bbox 204 5135 2880 5212; baseline -0.003 -16"><span class='ocrx_word' id='word_1_577' title='bbox 204 5141 410 5212; x_wconf 78' lang='lat' dir='ltr'><strong>ingens</strong></span> <span class='ocrx_word' id='word_1_578' title='bbox 434 5137 750 5196; x_wconf 86' lang='lat' dir='ltr'><strong>hominibus</strong></span> <span class='ocrx_word' id='word_1_579' title='bbox 778 5137 1021 5197; x_wconf 82' lang='lat' dir='ltr'><strong>afferunt</strong></span> <span class='ocrx_word' id='word_1_580' title='bbox 1050 5141 1401 5196; x_wconf 69' lang='lat' dir='ltr'><strong>conversione</strong></span> <span class='ocrx_word' id='word_1_581' title='bbox 1712 5139 1719 5208; x_wconf 63' lang='grc' dir='ltr'>ζ</span> <span class='ocrx_word' id='word_1_582' title='bbox 1873 5137 2124 5210; x_wconf 64' lang='lat' dir='ltr'><strong>equidem</strong></span> <span class='ocrx_word' id='word_1_583' title='bbox 2150 5137 2386 5194; x_wconf 79' lang='lat' dir='ltr'><strong>culinam</strong></span> <span class='ocrx_word' id='word_1_584' title='bbox 2414 5135 2560 5193; x_wconf 82' lang='lat' dir='ltr'><strong>haud</strong></span> <span class='ocrx_word' id='word_1_585' title='bbox 2585 5135 2880 5207; x_wconf 81' lang='lat' dir='ltr'><strong>ingredior.</strong></span> 
     </span>
    </p>
   </div>
  </div>
 </body>
</html>
