3809 5850
1390 444 1922 507 ANTIPHANES.
2552 436 2556 441 ⁵
3155 458 3266 511 36³

117 566 411 669 [Τούτων
446 572 563 669 ἂν)
586 577 795 644 οἰκιῶν
824 582 1003 671 (ὁρᾷς
1026 576 1095 668 3)
1130 581 1188 645 ἐν
1208 571 1360 674 τῇδε
1398 580 1507 671 μὲν
1850 581 2086 674 ταχέως
2114 582 2314 674 λέγειν
2339 585 2452 675 χρὴ
2475 630 2493 660 ,
2513 580 2652 674 πρὶν
2685 583 3034 675 κρέμασθαι.
3065 610 3126 654 α.
3148 585 3278 652 Πό-
3334 594 3354 611 ”

120 691 147 751 ὁ
178 694 309 751 τῶν
354 694 607 777 Φρυγῶν
626 688 899 778 τύραννος
930 685 1113 752 οἰκῶν
1142 685 1460 779 τυγχάνει,
2994 690 3140 782 τεροὶ
3173 718 3278 783 μοι

118 794 315 885 γέρων
350 792 658 884 ἀποργὴς,
693 784 1032 883 Λαομέδων
1066 794 1542 885 καλούμενος....
1760 790 1797 861 5
1849 798 2056 886 γρῖφον
2081 788 2444 887 προδοίλλεις
2474 802 2693 860 τοῦτον
2723 792 2938 876 εἰπεῖν,
2962 786 3266 881 δέσποτα,

118 920 176 977 αἱ
206 918 557 994 Antiphanis
578 918 967 995 Ganymedem
995 921 1116 976 haec
1138 930 1293 977 recte
1320 920 1611 977 revocavit
1848 910 1961 975 τῆς
1992 900 2264 995 ἁρπαγῆς
2299 910 2410 967 τοῦ
2437 890 2654 976 παῑδῡς
2689 899 2742 964 δῖ
2781 892 3024 975 fidvouloi
3053 927 3155 987 τι,

117 1026 390 1065 rmannus
412 1006 628 1082 Opusc.
654 1005 715 1081 5,
737 1026 801 1082 p.
834 1006 966 1079 186,
995 1009 1353 1082 restituitque
1370 1011 1431 1064 in
1448 1009 1613 1064 scbo-
1851 1003 1891 1079 ἢ
1921 1004 1986 1071 τί
2019 1000 2275 1073 δύναται
2304 1006 2380 1073 τὸ
2408 1004 2619 1097 ῥηθέν;
2657 1008 2715 1091 β.
2753 994 2890 1081 Εξω
2917 1030 3014 1081 τις
3045 1000 3212 1071 δότω

126 1114 365 1197 ,11οΨῗῦ
404 1091 736 1173 Ἀντιφάνης·
794 1092 909 1174 (¹3¹
956 1097 1205 1171 prologo
1248 1096 1463 1199 fabffl‘}
1493 1115 1612 1153 esse
1858 1111 2086 1203 ἱμάντα
2128 1114 2386 1204 ταχέως.
2433 1137 2496 1179 α.
2544 1108 2690 1179 Οἷον
2729 1115 2835 1179 οὐκ
2876 1113 3148 1205 ἔγνων...
3159 1118 3276 1199 .β.

119 1194 203 1239 ‚ita
241 1181 571 1259 videntur.)
605 1181 785 1240 codd.
817 1178 903 1239 διὰ
938 1181 1035 1253 τὴν
1072 1180 1182 1263 (al.
1226 1180 1355 1262 τὰς)
1393 1206 1497 1241 των
1530 1184 1611 1242 ol-
3104 1207 3250 1297 ἴσως

116 1294 179 1329 ον
202 1318 221 1347 ,
258 1290 397 1329 cum
422 1270 653 1329 dimidii
686 1290 880 1327 versus
906 1272 1139 1345 lacuna3
1166 1271 1372 1331 deinde
1400 1272 1455 1331 ἐν
1486 1272 1611 1345 τῆδε
2603 1330 2636 1347 „
3179 1335 3210 1347 Ν

119 1359 289 1419 ὄντων
317 1381 413 1440 φρ·
435 1382 492 1420 τ.
523 1356 675 1417 ὧκων
696 1381 751 1421 τ.
781 1360 1119 1419 Fritzschius
1140 1379 1156 1421 ε
1176 1358 1265 1418 τὸν
1290 1362 1424 1421 Γαν.
1448 1338 1611 1441 wel,
1854 1348 1919 1392 α’
1951 1311 2190 1391 ἒπειτα
2212 1332 2392 1391 τοῦτο
2419 1316 2660 1415 ζημιοῖς
2693 1348 2807 1415 μεῖ
2845 1326 2908 1409 β·
2927 1319 3276 1416 Μηδαμωςν

138 1445 371 1521 rodem,
1721 1450 1804 1497 ιο
1854 1428 2058 1521 ἅλμης
2089 1422 2150 1495 δ’
2191 1431 2372 1522 ἐχρῆν
2403 1454 2500 1506 τις
2530 1429 2884 1521 παραφέρειν
2917 1432 3230 1523 ποτήριον.

1854 1530 2026 1603 Οἶσθ’
2054 1533 2175 1621 οὖν,
2190 1538 2355 1614 ὅπως
2373 1528 2412 1601 δ
2418 1534 2665 1602 εῗτοῦτό
2685 1530 2739 1602 σ’
2765 1537 3027 1621 ἐκπιεῖν,
3061 1562 3118 1603 α.
3141 1531 3280 1631 Ἐγὼ

1854 1634 2084 1734 κομιδῆ
2113 1644 2185 1735 γέ
2211 1667 2343 1719 πως
2363 1693 2383 1730 ,
2414 1643 2688 1736 ἐνέχυρον
2724 1641 3040 1736 ἀποφέρειν
3068 1642 3136 1709 τί
3162 1665 3275 1709 σοι·

1853 1744 1891 1821 ἢ
1911 1748 2053 1837 οὔκ,
2078 1750 2142 1833 β.
2164 1743 2319 1815 AD?
2339 1746 2534 1817 ὀπίσω
2543 1751 2636 1815 τὼ
2653 1754 2816 1842 χεῖρε
2830 1754 3169 1827 ποιήσαντα
3187 1740 3286 1817 δεῖ

1858 1856 2052 1922 ἕλκειν
2090 1852 2404 1923 ἀπνευστί.

115 1562 231 1623 [ὧν
260 1561 447 1621 οἰκιῶν
480 1557 844 1641 τούτων,δρᾷς
865 1604 884 1634 ,
912 1562 966 1619 ἐν
994 1563 1121 1642 τῇδε
1142 1560 1237 1639 μὲν
1269 1574 1381 1623 etc.
1656 1612 1667 1671 Ι

116 1676 151 1732 3
182 1671 432 1753 drop-(ille
468 1676 669 1731 Herm.
712 1686 771 1731 et
806 1676 876 1733 L.
922 1676 1101 1735 Dind.
1142 1694 1255 1750 pro
1301 1672 1396 1731 ἀπ’
1432 1674 1609 1755 ὀργῆς.

112 1762 237 1823 'oi-t.
258 1760 567 1841 περιοργής.
596 1764 886 1838 Suspicor,
909 1766 970 1820 in
996 1763 1111 1821 fine
1134 1765 1437 1841 fragmenti
1456 1765 1613 1821 exci-

108 1872 194 1924 se,
228 1852 404 1928 quod
442 1851 519 1907 de
544 1850 881 1926 Ganymede
918 1852 1229 1910 dicendum
1259 1864 1416 1923 erat,
1446 1862 1511 1907 ut
1532 1854 1615 1907 ita

107 1942 303 1997 >cedat
336 1941 639 1996 narratio:
678 1963 705 1989 ι
738 1941 801 1995 in
830 1941 937 1996 hac
969 1941 1203 2015 quidem
1230 1940 1405 1997 domo
1446 1940 1615 1995 habi-

119 2028 493 2098 Laomedon,
512 2028 569 2082 in
590 2027 689 2084 illa
705 2045 843 2085 vero
864 2026 1013 2085 filius
1032 2026 1157 2101 ejus
1176 2028 1554 2103 Ganymedes.
1582 2052 1606 2080 n

104 2126 289 2173 tet-mn
316 2126 632 2191 praesentes
670 2134 840 2190 agere
868 2117 930 2171 in
971 2134 1141 2171 scena
1165 2114 1435 2172 videntur
1460 2116 1612 2173 Mer-

102 2206 209 2259 rius
250 2214 313 2261 et
346 2204 495 2259 alius
538 2202 807 2278 quidam,
850 2204 945 2260 cui
984 2203 1328 2279 Ganymedis
1354 2204 1613 2278 rapinam

103 2295 291 2393 ppiter
310 2290 711 2347 maudaverat.
740 2288 890 2347 Huic
913 2293 1066 2346 viam
1084 2291 1439 2348 monstrabat
1464 2293 1612 2347 Mer-

1714 2045 1745 2083 ει
1770 2026 2101 2084 Laomedon
2121 2026 2196 2083 de
2213 2037 2384 2104 raptu
2418 2024 2761 2101 Ganymedis
2787 2026 2963 2083 iratus
3003 2038 3283 2101 expostu—

1709 2114 1789 2171 lat
1816 2133 1950 2171 cum
1973 2115 2322 2191 paedagogo,
2363 2116 2456 2171 cui
2483 2112 2585 2169 filii
2615 2113 2934 2170 custodiam
2971 2112 3282 2169 mandave-

1710 2213 1817 2262 rat.
1854 2203 2094 2259 »Μάνη
2127 2203 2408 2262 Versibus,
2443 2202 2508 2273 6,
2537 2222 2568 2273 7
2587 2201 2722 2258 libri
2761 2202 2978 2277 vulgati
3021 2221 3036 2256 ε
3083 2196 3208 2267 εἶξ.
3232 2220 3284 2257 τι

1711 2285 1969 2359 δύναται,
2017 2289 2120 2346 sed
2147 2292 2198 2353 Α
2239 2287 2410 2356 Ξξοιδά
2450 2311 2531 2346 τιν
2571 2287 2624 2345 τί
2663 2285 2905 2348 δύναται.
2937 2292 3008 2346 In
3049 2290 3161 2345 isto
3205 2309 3286 2345 τιν

101 2382 243 2437 rius.
282 2380 527 2435 »Meim
560 2378 949 2435 Probabiliter
991 2378 1227 2452 quidem
1271 2380 1330 2434 in
1376 2380 1611 2449 ceteris;
1709 2377 1883 2435 Dind.
1921 2380 2157 2453 agnovit
2181 2399 2254 2449 τι,
2289 2376 2346 2448 ἤ.
2380 2378 2445 2437 V.
2472 2379 2666 2435 8—10
2692 2378 2917 2453 vulgo:
2950 2396 3006 2433 α.
3045 2364 3174 2435 Οἶον
3193 2376 3287 2433 οὔκ

103 2466 437 2541 lpostrema
454 2466 539 2522 sic
554 2467 751 2541 potius
766 2465 1069 2521 scribenda
1092 2476 1289 2522 erant.
1308 2464 1615 2523 Praesentes
1710 2462 1871 2542 ἔγνων
1903 2462 2049 2532 ἴσως.
2073 2462 2255 2523 ἔπειτα
2278 2488 2329 2523 τ.
2363 2465 2412 2532 ζ.
2451 2486 2550 2541 με;
2576 2464 2860 2541 μηδαμῶς·
2890 2459 3064 2539 ἅλμης
3091 2460 3138 2519 δ’
3165 2462 3282 2541 ἔχρ.

100 2572 187 2611 ere
214 2559 280 2611 in
298 2572 483 2612 scena
502 2555 771 2612 videntur
802 2554 1003 2625 Mero„
1033 2555 1126 2610 cui
1156 2556 1425 2630 Juppiter
1454 2556 1615 2630 rapi·
1704 2575 1761 2610 τι
1804 2551 2098 2634 περιφέρειν
2146 2576 2266 2614 ποτ.
2316 2555 2632 2613 Villebrun.
2654 2596 2673 2630 ,
2718 2554 3061 2627 Schweigh„
3103 2553 3282 2609 Dind.

97 2662 148 2699 m
192 2642 563 2719 Ganymedis
604 2642 1003 2713 mandaverat,
1056 2653 1114 2699 et
1154 2643 1295 2699 alius
1339 2642 1610 2717 quidam,
1710 2654 1864 2699 recte
1894 2640 2240 2722 παραφέρειν.
2279 2645 2351 2701 V.
2400 2660 2464 2699 11
2505 2674 2548 2687 -
2584 2642 2652 2698 13
2683 2642 2817 2699 libri
2841 2662 2901 2699 σε
2926 2638 3066 2697 τοῦτ’
3099 2638 3288 2718 (quod

100 2732 371 2789 boi-natus
402 2750 439 2788 a
462 2732 784 2801 Mercurio,
815 2732 1198 2806 suspicionem
1224 2741 1539 2801 metuente,
1570 2732 1617 2786 si
1712 2733 1963 2788 correxit
2018 2727 2300 2807 casaub.)
2356 2728 2576 2788 ἐκπιεῖν.
2637 2750 2694 2792 α.
2754 2728 2902 2806 Ἐγὼ
2958 2728 3150 2804 κομιδῆ
3209 2749 3286 2805 γε.

97 2836 142 2874 ιε
182 2820 439 2877 domum
484 2820 653 2894 pueri
699 2818 917 2889 adiret3
968 2820 1061 2875 cni
1106 2818 1421 2875 subornato
1466 2818 1617 2873 viam
1714 2820 1765 2897 β.
1814 2820 1972 2890 Πῶς;
2019 2841 2077 2878 α.
2116 2817 2236 2880 Ἐν.
2283 2816 2612 2899 ἀποφέροντά
2661 2839 2764 2879 σοι.
2811 2820 2868 2896 β.
2916 2818 3034 2878 Οὔκ
3061 2816 3179 2874 ἀλλ’
3209 2848 3290 2860 ....

97 2908 403 2967 oustrabat.
467 2907 783 2964 Mercurius
840 2908 992 2964 enim
1048 2908 1167 2981 ipse
1211 2908 1427 2982 legatus
1477 2924 1617 2962 nun·
1711 2904 1983 2966 ἀπνευστί.
2037 2910 2172 2966 Haec
2198 2916 2258 2966 et
2296 2906 2654 2966 emendanda
2697 2918 2883 2980 erant,
2926 2918 2986 2964 et
3030 2924 3288 2983 persona

102 3015 259 3072 isque
298 2998 473 3054 Jovis
498 3006 559 3052 et
580 2996 823 3052 deorum
850 2996 1171 3052 habebatur
1198 3015 1213 3051 z
1240 3014 1299 3051 v.
1339 2996 1611 3070 Apollod.
1708 2998 2090 3073 probabiliter
2122 2996 2558 3074 distinguendae.
2595 2992 2821 3069 Ὅπως,
2844 3015 2946 3052 cur
2983 3014 3084 3051 tv.
3117 2994 3284 3051 Iliad.

118 3105 207 3156 ιο,
228 3106 293 3158 2,
316 3088 533 3144 Horat.
554 3085 662 3143 Od.
688 3105 747 3160 1,
774 3103 868 3160 ιο,
894 3084 928 3141 5
950 3095 1006 3141 et
1029 3084 1090 3155 6,
1115 3085 1349 3142 Homeri
1367 3085 1613 3161 interpp.
1718 3105 1741 3142 1
1760 3129 1777 3156 ,
1814 3086 1948 3157 123,
1972 3087 2246 3163 Xenoph.
2282 3085 2496 3162 Cyrop.
2527 3105 2582 3158 7,
2616 3105 2671 3158 1,
2705 3092 2804 3156 4¹3
2829 3083 3124 3160 Aristoph.
3151 3085 3286 3140 Pac.

103 3175 195 3232 ad.
224 3193 289 3253 a,
327 3173 471 3246 103,
504 3174 759 3250 AEschyli
777 3176 889 3250 Ag.
914 3171 1056 3243 454,
1089 3183 1200 3232 etc.
1334 3208 1341 3216 ·
1720 3173 1853 3242 181..
1888 3176 2003 3248 Qui
2030 3175 2303 3252 griphum
2323 3193 2444 3231 non
2470 3175 2803 3251 solvissent,
2835 3175 2914 3230 eis
2948 3173 3144 3229 muriae
3170 3189 3291 3247 po—

1714 3263 1907 3319 culum
1931 3263 2100 3320 suisse
2126 3263 2476 3321 ebibendum
2501 3262 2734 3319 tradidit
2770 3263 2944 3319 etiam
2985 3260 3188 3317 Pollux
3216 3259 3287 3330 6,

808 3329 863 3366 ²⁰
1724 3369 1871 3424 107:
1897 3352 1927 3409 ὁ
1955 3348 2051 3427 μὲν
2081 3348 2244 3418 λύσας
2269 3348 2427 3428 γέρας
2458 3339 2573 3428 εἶχε
2590 3351 2756 3428 κρεῶν
2785 3369 2901 3406 τινα
2922 3344 3287 3428 περιφορὰν,ὁ

124 3425 318 3482 Athen.
349 3444 377 3482 1
396 3443 453 3495 1,
478 3442 547 3499 p.
577 3419 795 3498 459,A
820 3440 837 3482 :
866 3416 979 3480 ἐπεὶ
1005 3416 1061 3478 δὲ
1095 3415 1281 3490 ἱκανὴν
1313 3419 1621 3499 παράὸασιν
1718 3437 1774 3497 δὲ
1808 3436 2143 3511 &vaoetviwc
2169 3435 2343 3513 ἅλμης
2364 3436 2614 3517 ποτήριον
2650 3435 2871 3497 ἐκπιεῖν

112 3510 373 3587 mediis&
416 3507 541 3589 περὶ
575 3510 679 3566 τῶν
715 3507 937 3588 γρίφων,
976 3505 1185 3567 λεκτέον
1226 3505 1331 3579 ἤδη
1368 3505 1460 3567 καὶ
1490 3505 1619 3582 ,τίνα

114 3599 253 3656 itam
276 3599 539 3676 ὑπέμενον
566 3598 614 3656 οἱ
651 3595 729 3672 μὴ
760 3593 1011 3663 λύσαντες
1036 3593 1125 3654 τὸν
1153 3593 1468 3672 προτεθέντα
1508 3600 1622 3672 γρῑ-
2163 3598 2434 3660 XXXIX,
2479 3595 2854 3659 ΓΛΑΥΚΟΣ.

121 3705 165 3740 w·
188 3687 355 3748 ἔπινον
404 3679 553 3745 οὗτοι
588 3683 766 3760 ἅλμην
810 3681 1290 3763 παραμισγομένην
1328 3685 1405 3762 τῷ
1448 3682 1623 3740 αὐτῶν

122 3777 227 3852 πῷ,
256 3777 345 3834 καὶ
372 3776 481 3834 ἔδει
504 3772 955 3854 προσενέγκασθαι
988 3771 1051 3830 τὸ
1085 3769 1339 3850 ποτήριον
1370 3770 1622 3845 ἁπνευσὶ,
1793 3773 2002 3833 Pollux
2028 3773 2096 3847 3,
2134 3774 2208 3843 43
2227 3817 2244 3848 ,
2271 3773 2347 3832 de
2372 3775 2553 3832 verbo
2593 3769 3014 3852 διαπαρθενεύειν
3053 3788 3226 3848 agens
3272 3791 3286 3827 :

124 3861 273 3926 ς’Ᾰντ.
298 3865 454 3936 δηλοῖ
474 3864 531 3922 ἐν
560 3861 861 3938 Γανυμήδει
887 3861 973 3920 διὰ
1000 3859 1220 3920 τούτων·
1713 3859 2082 3943 Ἀριστοφάνης
2110 3861 2338 3943 Γλαύκῳ
2371 3887 2396 3914 ι
2425 3860 2684 3941 Καλύψας
2710 3857 3056 3936 καλύμματος
3092 3855 3290 3939 τριὸω-

1712 3949 1808 4030 νίῳ
1832 3949 2258 4030 διεπαρθένευσα.
2297 3975 2321 4002 n
2353 3953 2462 4008 Ηίο
2493 3969 2726 4026 quoque
2759 3949 3150 4024 Aristophanis
3179 3969 3292 4005 no-

1712 4059 1843 4096 men
1868 4058 1980 4115 pro
2003 4040 2324 4115 Antiphane
2345 4041 2624 4114 scriptum
2657 4057 2774 4094 esse
2795 4038 2942 4094 vidit
2969 4038 3170 4108 Mein.,
3193 4041 3296 4111 qui

212 4101 335 4170 λίαν
362 4106 609 4196 ἐρωτᾷς.
648 4104 713 4187 β.
756 4095 909 4167 AD?
941 4101 1060 4194 ἐγὼ
1110 4107 1313 4190 σαφῶς
1343 4095 1569 4190 φράσω·
1710 4146 1821 4203 pro
1846 4125 2088 4206 καλύψας
2123 4124 2469 4203 καλύμματος
2501 4127 2701 4183 maluit
2727 4122 3118 4204 καλυψάμενος.
3164 4123 3292 4181 Hoc

210 4035 295 4046 --
324 4023 385 4064 α.
418 3993 611 4088 Οἷμοι
632 4044 653 4083 ,
682 3991 1056 4088 περιπλοκὰς

214 4207 323 4286 Τῆς
358 4211 632 4302 ἁρπαγῆς
658 4215 767 4272 τοῦ
793 4199 1018 4281 παιδὸς
1047 4205 1101 4270 εἰ
1129 4202 1407 4286 ξύνοισθά
1433 4227 1497 4268 τι
1518 4249 1537 4288 ,
1716 4227 1956 4292 accepto
1985 4217 2306 4290 scripserim

602 4387 1077 4446 GANYMEDES.
1757 4387 1791 4438 5
1827 4382 2084 4455 griphum
2112 4381 2264 4438 hunc
2290 4381 2550 4454 proponis
2571 4379 2924 4448 solvendum,
2953 4377 3174 4435 domine
3191 4419 3208 4447 ‚

812 4479 864 4532 1.
1831 4485 2086 4544 quaerens
2103 4468 2174 4526 de
2199 4469 2532 4526 conscientia
2558 4467 2739 4541 aliqua
2763 4481 2884 4523 mea
2905 4472 3095 4537 raptus
3121 4463 3296 4537 pueri,

148 4554 277 4637 hum
293 4565 490 4624 aedium
520 4563 851 4633 (videsne?)
882 4561 942 4620 in
970 4573 1080 4618 una
1104 4559 1328 4634 quidem
1828 4572 1903 4613 an
1929 4555 2062 4629 quid
2084 4563 2195 4622 est,
2220 4553 2368 4628 quod
2385 4553 2759 4611 ais?b.1ntus
2781 4551 2980 4624 aliquis
3001 4549 3194 4607 efferat

149 4640 449 4728 {Ugumrex
472 4652 721 4720 habitat,
1833 4644 2018 4702 lorum
2050 4645 2176 4702 cito.
2209 4659 2260 4701 a.
2293 4642 2457 4717 Quod
2484 4641 2634 4700 haud
2661 4641 2880 4699 novi....
2909 4639 2969 4696 b.
2991 4641 3261 4697 Fortasse.

128 4751 225 4803 m
244 4758 519 4810 mot-uem,
542 4737 869 4799 Laomedon
894 4735 1143 4796 nomine.
1830 4747 1882 4789 a.
1905 4735 1989 4789 De
2011 4745 2077 4788 eo
2097 4728 2319 4788 tandem
2348 4745 2437 4788 me
2455 4729 2650 4803 punis?
2669 4727 2726 4785 b.
2749 4727 3009 4796 Μίῐιὶπιο,

806 4830 863 4884 2.
1672 4745 1683 4930 1
1726 4824 1796 4876 10
1832 4817 1930 4876 sed
1949 4833 2106 4890 aquae
2127 4817 2352 4876 marium
2375 4815 2632 4889 poculum
2653 4813 2858 4887 aliquis
2883 4820 3149 4887 apportet.
3183 4843 3248 4856 -

178 4953 237 4964 -—
266 4935 317 4976 a.
346 4920 493 4986 Heu,
524 4932 623 4989 per
643 4913 901 4986 ambages
1830 4907 1978 4965 Sein’
2003 4914 2065 4962 tu
2093 4907 2279 4978 igitur,
2302 4921 2401 4963 cur
2427 4905 2536 4962 hoe
2561 4903 2780 4961 ebibere
2807 4903 3036 4960 debeas?
3055 4918 3106 4958 a.
3139 4900 3262 4958 Scio

174 5007 331 5064 nimie
352 5005 578 5078 quaeris.
604 5001 663 5060 b.
684 5001 861 5074 Igitur
888 5005 1073 5072 aperte
1097 4994 1305 5053 dicam·
1670 4933 1683 5090 Ι
1830 5011 1964 5053 sane
1993 4994 2388 5069 propemodum
2405 5037 2420 5065 ,
2445 5002 2508 5051 ut
2531 4990 2756 5065 aliquod
2775 4991 2873 5047 tibi
2891 4991 3018 5048 dem
3039 4989 3256 5063 pignus.

176 5099 227 5154 si
259 5107 589 5167 quoeunque
619 5090 787 5148 modo
807 5088 1057 5146 conscius
1082 5101 1143 5144 es
1158 5093 1353 5159 raptus
1378 5080 1557 5156 pueri,
1830 5085 2064 5140 Nonne?
2091 5081 2148 5139 b.
2169 5081 2272 5140 Sed
2296 5080 2508 5139 reflexis
2529 5081 2589 5137 iu
2615 5088 2834 5153 tergum
2853 5075 3107 5136 manibus
3127 5075 3229 5133 tibi

174 5185 279 5240 cito
310 5191 365 5239 te
398 5187 619 5254 oportet
654 5177 869 5246 dicere,
906 5175 1221 5248 priusquam
1260 5167 1629 5243 suspendaris.
1830 5169 2130 5244 potandum
2157 5179 2238 5228 est
2263 5185 2378 5228 uno
2399 5168 2617 5228 haustu,

1161 5265 1239 5330 [a.
1264 5261 1467 5318 Utrum
1494 5256 1629 5314 mibi
1674 5277 1679 5288 ·
