3809 5850
466 458 576 512 122

557 621 655 632 -
680 576 902 667 Σκέψαι
930 570 1002 643 δέ
1044 603 1155 669 μου

555 689 625 753 τὸ
662 686 982 779 μέτωπον,
1020 684 1072 751 εἰ
1109 683 1330 773 θέρμην
1359 682 1580 775 ἔχουσα
1614 678 1923 773 τυγχάνω.

458 813 651 891 Θέρμῃ
664 856 681 883 ,
699 830 822 867 non
842 807 1034 888 θέρμοι,
1058 810 1337 885 genuinos
1358 808 1577 865 Atticos
1598 806 1805 863 dixisse
1824 816 2028 863 auctor

456 912 539 959 est
564 898 923 975 Phrynichus
942 896 1095 973 Epit.
1126 915 1188 972 Ρ.
1216 895 1289 955 33
1302 916 1353 967 ι,
1382 894 1487 951 ubi
1511 912 1567 949 v·
1589 892 1845 951 Lobeck.

1166 1008 1219 1067 3.
1305 1015 1362 1076 4.

456 1076 467 1085 ο
537 1124 780 1203 ldemp.
810 1144 958 1199 1170
986 1144 1003 1182 ε
1032 1027 1335 1201 stygium&
1356 1120 1448 1181 καὶ
1476 1118 1794 1188 καθίζανε.
1827 1118 1903 1176 Φ.

554 1250 805 1311 Δεῖπνον
838 1235 1281 1336 παρασκεύαζε·
1310 1239 1383 1307 σὺ
1418 1233 1489 1307 δὲ
1524 1232 1823 1316 καθίζανε.

464 1374 532 1429 Et
556 1390 615 1447 p.
656 1390 832 1445 1171,
862 1390 931 1429 ex
956 1371 1163 1429 eodem
1184 1368 1355 1427 affert
1385 1367 1615 1424 verbale
1640 1362 2020 1423 καθεστὲον.

1230 1483 1289 1538 5.

535 1593 698 1652 Idem
718 1614 781 1673 p.
818 1592 967 1668 1745
998 1611 1015 1654 τ
1053 1591 1145 1649 καὶ
1186 1498 1408 1671 ιῗρίτον
1444 1588 1584 1657 ἔτος
1620 1586 1858 1667 λέγωσιν
1890 1588 2028 1667 (in-

458 1684 576 1742 tell.
605 1683 653 1741 οἱ
682 1680 939 1761 Ἀττυιοί)
960 1724 981 1757 ,
1010 1678 1131 1763 οὐχὶ
1158 1677 1319 1761 τρίτῳ
1344 1677 1473 1741 ἔτει.
1502 1680 1585 1743 Φ.

550 1837 642 1850 ··-
666 1825 731 1869 α.
768 1799 929 1868 Πότε.
964 1796 1121 1892 (τε)
1151 1799 1221 1865 σὺ

550 1906 808 1983 ἤκουσας
834 1909 1048 1991 αὐτοῦς
1086 1908 1149 1990 β.
1182 1904 1561 1997 Πρωπέρυσιν
1585 1900 1625 1975 ἢ
1644 1892 1775 1979 ’τος
1796 1899 2019 1992 τρίτον.

458 2036 799 2092 Immisimus
837 2032 894 2092 τὲ
922 2046 981 2093 et
1022 2030 1058 2104 ἢ
1075 2077 1094 2111 ,
1138 2052 1387 2109 qnorum
1413 2034 1543 2103 illo,
1581 2031 1740 2106 quod
1780 2031 2032 2087 hauserit

460 2144 517 2180 τε
554 2124 769 2198 syllaba
786 2164 806 2195 ,
840 2123 1061 2199 indiget
1094 2141 1288 2179 versus
1306 2162 1325 2193 ‚
1354 2122 1469 2178 hoc
1497 2116 1535 2190 ἢ
1567 2116 1705 2189 ’τος,
1728 2138 1841 2196 pro
1881 2116 2028 2189 ἔτος,

460 2213 757 2271 sententia.
789 2212 953 2269 Libri
986 2208 1341 2291 προπέρυσιν,
1367 2209 1466 2266 sed
1500 2205 1855 2283 Phrynichus
1880 2207 2028 2265 Bek-

456 2301 583 2355 keri
619 2319 678 2375 p.
718 2302 819 2371 60,
848 2302 923 2359 32
957 2296 1381 2378 επρωπὲρυσι
1408 2295 1496 2355 διὰ
1522 2300 1615 2355 τοῦ
1642 2319 1687 2355 ω
1714 2294 1952 2373 λέγουσιν
1981 2297 2028 2354 οἱ

460 2383 744 2457 Ἀθηναῖοι.
776 2390 1007 2447 Rectius
1030 2387 1260 2445 videtur
1280 2386 1565 2447 Meinekio
1596 2383 1948 2464 πρῳπέρυσιν.

1190 2679 1301 2738 ῙΧ.

954 2822 1539 2892 TELECLIDES.

546 3007 571 3032 α
597 2981 807 3038 Iisdem
834 2981 1011 3039 ferme
1034 2981 1391 3058 temporibus
1406 3021 1427 3052 ,
1458 2981 1667 3057 quibus
1688 2981 1952 3040 Cratinus
1973 2993 2030 3039 et

436 3067 997 3142 -Cratoessoruerunt,
1012 3073 1157 3128 vixit
1169 3073 1475 3128 Telecle'des
1487 3071 1867 3144 Atheniensis,
1879 3089 2030 3127 acer·

458 3159 565 3214 hus
585 3159 814 3215 Periclis
831 3157 1207 3228 adversarius,
1230 3170 1294 3214 ut
1317 3169 1509 3214 narrat
1526 3158 1861 3214 Plutarchus
1878 3156 2032 3214 Peri·

457 3245 545 3302 ele
564 3265 614 3302 c.
634 3245 667 3300 3
687 3255 745 3302 et
768 3246 862 3316 16,
884 3245 987 3301 ubi
1006 3248 1105 3320 qui
1124 3247 1442 3302 afferuntur
1454 3247 1719 3319 anapaesti
1734 3245 1809 3318 (v,
1828 3245 2029 3320 fragm.

456 3333 659 3392 incert.
682 3328 749 3408 4)
786 3333 951 3390 brevi
984 3345 1118 3408 post
1138 3334 1435 3408 expulsum
1473 3331 1896 3406 Thucydidem,
1929 3333 2031 3388 Mi·

454 3420 601 3476 lesiae
635 3418 852 3490 filium,
901 3422 1099 3495 scripti
1139 3421 1433 3492 videntur,
1474 3421 1531 3478 h.
1563 3439 1617 3480 e.
1647 3431 1777 3495 post
1812 3421 2030 3495 olymp.

456 3505 555 3578 83,
586 3516 619 3578 4
647 3507 732 3586 (a.
756 3514 871 3576 444
894 3520 1027 3566 ante
1049 3509 1186 3567 Chr.
1214 3521 1332 3567 nat.
1348 3485 1579 3587 ).1den}1
1600 3509 1845 3564 Pericles
1864 3506 2028 3564 ride-

457 3605 553 3651 tur
576 3608 816 3671 propter
840 3593 1075 3675 κεφαλὴν
1100 3594 1459 3655 ἑνδεκάκλινον
1482 3597 1801 3672 fragmento
1827 3598 1940 3653 inc.
1966 3595 2026 3665 6,

456 3685 559 3756 qui
588 3685 782 3754 locus,
828 3683 1317 3758 quemadmodum
1359 3685 1506 3740 alter
1537 3685 1665 3758 ille,
1697 3683 1928 3740 sortasse
1959 3699 2028 3737 ex

454 3773 721 3828 Hesiodis
736 3773 949 3845 petitus
966 3783 1070 3842 est,
1092 3773 1155 3826 in
1174 3790 1289 3846 qua
1309 3771 1498 3828 fabula
1522 3769 1759 3828 Periclis
1774 3772 2028 3846 Olympii

454 3869 517 3914 et
568 3858 855 3932 Chrysillae
902 3876 1129 3915 amores
1175 3861 1425 3934 attigisse
1468 3859 1809 3916 Teleclidem
1858 3857 2029 3916 docet

456 3945 759 4002 Athenaeus
796 3964 888 4016 10,
918 3965 979 4021 Ρ.
1026 3947 1167 4017 436,
1208 3949 1275 4004 F.
1307 3948 1521 4004 Contra
1560 3947 1765 4004 eximie
1804 3946 2030 4002 favebat

456 4034 631 4090 Niciae
650 4053 663 4088 :
682 4053 739 4092 v.
756 4035 960 4110 fragm.
982 4035 1185 4095 incert.
1204 4034 1237 4090 3
1249 4053 1271 4090 1
1284 4078 1300 4094 .
1320 4035 1563 4094 Fabulas
1577 4035 1793 4105 docuit,
1808 4036 1855 4090 si
1867 4038 2030 4091 Ano-

459 4317 529 4329 —
550 4289 722 4344 Teuta
750 4303 877 4344 vero
899 4287 1035 4344 mihi
1065 4207 1331 4356 ἱποιιῗὲιιι,
1357 4304 1427 4345 an
1455 4287 1683 4346 caleam.

460 4463 685 4519 Coenam
706 4473 937 4532 appara3
962 4427 1035 4518 tu·
1054 4475 1183 4519 vero
1198 4380 1450 4519 {thaide

455 4633 884 4695 considendum.
1194 4553 1288 4605 9⁴·

1190 4727 1282 4782 9⁵.

457 4841 511 4850 —
536 4823 587 4862 a.
614 4809 687 4863 Et
706 4807 927 4880 quando
953 4815 1015 4866 tu

460 4893 517 4950 id
540 4909 605 4951 ex
628 4909 693 4952 eo
720 4891 955 4951 audisti?
981 4894 1035 4951 b.
1066 4899 1217 4953 lntra
1238 4895 1521 4954 biennium
1541 4895 1623 4954 vel
1646 4896 1968 4954 triennium.

946 4986 1538 5043 AMPHICTYONES.

568 5159 756 5220 Dicam
786 5158 951 5231 igitur
984 5157 1056 5216 de
1085 5158 1191 5214 vita
1211 5077 1241 5226 ‚¹
1252 5113 1419 5230 huam
1442 5159 1597 5217 initio
1620 5159 1799 5232 paravi
1820 5167 2023 5301 {norta-

1826 5249 1844 5316 [
1876 5246 2022 5304 ihus.

1454 438 1858 501 coMOEmAE
1902 434 2234 501 VETnms
2275 434 2686 510 RELIQUIAE.

2117 586 2290 643 nymo
2317 570 2404 625 De
2432 567 2714 625 comoedia
2737 586 2796 642 p.
2833 584 2936 625 xiv
2971 564 3140 640 fides,
3187 586 3428 626 numero
3459 588 3580 640 sex,
3613 576 3666 629 in

2118 657 2328 732 quibus
2345 656 2579 713 sortasse
2604 655 2714 711 fuit
2731 657 2904 713 etiam
2917 674 2988 713 ea
3004 674 3178 730 quam
3195 660 3446 732 spuriam
3464 671 3667 717 veteres

2118 745 2302 801 critici
2312 743 2720 816 judicaverunt
2747 744 2839 819 (v.
2871 743 2944 806 fr.
2976 744 3176 802 incert.
3213 743 3342 823 16).
3375 748 3543 803 Tituli
3569 751 3666 825 ipsi

2115 832 2444 889 fabularum
2459 842 2982 888 commemorantur
3003 832 3277 908 quinque,
3295 830 3668 914 Ἀμφικτύονες,

2118 918 2409 999 Ἀψευδεῖς,
2449 916 2692 979 Ἧσίοδοι
2706 964 2724 997 ,
2769 916 3060 996 Πρυτάνεις
3075 962 3092 991 ,
3137 919 3358 1001 Στερροὶ
3373 965 3390 993 ,
3441 942 3671 997 quarum

2117 1010 2324 1067 Suidas
2359 1028 2420 1067 v.
2450 1006 2809 1081 Τηλεκλείδης
2845 1011 3160 1086 exsignavit
3195 1022 3310 1069 tres
3347 1016 3566 1071 nonnisi
3609 1035 3674 1072 ex

2119 1098 2390 1155 Athena-o
2417 1098 2526 1155 sibi
2549 1098 2830 1173 cognitas,
2851 1094 3029 1177 Ἀμφ.,
3057 1098 3246 1175 Πρυτ.,
3269 1111 3330 1157 et
3351 1098 3620 1179 Στιρροῦς.
3649 1128 3674 1153 ιι

2118 1187 2202 1243 Ex
2229 1188 2406 1247 Mein.
2430 1187 2580 1247 nist.
2610 1187 2740 1243 crit.
2767 1186 2930 1247 Com.
2956 1204 3020 1263 p.
3045 1185 3146 1260 86,
3169 1186 3272 1259 87,
3303 1187 3466 1263 cujus
3481 1192 3588 1247 viri
3609 1192 3676 1247 de

2122 1276 2359 1353 singulis
2409 1277 2780 1350 quaestionem
2831 1277 3092 1333 criticam
3137 1276 3313 1335 habes
3359 1298 3420 1355 p.
3474 1277 3676 1355 87-90.

2120 1366 2474 1440 Argumenta
2495 1366 2752 1421 omnium
2771 1365 2974 1421 harum
2991 1364 3316 1423 fabularum
3339 1368 3415 1423 ob
3437 1370 3681 1443 paucita-

2121 1460 2234 1508 tem
2261 1462 2614 1511 servatorum
2641 1470 2912 1511 versuum
2943 1452 3205 1512 obscura.

2570 1589 2615 1649 1.
2651 1588 3234 1650 ΔΜΦῙΚΤΥΟΝΕΣ.

2876 1749 2930 1793 1.

2201 1860 2410 1921 Athen.
2445 1860 2506 1932 6,
2529 1880 2593 1937 Ρ.
2622 1860 2763 1931 268,
2791 1862 2868 1931 Β,
2905 1860 3184 1939 appositis
3207 1858 3424 1919 Cratini
3451 1870 3510 1917 et
3549 1858 3684 1919 Cra-

2123 1950 2250 2006 tetis
2272 1950 2483 2024 eclogis
2501 1947 2736 2027 περὶτοῦ
2768 1945 2994 2025 ἀρχαίου
3023 1944 3138 2027 βίου
3156 1991 3174 2021 ,
3204 1948 3283 2004 ita
3305 1948 3536 2022 pergit:
3565 1944 3686 2024 βίλ-

2122 2056 2230 2093 τιον
2249 2034 2305 2093 δὲ
2329 2033 2525 2094 τούτων
2547 2034 2616 2115 (Τ)
2643 2032 3006 2107 Τηλεκλείδης
3029 2031 3370 2115 Ἀμφικτύοσι
3393 2034 3532 2110 (sub
3553 2053 3690 2109 per-

2121 2144 2260 2184 sona
2280 2128 2528 2199 Natura,
2555 2127 2660 2183 nisi
2689 2122 2888 2201 fallor)
2910 2141 2925 2156 ·

2269 2224 2438 2311 Λέξω
2463 2227 2664 2294 τοίνυν
2702 2226 2857 2315 βίον,
2883 2216 2948 2303 ἐξ
2971 2222 3159 2317 ἀρχῆς
3189 2218 3254 2289 ὃν
3275 2222 3395 2315 ἐγὼ
3423 2220 3692 2295 Θνητοῖσι

3375 2336 3690 2419 παρεῖχον.

2273 2438 2492 2531 Εἰρήνη
2548 2440 2656 2529 μὲν
2698 2444 2938 2531 πρῶτον
2995 2433 3286 2503 ἁπάντων
3353 2431 3426 2507 ἧν
3489 2438 3692 2527 ὥσπερ

3083 2534 3242 2629 ὕδωρ
3273 2536 3436 2605 κατὰ
3460 2541 3694 2632 χειρός·

2269 2656 2306 2725 ἡ
2353 2660 2432 2743 γῆ·
2488 2640 2550 2715 δ’
2601 2645 2748 2743 ἔφερ’
2777 2652 2843 2715 οὐ
2872 2642 3039 2733 δέος,
3081 2639 3218 2714 οὐδὲ
3269 2644 3505 2725 νόσους,
3547 2648 3692 2713 ἀλλ’

2908 2748 3204 2845 αὐτόματ’
3231 2748 3302 2823 ἧν
3332 2750 3414 2815 τὰ
3445 2742 3692 2817 δέοντα·

2268 2860 2405 2952 οἴνῳ
2447 2859 2559 2956 γὰρ
2591 2862 2776 2932 ἅπασ’
2832 2862 2978 2954 ἔρρει
3017 2851 3333 2954 χαραδρα,
3384 2852 3580 2951 μᾶζαι
3631 2852 3698 2924 δ’

3151 2963 3352 3059 ἄρτοις
3383 2964 3704 3056 ἐμάχοντο

2177 3073 2216 3145 5
2268 3077 2408 3170 περὶ
2454 3083 2582 3154 τοῖς
2639 3075 2935 3168 στόμασιν
2986 3083 3111 3140 τῶν
3166 3072 3494 3166 ἀνθρώπων
3513 3121 3534 3157 ,
3579 3074 3706 3140 ἱκε-

2961 3173 3284 3248 τεύουσαι*
3313 3177 3706 3258 καταπίνειν,

2270 3287 2324 3354 εἴ
2352 3313 2418 3354 τι
2449 3293 2678 3379 φιλοῖεν
2721 3283 2834 3364 τὰς
2862 3287 3232 3363 λευκοτάτας
3249 3309 3266 3326 ·
3297 3285 3357 3350 οἱ
3395 3277 3455 3350 δ’
3503 3281 3708 3376 ἰχθύες

3221 3381 3416 3458 οἴκαδ’
3433 3383 3469 3420 ⁴*
3509 3389 3712 3466 ἰόντες

2275 3493 2644 3576 ἐξοπτῶντες
2674 3500 2828 3589 σφᾶς
2861 3497 3074 3576 αὐτοὺς
3111 3492 3181 3562 ἃν
3217 3491 3567 3589 παρέκειντ’
3599 3497 3712 3562 ἐπὶ

3141 3610 3310 3670 ταῖσι
3337 3595 3714 3693 τραπέζαις.

2266 3709 2486 3801 Ζωμοῦ
2517 3700 2579 3773 δ’
2621 3709 2772 3800 ἔρρει
2809 3704 2971 3801 παρὰ
3001 3704 3112 3785 τὰς
3159 3707 3365 3784 κλίνας
3413 3709 3716 3796 ποταμὸς

2964 3815 3107 3907 κρέα
3137 3809 3324 3906 θερμὰ
3353 3805 3680 3878 κυλίνδων
3701 3839 3720 3854 ·

2265 3918 2772 4016 ὑποτριμματίων
2799 3910 2860 3984 δ’
2893 3917 3101 4012 ὀχετοὶ
3130 3920 3364 3984 τούτων
3395 3923 3536 3994 τοῖς
3571 3921 3724 4002 βου-

3036 4016 3350 4108 λομένοισι
3389 4025 3728 4108 παρῆσαν,

2227 4202 2337 4258 Pax
2352 4198 2576 4273 quidem
2596 4200 2839 4272 primum
2858 4198 3108 4257 omnium
3126 4196 3232 4256 fuit
3248 4197 3398 4254 velut
3414 4212 3570 4269 aqua
3595 4215 3732 4257 ma-

3214 4286 3328 4355 [nui
3347 4285 3690 4356 (lavandae)
3709 4309 3730 4356 ς

2221 4381 2368 4431 terra
2383 4381 2566 4431 autem
2587 4371 2724 4429 nihil
2747 4371 3103 4430 metuendum
3121 4365 3397 4446 gignebat,
3417 4387 3534 4428 nec
3551 4389 3732 4432 mor-

2595 4466 2616 4532 [
2637 4461 2754 4530 bos,
2777 4460 2877 4519 sed
2897 4469 3092 4534 sponte
3109 4459 3336 4520 aderant
3351 4465 3732 4521 necessaria.

2222 4551 2366 4607 Vino
2405 4552 2555 4608 enim
2583 4550 2791 4608 fluebat
2835 4557 3050 4608 torrens
3065 4591 3084 4620 ,
3123 4564 3401 4620 mazaeque
3425 4565 3568 4606 cum
3621 4567 3738 4624 pa-

3153 4635 3343 4707 [nibus
3373 4637 3740 4709 pugnahant

2151 4732 2186 4783 5
2220 4725 2290 4784 de
2315 4725 2508 4784 oribus
2535 4727 2805 4792 virorum,
2835 4733 3089 4799 rogantes
3109 4733 3174 4783 ut
3193 4741 3254 4782 se
3281 4723 3580 4794 inderent,

2219 4813 2264 4870 si
2279 4811 2420 4870 forte
2443 4811 2830 4872 candidissima
2852 4819 3127 4880 amarent3
3147 4813 3434 4886 piscesque
3457 4809 3736 4870 domum

3401 4899 3740 4965 [euntium

2219 5001 2278 5042 se
2297 4986 2400 5059 ipsi
2427 4993 2669 5043 assantes
2689 4985 3016 5059 adjacebant
3037 4986 3096 5042 in
3125 4984 3347 5042 mensis.

2222 5075 2255 5129 J
2259 5072 2436 5131 usculi
2475 5081 2660 5130 autem
2715 5072 2916 5130 cubilna
2955 5071 3436 5143 circunismpebat
3487 5071 3742 5132 ssunien

2957 5163 3182 5226 [carnes
3211 5157 3410 5214 calidas
3434 5158 3704 5216 volvens
3725 5203 3740 5224 .

2225 5255 2282 5306 et
2303 5247 2620 5306 intritorum
2650 5247 2750 5305 rivi
2779 5247 3124 5321 cupientibus
3150 5245 3554 5316 occurrebant,
