3809 5850
1699 424 2041 487 EUPOLlS.

243 551 490 625 gantiam
519 546 901 605 aedificiorum
917 591 932 618 ‚
959 550 1056 605 sed
1081 550 1289 606 civium
1313 570 1478 609 eausa
1503 553 1681 611 καλῶν
1715 554 1828 611 κᾶ-

247 638 442 712 γαθῶν.
475 640 566 697 De
593 639 850 713 genitivo
882 656 1062 695 causae
1088 658 1146 699 V.
1176 640 1393 697 indices
1419 653 1648 699 nostros
1677 661 1824 719 poe-

246 741 428 785 tarum
445 730 833 798 scenicorum,
859 738 970 788 etc.
986 730 1293 788 Hermann.
1313 732 1522 806 Opusc.
1549 730 1604 803 5,
1622 750 1682 807 p.
1708 730 1822 806 195

245 818 552 892 supplebat
583 816 827 893 πάρεστι.
869 818 940 872 V.
988 836 1020 874 1
1052 817 1184 875 cod.
1230 818 1374 892 ὑμῖν.
1408 823 1473 877 V.
1505 818 1563 878 3.
1603 844 1628 870 κ
1673 823 1822 895 Apte

247 908 488 981 Raspius
511 914 812 979 comparat
824 903 991 962 Pind.
1007 906 1237 981 Olymp.
1267 924 1318 975 1,
1343 925 1420 961 10
1441 924 1457 963 :
1480 904 1641 981 δέμας
1665 904 1818 963 ἀκέν-

241 1016 398 1064 τητον
446 995 500 1052 ἐν
537 991 782 1071 δρόμοισι
829 989 1104 1072 παρέχων,
1142 995 1244 1050 ubi
1291 996 1595 1053 Boeckhius
1651 996 1820 1053 affert

245 1084 390 1141 Plat.
435 1082 632 1139 Phaed.
678 1100 743 1157 p.
777 1080 918 1150 153,
967 1084 1042 1151 D,
1085 1078 1354 1152 ἅπληκτος
1401 1080 1596 1159 ἵππος,
1631 1080 1814 1142 κελεύ-

241 1196 410 1251 σματι
435 1170 592 1249 μόνον
619 1172 712 1230 καὶ
733 1170 875 1252 λόγῳ
899 1170 1283 1253 ἠνιοχούμενος.
1309 1200 1336 1226 n
1365 1178 1457 1233 M.

317 1384 558 1443 Photius
593 1403 652 1460 p.
683 1383 800 1453 654
822 1400 839 1442 ε
865 1380 1022 1453 Ψιλὴ
1049 1385 1118 1463 γῆ
1152 1403 1167 1442 t
1197 1386 1229 1457 ἡ
1253 1384 1327 1463 μὴ
1351 1388 1735 1469 πεφυτευμένη.

333 1502 754 1593 Πειρυτευμένη
781 1495 824 1568 δ

235 1628 493 1689 Πόλεσιν.
517 1630 733 1685 Vitiose
757 1625 1051 1707 111101ψιλὴ
1074 1624 1252 1703 μόνον,
1277 1641 1344 1686 111
1357 1632 1566 1689 Athen.
1590 1650 1654 1707 p.
1685 1650 1817 1707 191,

231 1720 318 1789 Ε,
351 1718 494 1790 367,
525 1719 602 1792 C;
647 1716 797 1786 453,
831 1718 908 1789 Ρ,
941 1717 1092 1789 480,
1135 1720 1206 1779 F.
1251 1717 1497 1793 (Contra
1524 1718 1680 1795 μόνον
1703 1739 1813 1797 pro

228 1810 423 1877 μενοῦν
481 1806 882 1881 reponendum
938 1804 1170 1879 videtur
1224 1807 1382 1883 apud
1426 1808 1814 1865 Philemonem

229 1896 446 1953 Athen.
479 1902 576 1966 14,
597 1915 662 1972 Ρ.
691 1894 832 1971 659,
857 1890 958 1973 Β.)
990 1894 1194 1953 Μενοῦν
1221 1898 1392 1952 etiam
1414 1898 1538 1954 aliis
1561 1899 1621 1952 in
1647 1916 1814 1953 111011-

231 1992 351 2039 tem
377 1983 576 2058 venit,
619 1980 720 2039 sed
754 1983 926 2057 plura
956 1993 1168 2040 temere
1194 1985 1568 2043 mutantibus.
1613 2009 1638 2034 ι
1674 1986 1814 2042 For-

233 2090 338 2129 san
375 2068 412 2141 ἢ
447 2068 762 2150 ’ψιλωμένψ
795 2074 1059 2129 Sterilem
1083 2073 1334 2149 aliquam
1363 2074 1558 2131 dicere
1587 2074 1813 2131 videtur

226 2161 514 2231 insulam,
565 2160 1004 2217 Atheniensibus
1037 2161 1402 2233 foederatam,
1455 2181 1514 2221 v,
1559 2182 1612 2222 c.
1661 2163 1809 2219 Seri-

225 2250 432 2324 phum.
457 2248 542 2317 Γῆ
571 2266 764 2327 πιφυτ.
797 2259 857 2321 et
884 2244 1012 2327 ψιλὴ
1055 2250 1315 2323 similiter
1337 2250 1429 2305 vel
1465 2250 1798 2323 conjuncta,

229 2338 322 2394 vel
344 2338 642 2413 opposita,
668 2338 921 2415 inyenias
945 2338 1238 2396 Demosth.
1267 2340 1438 2413 Lept.
1463 2357 1524 2413 p.
1554 2344 1688 2411 491,
1711 2357 1813 2410 17,

227 2426 508 2481 Themist.
537 2426 695 2484 Orat.
726 2442 793 2495 1,
833 2444 900 2500 Ρ.
934 2426 1033 2497 18,
1067 2429 1142 2497 Ε;
1174 2424 1273 2496 13,
1303 2446 1366 2501 Ρ.
1399 2427 1538 2500 198,
1587 2428 1665 2501 C,
1708 2427 1806 2482 Li-

229 2513 470 2569 banimn
500 2532 552 2583 1,
575 2532 638 2589 p.
672 2512 744 2569 61
761 2533 784 2570 1
818 2514 1033 2585 Reisk„
1057 2526 1123 2570 ut
1150 2515 1385 2571 Porson.
1417 2526 1472 2571 et
1497 2514 1678 2573 Dobr.
1706 2532 1803 2570 an·

225 2612 598 2661 notaverunt.
631 2626 658 2651 ι·
689 2602 740 2657 Ε
770 2604 859 2659 M.
890 2604 976 2664 cf.
1011 2603 1278 2679 Xenoph.
1307 2604 1492 2662 Anah.
1527 2623 1580 2673 1,
1617 2600 1674 2672 5,
1705 2602 1760 2661 5.

305 2822 694 2895 Harpocratio
719 2840 780 2895 p.
825 2828 928 2892 14,
967 2840 1041 2878 11
1075 2842 1088 2875 :
1120 2818 1506 2897 μνημονεύουσι
1529 2821 1583 2879 δὲ
1617 2824 1665 2878 οἱ
1697 2843 1804 2877 κω-

227 2908 374 2983 puzol
398 2906 658 2978 πολλάκις
674 2910 780 2969 τῶν
803 2910 972 2990 ἀμορ
985 2908 1048 2986 γί
1057 2933 1084 2968 ν
1097 2933 1202 2992 ων,
1230 2911 1302 2975 ὣς
1321 2907 1414 2966 καὶ
1433 2899 1817 2986 Ἀριστοφάνης

225 2995 568 3077 Λυσιστράτῃ
599 2999 774 3080 (150)
829 3000 920 3059 καὶ
951 3003 1020 3060 Ε.
1057 3003 1132 3062 Π.
1167 3028 1188 3053 α
1223 3001 1598 3060 Probabimer
1627 3007 1800 3080 Rasp.

223 3107 288 3164 p.
321 3085 402 3146 88
446 3087 733 3160 conjecit,
767 3091 884 3146 haec
926 3090 1002 3147 ad
1043 3093 1361 3166 Amorgum
1405 3093 1646 3148 insulam
1683 3112 1805 3168 spe-

221 3186 404 3235 ctare.
441 3199 468 3225 ³
497 3177 554 3231 E
573 3178 662 3235 M.

825 1498 1272 1535 ,,,,

991 3257 1025 3313 5

297 3349 498 3410 Schol.
534 3353 829 3428 Aristoph.
867 3353 998 3410 Pae.
1038 3354 1188 3425 1176
1223 3374 1236 3408 :
1283 3355 1355 3419 εἰς
1383 3353 1642 3412 κιναιδίαν
1669 3356 1796 3412 δια-

223 3434 483 3496 ὅιὶλλεται
501 3482 518 3508 ,
542 3435 682 3497 ὥστε
703 3439 841 3516 μηδι
861 3440 964 3496 τῶν
991 3438 1286 3520 ἀναγκαίων
1312 3439 1398 3498 διὰ
1422 3439 1518 3512 τὴν
1541 3439 1797 3522 εὐρύτητα

221 3533 438 3604 κρατεῖν
477 3525 756 3600 δύνασθαι,
781 3530 854 3594 ὣς
887 3527 1113 3608 (malim
1153 3560 1236 3573 —
1269 3527 1520 3588 δύνασθαι
1555 3529 1646 3587 καὶ
1675 3532 1743 3591 Ε.
1783 3552 1794 3586 :

219 3634 352 3671 nam
373 3615 446 3679 ὣς
467 3617 714 3674 alienum
741 3627 824 3673 oet
839 3659 858 3690 ‚
883 3619 1204 3694 passimque
1241 3614 1334 3675 καὶ
1368 3628 1424 3676 01
1444 3619 1514 3680 ὥς
1539 3614 1800 3696 confusa)

221 3703 374 3764 Rssv
400 3703 480 3764 Π.

3379 453 3481 503 181

1918 560 2165 618 Gloriari
2195 562 2419 619 videtur
2437 564 2532 621 ille
2547 603 2565 634 ‚
2599 567 2701 639 qui
2726 568 2845 623 haec
2867 582 3063 627 narrat
3106 572 3491 647 (Atheniensis

1916 648 2136 724 puto),
2182 651 2240 704 in
2275 650 2421 707 urbe
2463 654 2771 727 opulenta,
2814 657 2915 712 ubi
2954 669 3151 717 noctes
3192 665 3490 721 stateribus

1918 748 2261 811 emerentur,
2303 757 2363 795 se
2399 752 2692 799 venustate
2731 744 2821 799 vel
2854 748 3112 803 moribus
3148 749 3292 817 adeo
3320 770 3488 809 acce-

1916 834 2079 899 ptum
2106 826 2274 881 fuisse
2303 828 2460 882 omni
2500 832 2758 907 populo,
2801 844 2867 887 ut
2893 843 3111 890 tantum
3154 856 3274 893 non
3316 843 3490 915 gratis

1915 924 2264 969 scortaretur
2277 935 2293 985 ;
2311 932 2483 988 quam
2504 916 2815 975 foeditatem
2828 920 2934 976 sub
2947 940 3192 997 persona
3206 927 3487 1001 principis

1914 1000 2149 1075 alicujus
2164 1002 2272 1058 viri
2294 1005 2717 1077 pronuntiatam
2732 1008 3043 1066 esseinhoc
3067 1010 3344 1083 dramate,
3368 1032 3489 1071 11011

1914 1088 2177 1147 adducor
2232 1101 2314 1147 ut·
2345 1093 2577 1150 credam
2628 1098 2754 1152 viro
2804 1096 3001 1153 doct0.
3050 1100 3117 1155 V.
3178 1118 3203 1155 1
3241 1101 3488 1160 Cobetus

1914 1178 1949 1246 ἡ
1966 1174 2014 1232 δ’
2027 1175 2223 1251 ὖστάτη
2244 1177 2319 1245 τίς
2332 1176 2450 1257 ἥδε,
2470 1182 2534 1239 Β.
2558 1179 2799 1249 Κύζικος.
2820 1185 2933 1258 Qui
2952 1192 3227 1243 versum‘2
3252 1198 3307 1244 et
3324 1208 3483 1265 seqq.

1913 1266 2094 1339 priori
2116 1268 2506 1324 interlocutori
2526 1272 2741 1328 tribuit.
2766 1272 2918 1329 thid.
2954 1270 3059 1348 ἐγὼ
3084 1275 3309 1333 addidit
3332 1279 3482 1334 Her-

1914 1370 2155 1410 mannus
2176 1355 2386 1429 Opusc.
2406 1356 2439 1413 5
2468 1378 2529 1435 Ρ.
2560 1360 2675 1434 196
2693 1402 2711 1435 ,
2743 1362 3035 1437 corrigens
3062 1364 3231 1419 etiam
3258 1366 3479 1440 reliqua

1916 1440 2051 1497 cod.
2073 1443 2268 1500 Veneti
2290 1445 2429 1500 vitia
2445 1487 2464 1520 ,
2494 1442 2691 1503 ἐκίνουν
2718 1443 2773 1504 δὲ
2802 1447 3024 1518 γυναῖκα
3047 1447 3341 1507 κολύὸου...
3376 1454 3481 1510 κά-

1914 1524 2038 1597 ξηνό
2062 1528 2461 1607 (superposito
2496 1532 2527 1591 δ
2557 1535 2693 1593 huic
2738 1546 3037 1612 postremae
3078 1538 3166 1595 lit.
3194 1539 3211 1614 )
3240 1536 3336 1609 τὴν
3376 1542 3479 1616 ἡμ.

1908 1614 1997 1673 τὸν
2026 1614 2213 1677 σκύθον
2254 1619 2367 1679 ixx.
2406 1624 2492 1677 De
2528 1623 2736 1696 Cyzico
2768 1642 2821 1682 v.
2856 1626 3037 1681 Baehr.
3072 1626 3147 1683 ad
3190 1629 3475 1685 Herodot.

1914 1712 1975 1781 4,
1994 1713 2083 1775 14,
2112 1717 2170 1762 01
2186 1708 2220 1762 J
2227 1748 2242 1765 .
2264 1709 2646 1783 Marqnardt.,
2673 1710 2901 1784 Cyzicus
2920 1732 2975 1767 u.
2997 1718 3115 1769 sein
3138 1715 3337 1783 Ceba-t,
3376 1718 3480 1772 Be·

1905 1793 2103 1870 rolini,
2136 1794 2306 1857 1836.
2342 1797 2532 1853 Stater
2567 1816 2771 1857 aureus
2804 1801 3110 1874 Cyzicenus
3144 1803 3375 1859 valebat
3404 1807 3479 1862 18

1909 1880 2207 1939 drachmas
2236 1883 2321 1958 (v,
2364 1886 2583 1942 Vitruv.
2622 1887 2682 1959 6,
2714 1888 2782 1959 6;
2830 1890 2977 1945 Plin.
3028 1892 3100 1950 H.
3134 1892 3205 1947 N.
3242 1890 3343 1966 32,
3370 1892 3473 1969 6);

1904 1981 2203 2045 argenteus
2231 1980 2264 2041 Ι,
2300 1992 2314 2026 :
2345 1992 2403 2030 v.
2431 1974 2684 2032 Gronov.
2716 1980 2802 2034 De
2824 1996 3033 2053 pecun.
3058 1990 3167 2036 vet.
3194 1978 3252 2049 3,
3282 1999 3337 2051 7.

2660 2090 2717 2149 6.

1984 2194 2267 2271 Harpocr.
2303 2217 2363 2272 p.
2395 2217 2495 2272 27,
2536 2220 2605 2274 19
2638 2220 2653 2255 τ
2682 2198 2974 2279 Ἀπόκρισις
2996 2204 3031 2271 ἡ
3064 2202 3341 2279 ἀπολογία.
3367 2208 3473 2265 Au·

1903 2283 2049 2355 σίας,
2075 2281 2165 2340 καὶ
2194 2282 2535 2359 Δημοσθένης
2561 2286 2678 2344 κατ’
2708 2288 3055 2366 Αἲοχίνου....
3093 2290 3163 2349 Ε.
3196 2291 3272 2349 Π.

2000 2436 2095 2448 -
2124 2392 2205 2477 ὸς
2238 2403 2379 2489 ὑμῖν
2412 2402 2529 2493 ἐγὼ

1998 2503 2181 2571 πάντ’
2215 2506 2652 2600 ἀποκρινοῦμαι
2677 2510 2819 2603 πρὸς
2846 2515 2929 2577 τὰ
2959 2517 3467 2608 κατηγορούμενα.

1901 2642 1993 2697 Sic
2030 2642 2272 2699 Meinek.
2319 2663 2428 2719 pro
2473 2644 2685 2710 πάντως
2717 2646 2813 2706 ἀπ.
2855 2650 3053 2706 Verbis
3094 2651 3233 2709 olim
3271 2664 3471 2710 contra

1900 2728 2274 2793 codicesalio
2326 2732 2531 2789 ordine
2576 2733 2773 2804 editis,
2792 2737 3185 2810 Eupolideum
3224 2752 3470 2797 metrum

1899 2818 2215 2874 restituerat
2238 2820 2548 2878 Hermann.
2577 2820 2789 2896 Opusc.
2816 2822 2875 2893 5,
2905 2842 2967 2898 p.
2994 2843 3129 2899 197.

2659 2955 2713 3005 7.

1978 3045 2182 3106 Athen.
2215 3064 2307 3122 10,
2342 3068 2402 3123 p.
2436 3045 2583 3118 415,
2612 3053 2661 3105 Α
2692 3068 2706 3107 :
2734 3047 2965 3122 τοσαύτη
3002 3051 3051 3108 δ’
3086 3041 3202 3122 ἦνῆ
3226 3055 3329 3109 τῶν
3357 3075 3469 3110 πα-

1895 3131 2179 3212 λαιοτέρων
2204 3132 2371 3214 τρυφὴ
2400 3132 2519 3212 περὶ
2545 3131 2637 3202 τὰς
2665 3136 2999 3205 πολυτελείας
3015 3183 3031 3210 ,
3056 3136 3193 3196 ὥστε
3216 3137 3289 3215 μὴ
3313 3139 3469 3214 μόνον

1897 3220 2155 3298 οἰνοχόους
2184 3218 2343 3300 ἔχειν,
2368 3221 2506 3280 ἀλλὰ
2529 3223 2619 3280 καὶ
2644 3223 2914 3283 οἰνόπτα
2930 3249 2972 3292 ς.
3008 3223 3147 3304 ἀρχὴ
3178 3231 3299 3304 γοῦν
3328 3229 3469 3288 ἐστιν

1847 3298 1853 3334 ’
1895 3309 1944 3362 οἱ
1992 3306 2226 3365 οἰνόπται
2265 3311 2391 3386 παρ’
2431 3307 2749 3382 Ἀθηναίοις,
2789 3303 2850 3382 ἧς
2898 3312 3213 3388 μνημονεύει
3256 3315 3310 3372 ἐν
3353 3319 3467 3380 ταῖς

1903 3399 1970 3456 Π.
1996 3395 2065 3458 Ε.
2096 3396 2156 3454 ἐν.
2171 3394 2370 3464 τούτοις
2387 3417 2401 3431 ·

1994 3514 2115 3592 Οὒς
2158 3509 2217 3581 δ’
2250 3521 2359 3582 οὐκ
2390 3513 2463 3582 ἂν
2498 3518 2710 3582 εἰλεσθ’
2738 3510 2861 3582 οὐδ’
2891 3514 2963 3583 ἂν
3000 3517 3280 3597 οἰνόπτας
3322 3544 3467 3614 προ-

1992 3621 2113 3686 νυνὶ
2144 3624 2576 3716 στρατηγοὺς...
2611 3605 2665 3688 ὁ
2704 3623 2915 3712 πόλις,
2964 3623 3181 3711 πόλις,
3290 3619 3460 3718 [τοῦ,

1991 3734 2069 3804 ὡς
2116 3733 2365 3820 εὐτυχὴς
2403 3725 2458 3795 εἶ
2498 3735 2731 3820 μᾶλλον
2761 3727 2798 3802 ἢ
2844 3737 3042 3808 καλῶς
3084 3727 3334 3826 φρονεῒςὲ

315 3847 382 3888 α.
423 3817 478 3890 H
515 3815 576 3888 δ’
623 3823 850 3896 ὑστάτη
887 3833 1006 3890 ποῦ
1059 3821 1200 3914 '66⁸3
1243 3829 1307 3911 β.
1355 3817 1486 3892 fi&
1542 3819 1800 3902 Κύζικος
1897 3857 2128 3910 Versum
2172 3874 2204 3910 2
2244 3858 2556 3912 Hermann.
2598 3857 2812 3932 Opusc.
2849 3858 2904 3929 5,
2932 3879 2995 3934 p.
3027 3879 3167 3934 197,
3208 3859 3460 3934 adstipu-

1269 3933 1428 3998 πλέα
1456 3933 1792 4021 στατήρων.

1891 3942 2041 3998 laute
2095 3943 2413 4016 Meineki0,
2464 3946 2749 4021 supplevit
2795 3945 3065 4002 addendo
3100 3943 3313 4024 ἔχομεν.
3350 3948 3462 4004 Sed

315 4027 401 4100 ὲν
433 4025 591 4107 τῇδε
617 4035 816 4102 τοίνυν
861 4045 938 4108 ’rh‘
973 4035 1148 4102 πόλει
1183 4045 1439 4130 φρουρῶν
1491 4038 1608 4130 ἐγώ
1652 4042 1794 4100 ποτ’
1888 4033 2001 4088 hoe
2028 4051 2232 4109 parum
2267 4044 2349 4089 est
2384 4054 2395 4089 :
2439 4035 2829 4110 corruptionis
2865 4035 3016 4090 enim
3053 4034 3333 4108 ejusmodi
3362 4054 3463 4092 ve—

1621 4141 1798 4235 αύτὸς

307 4243 544 4338 γυναῖκ’
589 4247 814 4314 ἐκίνουν
851 4243 1148 4315 κολλύὸου
1170 4301 1188 4336 ,
1256 4250 1360 4316 καὶ
1411 4241 1606 4314 παῖδα
1627 4299 1646 4334 ,
1697 4261 1798 4312 κατ’.

1499 4357 1752 4446 γέροντα
1773 4404 1790 4438 ,

305 4451 504 4534 κᾶξῆν
525 4459 676 4528 ὅλην
694 4464 808 4533 τὴν
831 4461 1062 4551 ἡμέραν
1080 4463 1187 4526 τὸν
1205 4461 1418 4526 κύσθον
1448 4455 1792 4552 ἐκκορίζειν.

203 4725 360 4781 Num
387 4726 610 4784 consita
634 4724 758 4784 haee
774 4735 859 4784 est
873 4769 889 4795 ‚
913 4742 986 4784 an
1009 4726 1161 4785 nuda
1184 4729 1382 4801 regio?

976 4821 1011 4870 5

1890 4129 2073 4180 terum
2119 4121 2399 4176 librorum
2442 4139 2634 4178 ansam
2665 4122 2920 4198 praebere
2959 4123 3105 4178 solet
3142 4123 3456 4178 vicinarum

1775 4246 1786 4262 .
1889 4229 2095 4265 vocum
2120 4210 2453 4270 similitudO.
2480 4212 2548 4267 ld
2574 4229 2682 4287 ego
2706 4222 2927 4268 secutus
2952 4213 3251 4288 vestigium
3268 4213 3455 4286 reperi

1888 4293 2131 4373 ηύγασ’,
2156 4299 2196 4354 i.
2226 4317 2278 4359 e.
2302 4294 2533 4374 ηύγασα,
2559 4301 2713 4370 vidi,
2737 4318 2898 4356 sensu
2922 4299 3115 4356 medii.
3140 4299 3209 4355 ld
3223 4298 3460 4374 verbum

1887 4395 2163 4440 mutatum
2198 4386 2258 4440 in
2284 4384 2441 4462 ηγασ’
2466 4396 2701 4462 01ηγους
2737 4386 2901 4443 facile
2928 4387 3193 4444 haustum
3234 4387 3404 4443 fuerit
3428 4405 3459 4440 a

1887 4475 2057 4528 simili
2081 4503 2106 4516 -
2134 4493 2321 4548 ηγους,
2352 4473 2513 4547 quod
2558 4475 2873 4552 antecediti
2910 4494 2967 4532 v.
2995 4493 3128 4530 ann.
3153 4475 3248 4531 ‘ad
3294 4475 3457 4533 Euri·

1757 4689 1766 4698 .
1835 4638 1844 4676 ¹
1887 4637 2149 4710 licuitque
2170 4645 2287 4695 toto
2308 4636 2397 4694 die
2424 4654 2619 4695 cavum
2654 4655 2904 4724 purgare..

2642 4733 2697 4784 6.

1885 4841 1955 4852 —
1975 4813 2143 4870 Vobis
2161 4814 2305 4869 enim
2330 4829 2433 4886 ego

199 4915 252 4954 a.
279 4897 504 4956 Ultima
527 4913 660 4956 vero
685 4899 780 4956 ubi
805 4907 888 4958 est
904 4904 930 4956 ἓ
965 4858 1030 4957 b:
1065 4903 1203 4958 Haec
1229 4901 1463 4974 Cyzicus
1487 4911 1592 4970 est,
1631 4901 1791 4974 plena
1884 4900 2071 4957 omnia
2094 4899 2429 4974 respondebo
2448 4900 2516 4958 de
2543 4901 2607 4956 iis
2624 4945 2639 4969 ‚
2663 4918 2899 4974 quorum
2920 4910 3205 4959 aecusatus
3222 4917 3369 4963 sum..

1475 4993 1788 5058 [staterum.

2645 4995 2697 5045 7.

207 5075 284 5129 Ba
303 5073 476 5146 igitur
497 5075 558 5130 in
587 5071 728 5130 urbe
749 5089 852 5147 ego
883 5031 1058 5147 quum
1087 5074 1381 5147 aliquando
1403 5091 1574 5132 omem
1610 5075 1792 5148 praesi-
1884 5080 2037 5148 Quos
2064 5092 2190 5133 vero
2212 5086 2370 5132 autea
2405 5093 2473 5132 ne
2494 5077 2783 5149 vinispiees
2806 5075 3029 5149 quidem
3052 5075 3348 5147 elegissetis
3364 5116 3377 5140 ,

1340 5161 1576 5232 [diarius
1601 5163 1787 5232 mileS‚

205 5245 498 5304 mulierem
521 5245 662 5302 futui
695 5245 912 5320 collybo
929 5287 944 5314 ‚
970 5255 1028 5306 et
1049 5262 1280 5320 puerum
1297 5289 1314 5320 ,
1343 5257 1398 5306 et
1419 5265 1626 5318 senem,

1882 5179 2035 5220 nune
2056 5163 2223 5221 duces
2248 5165 2383 5220 vicli.
2424 5167 2473 5221 Ο
2497 5165 2684 5223 civitas
2700 5207 2715 5232 ‚
2734 5165 2920 5221 civitas
2938 5211 2951 5233 ,

1887 5259 1949 5309 ut
1972 5259 2035 5309 tu
2059 5267 2117 5309 es
2140 5251 2347 5310 felicior
2374 5267 2537 5326 quam
2560 5254 2883 5326 sapientior!
