3809 5850
570 403 677 456 ¹88

566 524 701 580 deus
722 520 1030 597 respondet
1067 517 1140 579 Τί
1172 517 1216 576 δ’
1252 515 1429 590 ἔστιν,
1475 531 1584 578 etc.
1612 520 1926 577 Prandium
1949 522 2133 595 ipsum

559 613 728 668 fuisse
770 621 1030 666 curatum
1051 650 1068 681 ,
1106 627 1177 666 ex
1211 609 1484 665 Athenaeo
1516 607 1867 684 intelligitur.
1902 634 1928 660 ι»
1958 611 2007 664 Ε
2046 610 2134 669 Μ.

554 699 761 756 Bacchi
787 697 963 756 verba
992 692 1150 775 Παρὰ
1179 695 1260 758 Φ.
1294 707 1426 772 etc.‚
1456 697 1535 752 sic
1559 697 1865 754 habuerim
1893 716 1909 752 ε

1320 807 1373 866 3.

655 964 747 976 —-
786 922 956 1017 Παρὰ
990 923 1299 1016 Φορμίωνι
1330 923 1609 1016 μανθάνω

654 1031 792 1107 τοὺς
815 1039 938 1095 τῶν
968 1039 1346 1122 στρατηγιῶν
1368 1055 1439 1094 τε
1462 1029 1566 1095 καὶ
1588 1030 1876 1120 πολέμων
1894 1029 2132 1121 νόμους,

655 1143 735 1214 ὡς
757 1131 951 1201 οὐκέτ’
986 1130 1056 1200 ἃν
1098 1133 1345 1227 φύγοιμί
1374 1140 1462 1226 γ’,
1498 1131 1571 1216 ,ἐξ
1607 1137 1748 1200 ὅτου
1772 1141 1984 1229 ’φαγον

656 1235 977 1318 στιὸοἱδος.

557 1371 685 1426 Non
722 1367 1139 1443 aufugitur-um,
1183 1367 1227 1423 i.
1272 1385 1327 1422 e.
1370 1365 1762 1425 abscessurum
1783 1409 1804 1441 ,
1831 1386 1890 1424 se
1919 1367 2063 1425 dicit
2097 1385 2132 1425 a

562 1456 933 1513 convivatore
977 1455 1191 1527 docto,
1230 1455 1489 1529 quamvis
1530 1455 1721 1529 tenui,
1760 1454 2128 1516 Phormione.

554 1543 751 1600 Schol.
783 1542 861 1600 ad
904 1545 1106 1600 Pacem
1148 1544 1261 1613 347
1292 1561 1308 1601 :
1344 1542 1395 1600 οἱ
1426 1539 1493 1598 τὰ
1534 1538 1797 1618 πολεμικὰ
1828 1539 2130 1612 ἐξασκησοί-

560 1651 705 1705 μενοι
736 1627 839 1688 ὑπὸ
861 1630 1166 1707 γυμνασιῶν
1196 1630 1373 1706 (male
1391 1629 1529 1686 libri
1554 1626 1889 1706 γυμνασίων)
1923 1627 2014 1688 καὶ
2035 1629 2129 1688 πό·

557 1740 661 1776 νων
696 1714 909 1776 εἰώθασι
934 1723 1325 1796 χαμαικοιτεῖν,
1353 1729 1463 1777 etc.
1493 1718 1693 1775 Suidas
1718 1736 1777 1777 v.
1815 1715 2073 1796 Φορμίων
2109 1737 2126 1778 τ

556 1805 649 1862 καὶ
681 1803 943 1884 παροιμία
970 1803 1369 1885 Φορμίωνος
1408 1802 1677 1880 στιὸὰς,
1720 1803 1809 1863 ἐπὶ
1833 1807 1938 1862 τῶν
1982 1806 2129 1862 εὖτε-

559 1893 689 1953 λῶν.
774 1883 923 1958 οὗτος
946 1890 1051 1972 γὰρ
1079 1897 1107 1950 ὁ
1134 1891 1390 1972 Φορμίων
1426 1892 1619 1969 ἀγαθὸς
1656 1891 1859 1971 ἐγένετο
1899 1915 2128 1971 στρατη-

554 1982 670 2058 γὸς,
697 1978 787 2040 καὶ
824 1982 877 2038 ἐν
918 1979 1245 2061 Ταξιάρχαις
1274 1979 1423 2059 (sic)
1456 1978 1511 2038 δὲ
1544 1982 1765 2058 (malim
1786 1979 1883 2058 δὴ)
1914 1980 2128 2061 φέρεται

556 2073 627 2138 ὡς
654 2066 914 2136 ἐπίπονος.
946 2070 1035 2128 Cf.
1060 2070 1262 2148 fragm.
1306 2087 1398 2126 10.

1312 2186 1373 2248 ln

634 2294 845 2351 Athen.
873 2298 941 2364 4,
970 2311 1035 2370 p.
1076 2311 1206 2365 170,
1229 2296 1281 2350 D
1323 2310 1339 2352 ε
1365 2289 1619 2350 ἐπεσθίειν
1648 2291 1692 2348 δ’
1730 2289 1905 2370 εἴρηκε
1943 2295 2122 2368 Τηλε-

555 2378 761 2450 κλείδης
792 2377 1187 2460 Πρυτάνεσιν...
1216 2379 1486 2458 ἐπιφαγεῖν
1512 2379 1558 2436 δ’
1583 2380 1651 2440 Ε.
1684 2377 2033 2458 Ταξιάρχοις·

654 2487 950 2589 (Ᾰρτοις)
985 2499 1295 2588 ἐπιφαγεῖν
1332 2485 1519 2586 μηδὲν
1548 2491 1685 2561 ἄλλ’
1718 2493 1755 2568 ἢ
1782 2497 2090 2590 κρόμμυον

650 2603 953 2688 λέποντα,
984 2599 1088 2668 καὶ
1123 2607 1284 2692 τρεῖς
1320 2592 1633 2692 ἁλμάδας.

555 2729 827 2805 Supplevi
850 2723 1053 2808 Ἄρτοις
1068 2771 1085 2800 ,
1108 2729 1268 2803 quod
1288 2729 1437 2786 sorte
1464 2729 1786 2804 neglectum
1810 2743 1976 2806 putes
1999 2746 2128 2808 post

555 2817 736 2897 ἄρχοις
762 2830 1003 2896 propter
1024 2841 1057 2876 τ
1070 2830 1127 2876 et
1151 2839 1191 2896 χ
1212 2820 1529 2874 litterarum
1548 2820 1980 2877 similitudinem
1993 2865 2008 2892 ,
2032 2823 2124 2880 hic

554 2907 672 2963 illic
710 2905 1100 2978 observatam,
1130 2907 1287 2963 velut
1322 2908 1382 2963 in
1417 2906 1635 2962 scholio
1668 2905 1741 2962 ad
1777 2910 1928 2966 Rau.
1983 2909 2120 2981 871.

553 2996 623 3051 V.
650 3014 686 3051 α
710 2991 970 3071 βλέποντα
998 2994 1313 3071 legebatur,
1328 3005 1650 3051 correctum
1678 3014 1709 3051 a
1734 2998 1909 3052 Mein.
1938 2998 2125 3053 Phor-

554 3084 767 3139 mionis
808 3084 929 3139 haec
964 3086 1177 3155 oratiO,
1212 3082 1495 3140 Bacchum
1522 3084 1681 3138 victu
1706 3085 1951 3159 simplici
1976 3088 2128 3141 mili·

554 3180 673 3225 tum
710 3172 797 3226 uti
835 3171 1106 3242 jubentis,
1156 3172 1367 3227 Contra
1407 3170 1704 3227 helluones
1742 3171 2128 3247 significantur

552 3258 663 3315 illis
688 3260 1091 3335 Xenophontis
1116 3260 1434 3317 Comment.
1472 3258 1504 3315 3
1530 3298 1547 3328 ,
1582 3266 1674 3331 14,
1718 3258 1751 3335 §
1786 3260 1817 3315 3
1849 3280 1862 3316 ι
1896 3263 1924 3317 ὁ
1962 3258 2015 3317 δὲ
2045 3284 2128 3335 μι-

553 3346 665 3425 κρῷ
692 3344 823 3423 σίτῳ
848 3343 982 3404 πολὺ
1008 3344 1135 3426 ὄψον
1178 3343 1431 3403 ἐπεσθίων
1452 3388 1467 3416 ,
1498 3356 1555 3403 et
1578 3344 1613 3421 S
1641 3345 1673 3401 5
1708 3365 1722 3405 ε
1756 3344 1912 3405 ἄλλον
1939 3346 2024 3405 ἐπὶ
2050 3349 2126 3428 τῷ

550 3432 627 3491 ἑνὶ
654 3434 827 3515 ψωμῷ
850 3432 1105 3493 πλειόνων
1125 3430 1272 3515 ὄψων
1296 3431 1595 3511 γευόμενον.

1308 3549 1362 3607 5.

631 3662 869 3719 Photius
901 3682 959 3739 p.
992 3662 1142 3733 658,
1186 3680 1293 3737 ao,
1328 3672 1385 3717 et
1418 3660 1621 3719 Suidas
1656 3682 1707 3719 ν.
1750 3651 1881 3720 Ὧδε
1917 3683 1930 3717 :
1975 3662 2035 3720 τὸ
2069 3660 2122 3721 δὲ

551 3748 712 3814 οὕτως
742 3750 795 3807 ἐν
818 3755 925 3813 τοῖς
947 3748 1211 3815 πλείστοις
1235 3748 1406 3819 δηλοῖ.
1440 3750 1507 3809 Ε.
1539 3748 1671 3816 Tae.

648 3864 812 3953 Οὔκ,
854 3863 927 3939 ἢν
959 3864 1236 3957 φυλάττῃ
1266 3872 1357 3958 γ’,
1396 3858 1503 3931 ὧδ’
1531 3867 1689 3958 ἔχων
1725 3868 1837 3940 τὴν
1868 3861 2119 3935 ἀσπίδα.

1312 3995 1351 4050 6

628 4086 884 4142 Gramm.
909 4087 1150 4144 Bekkeri
1174 4035 1390 4149 Anecd.
1428 4108 1490 4165 p.
1520 4088 1655 4159 327,
1685 4086 1739 4147 ’A
1752 4110 1785 4165 γ
1801 4110 1875 4146 κυ
1889 4110 1918 4167 ρ
1931 4087 1992 4147 ίσ
2008 4111 2041 4145 α
2058 4113 2080 4155 ς
2105 4109 2120 4150 :

549 4169 763 4250 κάμψας
780 4171 869 4229 τὸν
890 4170 1046 4232 πόδα.
1067 4176 1253 4252 σχῆμα
1278 4173 1333 4231 δέ
1356 4176 1468 4233 ἐστι
1486 4172 1889 4254 παλαιστρικόν.
1908 4176 1970 4236 Ε.
1986 4175 2120 4245 Ταξ.

1550 387 1966 449 coMOEmAE
2009 387 2342 452 VETER'lS
2388 388 2700 464 RELlQUl
2715 391 2799 448 AE.

2245 545 2268 568 α
2287 517 2340 578 Ἀ
2359 519 2690 598 γκυρίσας
2745 518 3021 598 ἔρρηξεν
3065 547 3088 572 ιι
3143 520 3394 598 (fortasse
3433 529 3530 601 ipsa
3561 534 3680 588 uerba

2223 609 2542 682 Eupolidis,
2576 622 2642 665 ut
2663 613 3017 668 Hermannus
3045 610 3373 688 annotavit).
3397 610 3680 695 Ἀριστοφάνης

2223 692 2490 756 Ἱππεῦσιν
2517 696 2664 775 (262
2690 697 2874 773 seqq.)

2977 832 3032 884 7.

2301 924 2504 982 Pollux
2536 944 2594 996 7,
2629 923 2737 981 168
2767 944 2782 978 ι
2809 922 2989 983 Ἀλου
3005 921 3158 982 σίαν
3188 925 3324 1005 (sic)
3351 925 3402 985 δὲ
3429 929 3488 988 E.
3507 929 3548 986 ἐν
3564 929 3658 996 Ταξ.

2415 1095 2502 1104 -
2535 1051 2684 1122 Ᾰντὶ
2722 1055 3004 1124 ποικίλου

2317 1163 2562 1254 πιναρὸν
2599 1160 2799 1255 ἔχοντ’
2834 1162 3088 1251 ἀλουτίᾳ
3118 1162 3266 1256 κάρα
3293 1190 3353 1229 τε
3383 1166 3476 1230 καὶ

2315 1262 2582 1360 τρίὲων’·
2617 1263 2706 1332 ὅτ’
2733 1267 2806 1340 ἦν
2842 1270 3052 1360 μέντοι
3095 1269 3360 1362 νεώτερος
3383 1321 3400 1352 ,
3429 1273 3596 1362 κρόκας

2315 1372 2798 1468 πεντεστσὶτ-ηρας
2829 1371 2956 1465 εἶχε
2974 1422 2993 1457 ,
3029 1372 3126 1439 ναὶ
3155 1373 3238 1466 μὰ
3263 1378 3360 1442 τὸν
3385 1375 3505 1440 Δία·

2222 1471 2262 1544 5
2315 1487 2412 1543 νῦν
2450 1471 2518 1543 δὲ
2562 1479 2743 1568 ῥύπου
2777 1503 2848 1571 γε
2886 1471 2997 1545 δύο
3022 1479 3292 1546 τάλαντα
3317 1471 3524 1570 ῥᾳδίως.

2217 1629 2354 1699 Quae
2380 1636 2695 1700 sequuntur
2715 1634 2844 1700 post
2865 1622 3078 1703 τρίὸων’
3111 1645 3167 1686 v.
3196 1626 3248 1696 3,
3275 1628 3488 1686 Meinek.
3511 1628 3676 1702 sumpsit

2217 1732 2288 1769 ex
2309 1713 2515 1770 eodem
2539 1732 2594 1789 9,
2620 1712 2694 1768 58
2717 1731 2734 1770 z
2759 1709 2901 1772 Εὗπ.
2927 1714 2981 1771 ἐν
3009 1711 3104 1788 μὲν
3129 1717 3229 1780 τοῖς
3249 1713 3428 1790 Δήμοις
3444 1714 3493 1770 τὸ
3511 1713 3673 1788 νόμισμα

2219 1800 2369 1871 δηλοῖ
2407 1799 2756 1880 (στρατήρων
2809 1803 3227 1880 vocabulo)....
3271 1805 3322 1862 ἐν
3362 1804 3409 1860 δὲ
3445 1801 3673 1878 Ταξιάρχοις

2217 1885 2312 1958 τὴν
2353 1885 2516 1967 ῥοπὴν
2541 1886 2680 1964 λέγει
2716 1915 2742 1941 ι
2765 1886 2894 1949 ‘Or’
2915 1879 3001 1962 ἧν,
3029 1901 3140 1950 etc.
3178 1916 3202 1942 n
3233 1893 3299 1948 V.
3323 1909 3354 1948 a
3375 1891 3488 1947 libri
3503 1891 3668 1966 ἅλουτιᾷ.

2217 1978 2476 2034 Correxit
2517 1977 2776 2037 Lobeck.
2805 1981 2875 2036 V.
2909 1978 2942 2034 3
2975 1989 3034 2036 et
3063 1987 3094 2046 4
3125 1978 3292 2034 iidem
3327 1979 3576 2054 depravate
3594 1975 3673 2052 κρό-

2217 2085 2312 2134 κης
2340 2062 2494 2121 πέντε
2521 2067 2787 2142 στατῆρας
2809 2054 2941 2142 εἶχε,
2975 2066 3312 2124 Addendum
3327 2068 3494 2122 lexicis
3513 2065 3671 2136 adjecti·

2217 2173 2352 2208 vum
2399 2151 2777 2230 πεντεστάτηρ.
2837 2157 3194 2211 Describitur
3235 2155 3318 2210 his
3359 2154 3519 2210 verbis
3547 2155 3666 2210 tenuis

2219 2243 2390 2298 etiam
2413 2243 2644 2298 voetitus
2666 2243 3031 2300 Phormionis
3048 2283 3068 2316 ,
3098 2253 3430 2318 comparatus
3463 2261 3565 2297 cum
3587 2259 3668 2293 πιι-

2217 2329 2348 2406 κίλῳ
2389 2331 2614 2390 Bacchi.
2673 2329 2936 2389 Cratinus
2983 2334 3046 2388 in
3101 2329 3592 2407 Dionysalexandro,
3623 2327 3672 2380 de

2218 2419 2442 2474 Baccho
2477 2437 2490 2472 :

2296 2550 2354 2589 α.
2388 2527 2590 2598 Στολὴν
2621 2529 2675 2586 δὲ
2695 2527 2759 2600 δὴ
2781 2528 2876 2586 τίν’
2895 2520 3044 2610 εἶχε;
3071 2530 3227 2590 τοῦτό
3255 2553 3336 2606 μοι
3361 2529 3542 2610 φράσον.

2298 2619 2349 2694 β.
2379 2615 2614 2695 Θύρσον,
2641 2617 2921 2697 κροκωτὸν,
2943 2619 3207 2693 ποικίλον,
3233 2619 3503 2702 καρχήσιον.

2971 2733 3031 2792 8.

2295 2843 2504 2902 Pollux
2543 2862 2631 2915 10,
2662 2843 2759 2916 63,
2791 2845 2893 2900 ubi
2916 2848 3036 2922 agit
3068 2845 3140 2903 de
3168 2844 3462 2902 nominibus
3479 2855 3664 2898 vasorum
3703 2881 3706 2888 λ

2215 2935 2580 3010 aquariorum
2598 2934 2689 3011 (cf.
2715 2934 2886 3012 Χρυσ.
2915 2934 3030 3012 γέν.
3053 2936 3123 2995 fr.
3155 2934 3241 3013 12)
3264 2956 3276 2991 :
3297 2931 3462 2990 πύελον
3481 2928 3523 2987 δὲ
3539 2925 3666 3003 ὁμοίως

2214 3023 2267 3081 ἐν
2295 3022 2345 3080 Τ
2348 3019 2432 3087 αξ.

2315 3140 2506 3225 ὅστις
2537 3150 2756 3214 πύελον
2793 3152 2964 3225 ἥκεις
2989 3150 3169 3242 ἔχων,
3200 3146 3296 3213 καὶ
3327 3144 3540 3235 χαλκίον

2314 3260 2510 3347 ὥσπερ
2545 3256 2713 3347 λεχὼ
2762 3263 3126 3347 στρατιῶτις
3161 3250 3222 3331 ἐξ
3259 3248 3455 3327 Ῐωνίας.

2215 3381 2305 3441 καὶ
2328 3381 2430 3460 γὰρ
2452 3382 2512 3441 τὸ
2540 3382 2760 3461 χαλκίον
2785 3380 2839 3441 ἕν
2867 3406 2922 3440 τι
2950 3385 3056 3442 τῶν
3092 3383 3331 3461 λουτρῶν,
3362 3376 3510 3453 ὥσπερ
3529 3368 3662 3429 12¹1>AE-

2217 3470 2331 3543 6ης.
2377 3474 2556 3549 Vulgo
2591 3473 2840 3551 χαλκεῖον
2869 3485 2926 3530 et
2965 3470 3314 3551 στρατιώτης,
3353 3488 3460 3543 quae
3491 3460 3664 3520 correxit

2212 3562 2502 3635 Jungerm.
2533 3561 2816 3634 Bentlejus
2837 3563 3017 3637 Epist.
3053 3580 3085 3618 α
3119 3562 3192 3617 ad
3221 3556 3500 3617 Hemsterh.
3521 3544 3660 3625 p,55:

2212 3649 2374 3704 Clara
2423 3649 2696 3704 sententia
2715 3690 2732 3717 ‚
2781 3654 2876 3721 qui
2929 3667 3128 3705 umam
3186 3661 3239 3705 et
3293 3645 3502 3701 ahenum
3533 3646 3662 3711 portas

2217 3736 2423 3811 (immo
2457 3742 2554 3810 qui
2579 3737 2794 3791 labrum
2822 3749 2880 3791 et
2905 3736 3009 3795 ah.
3035 3738 3222 3795 habes.
3249 3732 3450 3807 Bam).
3475 3737 3662 3797 tauquam

2204 3843 2483 3899 puerpera
2501 3827 2722 3892 Ionica,
2749 3827 3011 3881 militiam
3026 3838 3085 3881 et
3097 3838 3271 3881 castra
3283 3836 3497 3895 sequens.
3515 3816 3666 3880 Nempe

2211 3914 2272 3967 in
2320 3913 2483 3968 Ionia
2503 3954 2521 3985 ‚
2551 3914 2650 3967 ubi
2680 3912 2978 3987 disciplina
3019 3912 3268 3971 militaris
3303 3927 3408 3965 non
3437 3898 3664 3959 admodum
3697 3916 3699 3921 ·

2211 3999 2456 4075 vigebat,
2475 4018 2598 4055 mos
2621 4010 2744 4057 erat
2762 4042 2779 4072 ,
2804 4012 2870 4065 ut
2889 4020 3098 4059 uxores
3115 4002 3482 4059 comitarentur
3499 3987 3666 4045 maritos
3697 4008 3699 4033 ;

2211 4108 2341 4145 suos
2373 4090 2676 4145 militantes
2721 4110 2734 4145 ε
2767 4090 2872 4147 ubi
2909 4093 2956 4147 si
2984 4110 3109 4167 quae
3146 4088 3452 4165 peperisset,
3472 4096 3570 4133 vasa
3587 4074 3662 4127 cir-

2211 4176 2561 4232 cumferebat
2599 4176 2974 4236 balneatoria.
3005 4202 3032 4229 u
3063 4178 3328 4235 Bacchum
3347 4214 3363 4243 ,
3389 4187 3496 4226 cum
3520 4162 3664 4219 delica—
3698 4184 3699 4191 ι

550 4262 787 4319 Antiatt.
817 4280 878 4336 p.
908 4262 1007 4332 81,
1038 4270 1097 4334 4,
1127 4260 1425 4341 Ἀγκυρίσαι
1453 4284 1467 4319 :
1501 4261 1587 4319 ἐπὶ
1614 4268 1705 4321 τοῦ
1728 4260 2116 4339 παλαίσματος.
2209 4276 2279 4320 tae
2307 4268 2432 4319 vitae
2453 4263 3191 4323 instrumentisPhormionis
3213 4274 3380 4321 castra
3403 4260 3660 4329 sequentem,

552 4544 624 4557 —
650 4512 817 4588 Apud
849 4516 1237 4575 Phormionem
1266 4438 1419 4575 disset>

549 4610 607 4659 et
632 4602 1035 4676 expeditionum
1060 4613 1115 4663 et
1135 4605 1411 4663 bellorum
1434 4608 1613 4679 leges:

548 4704 727 4761 neque
750 4690 895 4747 enim
917 4689 1168 4765 deineeps
1184 4692 1491 4765 aufugerim
1511 4694 1580 4750 ab
1602 4708 1669 4750 eo
1684 4734 1700 4762 ,
1725 4692 1882 4765 cujus
1900 4694 1958 4749 in
1983 4702 2115 4751 stra·

558 4774 793 4835 comedi.
1300 4856 1333 4907 ⁴
1576 4780 1739 4854 [gulo
1766 4780 2118 4839 discumbens

546 4935 715 5000 (Cum
740 4940 913 5007 pane)
937 4934 1073 4991 nihil
1095 4935 1241 4993 aliud
1272 4936 1500 4994 comede
1521 4952 1683 5010 quam
1704 4952 1835 5009 cepe

546 5019 890 5091 destrictum,
916 5029 973 5080 et
1002 5022 1108 5080 tria
1132 5023 1434 5083 muriatica.

546 5200 687 5261 Non,
716 5196 759 5253 si
791 5212 947 5255 caves
964 5240 979 5268 ,
1006 5197 1111 5255 hoc
1130 5199 1295 5257 modo
1308 5118 1511 5271 {erens
1538 5201 1809 5274 clypeum.

2961 4440 3014 4489 7.

2209 4560 2280 4571 -
2317 4533 2422 4587 Pro
2445 4530 2656 4602 ποικίλῳ

2209 4618 2519 4691 squalidum
2543 4618 2695 4675 illoto
2715 4617 2911 4692 capite,
2935 4626 2993 4676 et
3013 4617 3206 4675 detrita
3227 4618 3380 4677 veste,

2203 4700 2299 4757 sed
2327 4700 2548 4775 quando
2569 4703 2757 4773 J‘unior
2779 4701 2962 4759 adhue
3001 4709 3147 4766 erat,
3177 4694 3363 4755 textina

2204 4788 2450 4859 quinque
2471 4796 2737 4844 staterum
2769 4790 2946 4861 pretio
2967 4786 3154 4845 habuit
3170 4825 3184 4849 ‚
3207 4796 3294 4854 per
3313 4778 3481 4831 lovem
3513 4781 3524 4815 :
3693 4852 3695 4857 Ι

2204 4878 2355 4931 nune
2377 4889 2502 4931 vero
2528 4872 2686 4930 facile
2714 4873 2962 4931 sordium
2986 4874 3100 4931 duo
3125 4869 3314 4929 talenta
3343 4853 3590 4933 ponderat.
3693 4896 3695 4965 ρ

2972 4966 3028 5017 8.

2203 5048 2308 5122 Qui
2331 5048 2548 5104 labrum
2572 5054 2628 5103 et
2652 5044 2890 5103 ahenum
2915 5054 3132 5120 portans
3157 5031 3340 5097 venisti
3355 5072 3368 5098 ,

2203 5136 2360 5193 sicuti
2383 5150 2642 5209 puerpera
2667 5134 2854 5191 Ionica
2877 5133 3121 5191 militiam
3144 5134 3383 5197 sequens-
