3809 5850
1293 326 1857 388 APOLLODORUS
1902 327 2350 415 cAnyS‘ruJS.

340 466 504 552 ἡμᾶς
532 454 870 528 κυλίνδουσ’
896 463 1079 526 ὅντιν’
1110 457 1181 526 ἂν
1210 463 1367 553 τύχῃ
1403 464 1619 555 τρόπον
1644 486 1661 547 ;

348 562 545 658 Οἶμαί
573 592 665 659 γε·
693 575 818 644 πῶς
849 563 963 659 γὰρ
1002 572 1237 658 μᾶλλον
1266 563 1337 634 ἂν
1365 569 1681 658 προείλετο

346 669 605 748 Ἐλληνὶς
654 672 887 747 άληθῶς
920 669 1065 739 οὖσα
1094 677 1457 765 λεπομένους
1486 679 1622 766 ὁρᾶν

346 781 560 854 αὐτοὺς
601 779 699 870 ὑφ’
742 784 937 846 αὐτῶν
979 778 1079 846 καὶ
1124 778 1630 856 καταπίπτοντας
1672 804 1762 843 νε-

1564 885 1759 976 κροὺς,

348 983 478 1066 ἐξὸν
514 991 729 1082 ἱλαρῶς
749 983 1074 1068 παίζοντας
1092 1041 1111 1075 ,
1151 991 1629 1067 ὑποπεπωκότας
1645 1042 1663 1071 ,

344 1098 734 1186 αὐλουμένους
767 1088 859 1162 ὡδ
864 1094 884 1159 ί
899 1121 918 1185 ;
962 1099 1121 1190 λέγ’·
1140 1100 1297 1170 αὐτὴ
1319 1145 1338 1182 ,
1373 1097 1758 1189 γλυκυτάτη,

346 1197 378 1272 ἢ
418 1205 613 1296 ’λεγχ’
658 1197 932 1296 ἄγροικον
973 1197 1153 1270 οὖσαν
1191 1207 1361 1292 ἡμῶν
1399 1206 1513 1276 τὴν
1545 1204 1759 1296 τύχην.

232 1330 279 1372 .›
346 1311 438 1374 Οὐ
472 1317 655 1376 τοῦτο
672 1309 747 1374 τὸ
776 1302 882 1388 ζῆν
908 1311 1039 1378 ἐστι
1067 1308 1175 1376 τὸν
1202 1311 1565 1398 καλούμενον

345 1413 491 1480 θεῶν
518 1413 757 1488 άληθῶς
788 1413 943 1499 βίον·
980 1419 1103 1500 ὅσῳ
1134 1406 1197 1479 δ’
1218 1407 1433 1488 ἡδίονα

344 1515 431 1583 τὰ
450 1519 767 1612 πράγματ’
802 1525 864 1587 ἐν
892 1528 1032 1598 ταῖς
1046 1521 1293 1587 πόλεσιν
1310 1519 1382 1594 ἦν
1399 1516 1469 1584 ἂν
1487 1520 1524 1593 ἢ
1550 1522 1621 1586 τὸ
1632 1519 1758 1606 νῦν,

349 1624 399 1690 εἰ
434 1619 886 1714 μεταὲαλόντες
915 1629 1022 1693 τὸν
1056 1625 1184 1712 βίον
1218 1619 1533 1719 διήγομεν,

346 1730 539 1797 πίνειν
563 1727 882 1811 Ᾱθηναίους
916 1733 1193 1810 ἅπαντας
1215 1735 1351 1810 τοὺς
1389 1735 1568 1824 μέχρι

346 1840 501 1904 ἐτῶν
521 1835 865 1932 τριάκοντ’,
890 1838 1111 1922 ἐξιέναι
1132 1865 1267 1918 τους
1309 1832 1367 1905 δ’
1396 1839 1615 1918 ἱππέας

345 1944 449 2011 ἐπὶ
475 1955 677 2037 κῶμον
711 1945 792 2024 εἰς
812 1947 1105 2040 Κόρινθον
1130 1949 1350 2038 ἡμέρας
1376 1938 1551 2030 δέκα,

344 2052 670 2143 στεφάνους
696 2055 948 2149 ἔχοντας
976 2053 1083 2122 καὶ
1118 2057 1293 2146 μύρον
1314 2103 1333 2137 ,
1366 2055 1481 2144 πρὸ
1509 2054 1759 2143 ἡμέρας,

346 2158 483 2236 τοὺς
516 2153 549 2186 ⁴¹
592 2161 703 2232 τὴν
729 2157 987 2251 ῥάφανον
1032 2166 1385 2234 πωλοῦντας
1433 2155 1595 2246 ἕψειν
1642 2170 1765 2224 Με-

1513 2266 1758 2355 γαρέων·

348 2371 429 2445 εἰς
460 2369 533 2434 τὸ
566 2372 892 2453 βαλανεῖον
920 2371 1162 2440 ἀπιέναι
1195 2373 1331 2446 τοὺς
1360 2369 1718 2462 συμμάχους
1740 2419 1758 2454 ,

348 2478 681 2602 κεραννύναι
724 2477 829 2543 τὸν
872 2473 1029 2542 οἶνον
1067 2469 1323 2553 Εὐὸοῆςὶ
1346 2470 1379 2506 ⁴¹
1408 2479 1607 2569 Τρυφὴ

346 2585 451 2644 καὶ
487 2579 611 2666 βίος
636 2581 898 2661 άληθῶς·
936 2579 1088 2649 αλλ’
1132 2577 1491 2666 ἀπαιδεύτῳ
1530 2585 1684 2674 τύχη

350 2677 733 2778 δουλεύομεν.

182 695 283 736 to

174 1859 283 1904 20

180 2883 237 2935 Χ
243 2900 377 2941 ersu
400 2889 432 2951 4
456 2883 695 2943 fortasse
714 2885 835 2959 νῶν,
860 2885 895 2953 ἡ
911 2881 1071 2963 τύχη,
1086 2885 1334 2943 confusis
1354 2905 1383 2941 υ
1404 2895 1462 2943 et
1482 2907 1527 2941 ω
1547 2886 1765 2957 litteris,

182 2981 260 3025 ut
288 2972 563 3047 Xenopli.
588 2972 893 3049 Cyropaed.
940 2993 1000 3048 7,
1038 2994 1093 3043 1,
1126 2981 1224 3043 4²,
1256 2975 1438 3031 Time.
1472 2992 1529 3043 2,
1558 2973 1668 3045 81,
1654 2996 1664 3007 ·
1704 2983 1760 3045 4,

182 3078 306 3133 293
335 3079 391 3129 7,
426 3060 495 3117 18
520 3072 577 3118 et
602 3066 697 3133 42,
716 3064 957 3135 Dionys.
984 3080 1137 3121 com.
1162 3059 1413 3139 Σωζούσῃ
1438 3060 1656 3136 (ipsum
1675 3064 1762 3117 νῦν

181 3165 307 3221 pro
348 3147 449 3224 νῷν
482 3148 689 3237 legitur
733 3150 900 3209 etiam
934 3149 1095 3226 apud
1143 3151 1577 3225 Theopompum
1611 3168 1761 3209 com.

184 3233 398 3311 Στρατ.
429 3235 523 3309 2);
554 3258 569 3291 ι
598 3248 786 3293 autem
827 3240 1041 3312 scripto
1078 3256 1188 3313 pro
1222 3259 1257 3307 η
1286 3240 1427 3295 vitio
1463 3239 1759 3295 iotacismi.

184 3326 263 3381 V.
288 3342 320 3392 7
361 3324 551 3380 scribo
578 3322 709 3382 ἔστ’
747 3324 822 3383 ἂν
853 3324 1185 3401 ἀνάγουσα
1214 3326 1511 3397 παντελῶς,
1548 3326 1663 3395 εἰκῆ
1699 3325 1763 3383 τέ

184 3432 330 3475 πως.
348 3412 415 3469 V.
444 3430 481 3487 9
504 3412 615 3476 πῶς
632 3410 736 3491 γάρ
761 3414 991 3473 Jacobs.
1010 3432 1119 3489 pro
1141 3411 1216 3479 τίς
1238 3414 1361 3491 γάρ.
1378 3417 1444 3472 V.
1478 3433 1548 3471 ιο
1564 3416 1763 3489 scripsi

187 3496 479 3569 ‘EM-qviq,
499 3501 619 3557 scil.
649 3502 742 3577 γῆ,
772 3501 1021 3573 Graecia,
1050 3520 1222 3577 quam
1256 3502 1571 3577 alloquitur
1598 3520 1763 3559 versu

196 3608 221 3642 ι
240 3588 295 3644 3.
326 3588 533 3663 Vulgo,
556 3590 733 3647 etiam·
749 3590 907 3665 apud
924 3590 1080 3650 Eust.
1108 3610 1170 3665 p.
1208 3608 1381 3661 1077,
1408 3589 1506 3665 31,
1528 3586 1758 3661 Ἕλλην,

185 3674 359 3749 quod
378 3671 611 3751 quidem
627 3695 746 3735 non
768 3676 1035 3753 repudio,
1054 3694 1275 3735 memor
1299 3678 1609 3735 verborum
1627 3672 1762 3737 Ἐλ-

186 3763 292 3831 λην
316 3759 447 3837 γυνὴ
470 3762 628 3842 apud
654 3764 1045 3823 Philemonem
1076 3762 1240 3823 Παιδ.
1268 3777 1325 3821 et
1342 3764 1763 3823 nonnullorum

188 3852 463 3909 similium
475 3872 497 3923 3
529 3851 941 3929 praeferendam
973 3866 1161 3911 tamen
1196 3852 1339 3911 duxi
1362 3853 1610 3909 formam
1640 3871 1759 3908 non

188 3938 537 4015 ambiguam.
563 3940 631 3998 V.
664 3959 733 3999 12
760 3941 896 3997 libri
923 3938 1155 4019 ἱλαροὺς,
1186 3941 1351 4015 quod
1384 3942 1431 3997 si
1457 3939 1631 3997 fidem
1656 3940 1763 3996 ha-

190 4027 381 4097 beret,
420 4044 599 4101 quum
629 4030 875 4087 otiosum
902 4048 1020 4087 esse
1041 4029 1333 4086 videretur
1356 4028 1525 4101 juxta
1547 4026 1757 4095 παίζον·

300 4191 874 4250 tibiiscircumsonos?
903 4192 995 4250 dic
1024 4194 1160 4267 ipsa,
1186 4192 1522 4259 dulcissima,

302 4286 397 4333 aut
438 4276 627 4335 refelle
664 4277 831 4347 iliud,
890 4280 1147 4337 rusticam
1186 4294 1305 4336 esse
1349 4286 1595 4335 nostram
1644 4276 1754 4335 for-

1546 4373 1756 4421 tunam.

200 4456 266 4504 15
302 4452 424 4507 Nou
450 4448 559 4507 hoc
584 4466 769 4507 revera
790 4458 872 4507 est
905 4453 1101 4519 vivere,
1128 4465 1296 4524 quam
1321 4460 1540 4519 vocant,

298 4534 529 4593 deorum
550 4538 737 4595 vitam.
763 4540 939 4609 Quam
968 4540 1243 4597 suaviores
1274 4541 1631 4611 umentibus

297 4624 481 4681 forent
498 4640 586 4682 res
602 4626 663 4683 in
692 4626 936 4695 urbibus,

296 4712 341 4768 si
367 4712 533 4769 vitam
558 4720 899 4771 mutaremus
932 4716 1030 4781 ita,

298 4807 361 4857 ut
384 4800 641 4858 biberent
656 4800 1018 4859 Athenienses
1049 4819 1242 4861 omnes
1268 4820 1445 4877 usque
1458 4803 1527 4860 ad

197 4896 265 4945 20
302 4904 479 4947 annos
506 4890 731 4961 triginta
753 4896 945 4949 natos!
962 4893 1175 4964 equites
1198 4900 1381 4949 nutem
1410 4890 1584 4948 multo
1605 4908 1763 4949 mane

298 4980 507 5036 exirent
528 4977 601 5035 ad
632 4979 1077 5037 comissationem
1116 4979 1442 5039 Corinthum
1481 4982 1537 5037 in
1575 4980 1763 5038 decem

1584 5066 1761 5135 [dies.

298 5152 519 5207 coronis
538 5150 701 5205 cincti
732 5160 787 5208 et
814 5156 1169 5224 unguentati,
1193 5162 1317 5211 aute
1347 5153 1527 5222 diem3

3302 348 3414 397 659

1808 469 1815 488 ¹
1858 481 1950 526 τας
1967 505 1982 532 ,
2017 473 2136 518 tum
2158 461 2287 534 jure
2323 461 2586 533 adJectivi
2619 466 2848 538 potiore
2867 465 2993 522 sede
3019 485 3212 524 rursus
3239 471 3416 525 collo-

1854 550 2138 622 candum3
2162 569 2314 610 nunc
2331 592 2350 626 ,
2376 551 2654 611 adverbio
2681 554 2863 609 relato
2897 554 2972 610 ad
3007 553 3310 630 παίζοντας,
3333 561 3420 613 ni-

1854 638 1937 692 hil
1971 649 2054 694 est
2089 638 2250 712 quod
2286 639 2684 714 reprehendas.
2739 644 2805 696 V.
2865 649 2931 707 14
2978 644 3150 718 vulgo
3217 641 3416 722 ἔλεγχ’,

1856 745 2036 801 quum
2077 723 2112 794 ἢ
2149 728 2490 800 requiratur.
2531 731 2597 785 V.
2639 727 2706 782 15
2744 730 2824 784 sic
2863 731 3181 807 Schweigh.
3221 751 3330 808 pro
3358 733 3420 791 τὸ

1854 812 1980 871 καλ.
2009 815 2076 872 V.
2111 812 2188 870 ⁴23
2210 814 2578 872 scribendum
2603 828 2688 871 est
2711 815 2859 881 τοὺς
2890 815 3192 896 ῥάφανον
3219 820 3294 895 ἐμ
3311 841 3418 878 πο-

1857 899 2152 986 λοῦντας.
2183 927 2206 950 ·
2243 905 2618 979 Megarenses,
2663 905 2950 982 quidquid
2987 904 3062 964 ad
3103 919 3420 968 sustentan-

1856 988 1988 1045 dam
2007 991 2182 1048 vitam
2215 994 2548 1066 pertineret,
2571 993 2824 1052 Athenas
2851 997 3237 1073 apportabant
3255 1040 3272 1068 ,
3307 1001 3418 1075 ipsi

1854 1077 1974 1133 fere
2003 1081 2158 1134 tenui
2184 1083 2339 1136 victu
2375 1084 2630 1138 contenti
2674 1100 2689 1137 ε
2717 1084 2834 1144 vid.
2874 1088 2974 1140 Ar.
3009 1086 3260 1145 Acharn.
3305 1107 3420 1162 729

1858 1163 2044 1244 (705)
2073 1186 2233 1244 seqq.
2287 1171 2566 1244 Reingan.
2611 1173 2877 1248 Megara.
2923 1193 2985 1249 p.
3037 1181 3134 1245 47.
3171 1201 3194 1224 υ
3231 1177 3279 1230 E
3323 1177 3414 1232 M.

1856 1253 2120 1310 Versibus
2139 1253 2234 1326 25,
2260 1255 2334 1310 26
2353 1257 2432 1311 sic
2453 1257 2625 1316 codd.
2647 1259 2907 1332 plerique
2931 1281 2944 1314 :
2964 1261 3064 1317 sed
3081 1261 3173 1319 v1.
3189 1258 3413 1332 Εὐὸοῆς.

1856 1343 2012 1400 ταῦτ’
2039 1332 2102 1414 ἦν
2131 1342 2300 1422 τρυφὴ
2343 1343 2472 1420 Ικαὶ
2513 1349 2564 1422 β.
2598 1347 2652 1406 ἃ.
2683 1346 3030 1406 Glossema
3056 1351 3212 1407 haud
3245 1351 3422 1408 dubie

1858 1434 2008 1490 ταῦτ’
2049 1443 2110 1488 et
2147 1431 2339 1510 τρυφή.
2385 1436 2572 1506 Quare
2602 1436 2838 1492 restituo
2880 1433 3107 1508 Εὗὸοῆς.
3139 1437 3233 1495 Τά
3251 1437 3295 1496 δ’
3340 1429 3376 1516 ᾖ
3409 1441 3418 1514 Ι

1856 1517 2152 1598 βίος.(γ’)
2181 1520 2407 1590 ἀληθῶς.

2361 1631 2460 1690 Vl.
2505 1633 2918 1694 ΔΙΑΒΟΛΟΣ.

1936 1857 2096 1914 Stob.
2133 1860 2282 1914 Flor.
2311 1859 2372 1926 6,
2399 1860 2494 1916 28.

1955 1972 2349 2041 Κατακλείεθ’
2394 1979 2431 2046 ἡ
2468 1973 2612 2060 θύρα
2657 1981 2910 2066 μοχλοῖς
2933 1997 2946 2010 ·
2986 1969 3133 2041 ἀλλ’
3166 1969 3306 2042 οὐδὲ
3341 1971 3422 2052 εἷς

1958 2079 2193 2142 τέκτων
2225 2076 2253 2105 ⁴²
2288 2075 2507 2168 ὀχυρὰν
2537 2081 2727 2154 οὕτως
2761 2079 3038 2150 ἐποίησεν
3078 2080 3280 2162 θύραν,

1956 2175 2039 2248 δι’
2069 2181 2138 2260 ἧς
2161 2190 2321 2277 γαλῆ
2347 2183 2451 2248 καὶ
2481 2185 2692 2274 μοιχὸς
2732 2189 2840 2251 οὐκ
2871 2186 3234 2279 εἰσέρχεται.

1857 2316 2036 2372 Versu
2064 2335 2088 2371 1
2119 2315 2253 2371 libri
2273 2314 2483 2371 mendo
2511 2317 2642 2371 satis
2661 2315 2952 2390 frequente
2979 2313 3070 2372 καὶ
3095 2312 3284 2388 (quod
3305 2333 3419 2370 om.

1856 2401 1937 2480 A)
1959 2401 2164 2463 κλύεθ’.
2183 2408 2386 2461 Versus
2405 2422 2438 2460 α
2463 2422 2688 2462 numen
2713 2423 2844 2464 sane
2867 2404 3168 2462 innumeri.
3197 2403 3317 2479 Ego
3337 2404 3416 2460 sic

1856 2492 2085 2549 scribo:

1956 2602 2246 2666 τέκτων’
2223 2595 2450 2672 airoino-⁸
2485 2595 2688 2691 (ἂν)
2662 2597 2881 2693 οχυρόιν
2913 2603 3102 2678 οὕτως
3127 2599 3325 2692 θύραν.

2603 2747 2662 2786 2·

1939 2840 2140 2895 Pollux
2173 2858 2265 2911 ιο,
2303 2839 2446 2906 154.
2433 2860 2445 2872 ·
2479 2823 2537 2896 οὔ
2561 2837 2670 2914 μὴν
2699 2836 2945 2896 ἀλλὰκαὶ
2974 2836 3062 2895 ἐπὶ
3091 2842 3184 2896 τοῦ
3212 2839 3424 2917 ἀγγείου

1854 2928 2268 3006 γλωττοκομιῗον
2289 2929 2573 3001 (Nunnoe.
2598 2931 2847 2986 correxit
2856 2925 3252 3005 γλωττόκομον)
3275 2925 3422 3006 παρὰ

1854 3038 1960 3083 τοις
1987 3016 2250 3097 νεωτέροις
2282 3014 2422 3073 ἔστιν
2461 3019 2656 3094 stipsis,
2684 3018 2820 3081 ὡς..
2829 3016 2969 3076 ,καὶ
2999 3018 3051 3074 ἐν
3081 3014 3414 3075 Ἀπολλοδώ-

1855 3124 1946 3184 ρου
1988 3110 2080 3163 τοῦ
2119 3102 2432 3183 Καρυστίου
2447 3102 2762 3183 Διαὸόλῳι
2805 3103 3004 3179 Μέγα,
3052 3126 3097 3160 ω
3135 3102 3418 3181 Φορμίων,

1854 3193 2264 3271 γλωττοκομεῖον
2279 3193 2373 3249 οὔκ
2392 3192 2716 3271 ὀφθαλμῷ.υ
2697 3192 3127 3249 -Probsbiliter
3153 3192 3410 3251 Lobeck.

1850 3284 1928 3341 ad
1956 3285 2168 3358 Phryn.
2189 3302 2249 3359 p.
2283 3302 2359 3357 99

1953 3400 2146 3491 Μέγ’,
2195 3403 2226 3463 ὁ
2271 3394 2589 3489 Φορμίων,
2635 3394 3094 3488 γλωττόκομον·
3152 3400 3257 3462 οὐκ
3312 3401 3418 3485 ὀφ-

3155 3501 3414 3591 θαλμιῶ.

1854 3630 2132 3689 Codicum
2155 3629 2412 3707 ὀφθαλμῷ
2431 3629 2554 3702 jam
2585 3630 3037 3704 Jungermannus
3067 3642 3414 3685 correxerat.

2415 3744 2538 3802 vu.
2581 3742 2857 3803 ΕΚΥΡΑ.

1949 3876 1972 3899 ιι
2017 3854 2264 3924 Hecyra,
2326 3868 2498 3925 quam
2537 3850 2727 3905 nullus
2770 3859 3026 3905 veterum
3069 3851 3422 3924 scriptorum

1857 3940 2360 4011 commemoravit,
2383 3940 2626 3995 Terentii
2660 3938 2970 3993 imitatione
2991 3937 3292 3992 nobilitata
3312 3948 3415 3993 est.

1854 4029 1938 4085 Cf.
1970 4028 2096 4081 Vita
2122 4026 2372 4081 Terentii
2399 4044 2430 4081 a
2455 4025 2608 4098 Majo
2633 4024 2786 4081 edita
2810 4043 2870 4100 p.
2898 4024 3067 4100 38,et
3093 4043 3128 4080 a
3159 4026 3422 4079 Petrarca

1965 4189 2210 4263 raphano
2227 4196 2411 4269 empto
2435 4190 2840 4261 Megarensium

1961 4274 2030 4333 ad
2049 4275 2310 4333 balneum
2335 4274 2552 4333 abirent
2569 4275 2705 4333 socii
2729 4315 2744 4339 ,

1855 4370 1922 4419 25
1963 4363 2147 4418 vinum
2173 4360 2465 4419 miscerent
2487 4360 2848 4418 Euboeenses!
2878 4364 3012 4419 Haec
3039 4376 3220 4417 revera

1961 4447 2127 4505 fuerit
2155 4448 2293 4503 vita:
2319 4446 2413 4505 sed
2435 4446 2726 4503 ineruditae
2753 4445 2992 4504 fortunae

1959 4534 2245 4591 servimus.

2352 4620 2908 4677 CALUMNIATOR.

2611 4713 2661 4763 1.

1852 4794 2088 4852 occlusa
2125 4800 2207 4850 est
2227 4794 2397 4865 janua
2419 4792 2696 4865 ligonibus
2715 4812 2730 4861 ς
2752 4792 2850 4849 sed
2871 4792 3055 4848 nullus

1852 4880 2184 4939 architectus
2207 4888 2320 4935 tam
2343 4876 2555 4934 firmam
2585 4876 2716 4935 facit
2735 4878 2958 4949 ¹ianuam
2979 4918 2995 4943 ‚

1854 4986 1950 5041 per
1977 4983 2140 5040 quam
2165 4965 2281 5023 felis
2304 4973 2359 5022 et
2383 4964 2632 5023 moechus
2651 4980 2765 5021 non
2786 4965 3034 5021 introeat.

2612 5075 2646 5111 2
2661 5102 2669 5110 .

1858 5154 2076 5222 Magna,
2113 5150 2387 5215 Phormio,
2415 5150 2578 5214 eista;
2603 5163 2718 5203 nou
2747 5146 2992 5203 caecutio.

3135 5238 3200 5278 ιι.
