3809 5850
488 454 604 509 ⁴26
1501 441 1776 502 MEDIAE
1818 440 2234 502 coMOEmAE
2278 439 2685 514 RELIQlJiAE.

581 583 710 647 Οὐκ
738 579 1102 670 ἐπικεκυφὼς
1129 575 1288 668 ὀρθὸς
1307 625 1324 659 ,
1357 571 1406 641 ὦ
1437 579 1740 660 βέλτιστ’,
1771 577 1927 657 ἔσει,

581 689 738 756 αὕτη
754 678 872 749 *δὲ
901 675 1146 774 καριδοῖ
1172 680 1244 747 τὸ
1275 707 1451 773 σομα
1477 682 1768 772 καμπύλη
1789 731 1806 765 ,

579 785 817 882 ἄγκυρά
846 784 909 854 τ’
940 786 1104 854 ἐστὶν
1133 782 1412 878 ἄντικρυς
1440 797 1545 855 τοῦ
1565 785 1924 879 *σώμαι-ος.

491 915 735 972 «Affert
752 916 872 970 baec
913 915 1050 974 Ath.
1093 933 1162 970 eo
1192 915 1462 984 consilio,
1496 927 1562 971 ut
1589 915 1824 985 doceat,
1851 912 2057 991 καρῖδες

483 1005 798 1078 penultima
820 1003 994 1077 longa
1017 1002 1164 1058 dici·
1149 1002 1354 1076 ,quod
1379 1019 1707 1076 quanquam
1721 1019 1921 1056 verum
1943 1011 2053 1070 est,

485 1104 676 1148 tamen
697 1109 768 1147 ex
787 1091 1054 1146 hocloco
1075 1109 1196 1146 non
1209 1101 1522 1166 apparet.»
1495 1092 1594 1146 »E
1607 1091 1694 1146 M.
1725 1091 1872 1146 Sane
1892 1089 2057 1163 prior

483 1179 708 1254 syllaba
725 1179 883 1234 vocis
898 1174 1311 1254 καρὶςρνοάιιοί
1332 1178 1576 1255 solet(v.
1596 1195 1732 1236 ann.
1745 1177 1821 1234 ad
1838 1179 2055 1250 Lycur-

485 1265 706 1342 gum)·
743 1267 1014 1341 quoniam
1049 1277 1238 1323 tamen
1269 1285 1387 1322 non
1418 1265 1622 1322 desunt
1661 1265 1921 1341 exempla
1958 1281 2057 1318 va-

483 1355 640 1408 riatae
671 1355 997 1428 quantitatis
1022 1356 1341 1424 vocalium,
1367 1365 1558 1430 potest
1593 1363 1658 1409 ut
1696 1357 1808 1410 An.
1849 1351 2059 1408 dixerit

483 1438 622 1497 ἔσει·
665 1437 800 1511 αὕτη
844 1441 1054 1519 καριδοῖ
1095 1436 1159 1510 δὴ
1205 1438 1266 1498 τὸ
1309 1462 1362 1500 σ.
1409 1463 1486 1512 x„
1531 1440 1834 1516 asyndeto,
1886 1439 2057 1514 quale

485 1529 681 1602 Ulysse
707 1548 871 1586 versu
909 1547 997 1602 17.
1029 1533 1209 1588 Versu
1250 1549 1276 1586 1
1320 1530 1678 1606 Dalecamp„
1717 1540 1774 1586 et
1811 1529 2053 1586 casaub.

481 1613 810 1696 ἐπικεκυφὼς
822 1636 932 1692 pro
951 1616 1306 1695 ἐπικεκρυφῶς
1323 1618 1446 1673 vel·
1423 1613 1585 1695 -φώς,
1605 1618 1672 1675 ln
1687 1615 1800 1672 fine
1813 1635 2006 1672 versus
2022 1634 2055 1672 2

483 1707 745 1762 nonnulli
773 1705 908 1760 libri
941 1705 1009 1761 τ.
1032 1706 1102 1761 V.
1133 1705 1167 1761 3
1201 1703 1408 1780 ἄγκυρα
1445 1705 1665 1764 dictum
1692 1706 1913 1780 tropice
1949 1723 2057 1779 pro

485 1792 894 1868 impedimento
964 1793 1083 1850 sive
1145 1793 1468 1854 obstacu10.
1529 1791 1818 1868 Σώματος,
1880 1794 2057 1848 immo

484 1881 608 1956 σχή
627 1900 848 1956 ματος.

1245 2003 1301 2042 2.

565 2093 766 2151 Suidas
790 2111 852 2153 v.
887 2090 1302 2174 Ἀρεοπαγίτης.
1338 2093 1430 2151 καὶ
1472 2090 1652 2171 Ἄρεος
1695 2091 1931 2164 νεοττὸς,
1968 2089 2059 2150 καὶ

485 2175 711 2259 Ἄρεος
741 2179 1038 2254 παιδίον,
1065 2179 1284 2240 ἐπὶτῶν
1315 2180 1670 2260 θρασυτάτων.
1701 2178 1959 2258 κέχρηται
1983 2181 2061 2260 τῷ

489 2265 587 2340 μὲν
612 2265 807 2346 πρώτῳ
835 2267 1068 2328 Πλάτων
1081 2267 1448 2348 Ἦεισάνδρῳ,
1493 2271 1568 2348 τῷ
1603 2267 1658 2326 δὲ
1698 2265 1925 2347 δευτέρῳ
1950 2265 2055 2324 ’Am

491 2351 776 2432 Πανδάρῳ.
810 2353 908 2411 Sic
943 2367 1097 2412 recte
1137 2357 1256 2412 haec
1295 2357 1619 2413 emendavit
1652 2357 1920 2430 Meinek„
1961 2357 2061 2431 qui

486 2441 712 2500 confert
727 2441 986 2500 Nicetam
1007 2443 1152 2501 flist.
1169 2462 1230 2518 p.
1255 2443 1388 2515 307,
1402 2445 1600 2500 nbiest
1605 2438 1784 2522 Ἄρεος
1797 2400 2058 2522 τρόιῖιιμοι.

951 2593 1228 2655 xxvm.
1279 2593 1584 2654 ΠΟΛΕῙΣ.

575 2735 807 2810 Quod
834 2738 1070 2814 Eupolis
1097 2739 1232 2795 fecit
1259 2734 1524 2814 Πόλεσιν,
1547 2746 1613 2794 ut
1640 2739 1895 2795 civitates
1912 2741 2063 2798 Grae·

487 2826 588 2880 ciae
627 2835 958 2900 personatas
1005 2827 1066 2880 iu
1104 2843 1331 2882 scenam
1377 2778 1756 2901 produceret,
1801 2827 1955 2883 idem
2001 2830 2062 2884 in

487 2914 828 2990 cognomine
864 2912 1054 2971 fabula
1092 2914 1174 2972 sic
1211 2915 1516 2973 instituisse
1541 2913 1769 2973 videtur
1808 2919 1945 2988 An„
1995 2928 2061 2976 ut

488 3002 902 3076 praesentibus
885 3020 946 3057 m
967 3020 1138 3059 scena
1165 3002 1504 3062 Civitatibus
1529 3005 1742 3081 legatos
1767 3006 2061 3083 AEgyptio-

489 3110 619 3146 rum
645 3088 978 3163 induceret,
1005 3089 1434 3149 Atheniensium
1451 3094 1636 3150 soedus
1659 3105 1830 3169 atque
1853 3098 2061 3153 auxilia

488 3190 781 3256 petentes,
814 3182 915 3254 qui
950 3180 1079 3237 illos
1119 3185 1406 3258 aspernati
1436 3202 1506 3240 eo
1534 3184 1712 3240 modo
1740 3187 2059 3261 responde-

488 3270 633 3338 rint,
664 3282 780 3341 quo
809 3268 1019 3344 legitur
1037 3270 1192 3344 apud
1213 3272 1612 3329 Athenaeum.
1611 3272 1704 3327 »E
1729 3272 1818 3328 Μ.

569 3359 776 3418 Athen.
802 3377 860 3430 7,
889 3376 951 3434 p.
989 3378 1125 3435 299,
1151 3361 1236 3419 F:
1261 3354 1368 3420 Ἂν.
1400 3359 1444 3416 δ’
1465 3360 1519 3418 ἐν
1544 3358 1745 3420 Πόλεσι
1761 3357 1928 3439 ,πρὸς
1946 3358 2061 3427 τοὺς

489 3442 809 3525 Αἰγυπτίους
837 3446 1238 3525 ἀποτεινόμενος
1263 3446 1353 3506 τὸν
1374 3446 1548 3526 λόγον,
1572 3446 1730 3527 φησὶν

633 3562 766 3625 Οὐκ
795 3585 868 3625 αν
894 3553 1187 3655 δυναίμην
1215 3569 1562 3655 συμμαχεῖν
1588 3567 1734 3654 ὑμῖν
1760 3566 1915 3655 ἐγω·

631 3661 756 3731 οὔθ’
785 3665 840 3731 οἱ
872 3667 1081 3757 τρόποι
1111 3664 1228 3759 γὰρ
1255 3672 1555 3757 ὀμονοοῢσ’
1583 3668 1704 3735 οὔθ’
1735 3667 1789 3735 οἱ
1815 3670 1981 3760 νόμοι

633 3774 832 3859 ἡμῶν,
869 3770 977 3835 ἀπ’
1011 3772 1299 3845 ἀλλήλων
1332 3766 1399 3838 δὲ
1427 3766 1720 3862 διέχουσιν
1749 3776 1929 3840 πολυ.

635 3883 780 3939 Βοῦν
797 3882 1145 3965 προσκυνεῖς
1162 3926 1180 3961 ,
1214 3880 1334 3969 ἐγὼ
1361 3869 1429 3944 δὲ
1457 3878 1573 3943 θύω
1603 3884 1735 3955 τοῖς
1763 3879 1943 3955 θεοῖς·

540 3972 582 4044 5
638 3980 750 4051 τὴν
775 3979 1032 4071 ἔγχελυν
1063 3982 1347 4072 μέγιστον
1379 3988 1524 4075 ἡγεῖ
1551 3976 1850 4075 δαίμονα,

1057 4166 1474 4225 PANDARUS.

1245 4258 1294 4308 ¹.

489 4334 757 4391 Curvatus
781 4350 954 4407 quum
979 4337 1076 4409 sis,
1101 4338 1302 4409 optime
1319 4380 1335 4407 ‚
1356 4354 1468 4395 non
1491 4342 1599 4397 eris
1629 4351 1843 4411 rectus,

487 4418 586 4475 sed
611 4419 822 4492 squilloe
841 4420 1020 4479 simile
1039 4421 1220 4481 reddit
1245 4440 1442 4499 corpus
1461 4426 1580 4484 haee
1605 4428 1844 4499 inflexio,

489 4522 820 4581 prorsusque
846 4524 1044 4569 ancora
1066 4518 1150 4569 est
1164 4510 1377 4570 fonnae.

1253 4600 1306 4649 2.

490 4674 682 4733 Martis
711 4674 912 4747 pullus.

1075 4766 1471 4827 CiVlTATES.

598 4850 724 4908 Non
748 4865 967 4923 possum
987 4852 1164 4911 socius
1187 4856 1338 4913 vobis
1361 4874 1476 4916 esse
1499 4860 1554 4916 in
1578 4860 1724 4918 bello
1753 4880 1764 4914 :

598 4952 775 5009 neque
801 4937 950 4994 enim
977 4939 1058 4997 vel
1083 4956 1262 4999 mores
1287 4932 1593 5018 congruunt
1625 4948 1708 5005 vel
1734 4949 1879 5021 leges

597 5030 797 5080 nostrae
812 5062 828 5093 ‚
853 5023 948 5081 sed
974 5026 1208 5085 multum
1235 5028 1479 5089 invicem
1493 5032 1778 5091 differunt.
1859 5036 1872 5049 ⁶

596 5110 678 5163 Tu
701 5108 894 5166 bovem
913 5110 1108 5169 adoras
1125 5156 1139 5180 ‚
1170 5130 1270 5187 ego
1287 5116 1396 5173 diis
1417 5119 1700 5188 sacriiieo;

523 5199 558 5249 5
603 5194 897 5266 anguillam
917 5204 980 5253 tu
1004 5198 1301 5258 maximum
1325 5218 1444 5262 esse
1470 5214 1628 5278 putas
1645 5206 1954 5267 daemonem
1973 5252 1987 5278 ‚

597 5294 700 5336 nos
725 5282 1074 5354 opsoniorum
1101 5286 1264 5360 longe
1291 5290 1556 5363 optimum
1579 5314 1592 5361 3

2294 581 2471 666 ἡμεῖς
2506 569 2574 640 δὲ
2620 583 2743 640 τῶν
2775 571 2934 661 ὄψων
2972 575 3257 666 μέγιστον
3283 581 3601 666 παραπολὺ·

2294 686 2399 748 οὐκ
2432 680 2637 758 ἐσθίεις
2662 679 2791 766 ὕει’,
2814 683 2936 773 ἐγὼ
2972 675 3045 746 δέ
3070 677 3132 774 γ’
3152 676 3374 772 ἥδομαι

2299 787 2573 880 μάλιστα
2622 788 2887 864 τούτοις·
2931 787 3083 853 κύνα
3128 783 3315 865 σέὸεις
3335 837 3353 873 ,
3401 791 3595 854 τύπτω
3616 782 3655 853 δ’

3542 897 3660 984 ἐγὼ,

2297 995 2511 1086 τοῦψον
2538 995 2964 1064 κατεσθίουσαν
2993 991 3192 1068 ἡνίκ’*
3164 1021 3239 1062 αν
3262 991 3469 1062 λάὸω·

2162 1125 2242 1171 10
2297 1105 2435 1181 τοὺς
2462 1103 2645 1194 ἱερέας
2674 1094 2879 1168 ἐνθάδε
2909 1102 3014 1193 μὲν
3034 1105 3392 1194 ὁλοκλήρους
3420 1103 3579 1193 νόμος

2296 1205 2485 1296 εἶναι,
2517 1215 2661 1300 παρ’
2699 1212 2849 1300 ὑμῖν
2889 1202 2949 1273 δ’
2960 1212 3103 1294 ,ὣς
3146 1207 3365 1294 ἔοικεν,
3404 1209 3671 1300 ἀπηργμέ·

3552 1341 3672 1390 Q.

2298 1418 2403 1484 τὸν
2432 1417 2733 1512 αἰελουρον
2770 1418 2957 1486 κακὸν
2982 1415 3189 1509 ἔχοντ’
3219 1419 3325 1486 ἐάν
3352 1416 3415 1512 γ’
3450 1415 3604 1512 ἴδῃς,

2294 1523 2527 1612 κλάεις,
2550 1528 2671 1618 ἐγὼ
2692 1518 2751 1592 δ’
2765 1519 2970 1599 ἥδιστ’
2995 1521 3521 1618 (ἃν)άποκτείνας
3540 1520 3673 1616 δέρω·

2296 1627 2555 1700 δυναται
2579 1637 2725 1724 παρ’
2746 1637 2892 1723 ὑμῖν
2922 1635 3170 1724 μυγαλῆ
3190 1679 3209 1715 ,
3230 1637 3378 1724 παρ’
3400 1629 3525 1724 ἐμοὶ
3548 1627 3609 1696 δέ
3628 1627 3673 1721 γ’

3602 1741 3670 1803 οὔ.

2150 1867 2351 1921 Versus
2379 1885 2411 1936 7
2432 1866 2655 1921 numeri
2684 1863 3047 1922 infirmiores.
3081 1865 3285 1925 Scribo
3308 1863 3426 1922 ὖειά
3450 1867 3500 1942 γ’
3522 1863 3611 1940 ἐγὼ
3632 1865 3671 1922 δὲ

2147 1949 2406 2030 χῆὂομαι.
2436 1952 2651 2014 Versus
2679 1973 2749 2010 10
2777 1965 2837 2010 et
2864 1971 2928 2010 11
2966 1953 3134 2010 affert
3168 1955 3428 2012 Eustath.
3454 1973 3513 2029 p.
3540 1955 3673 2021 1183,

2157 2039 2247 2100 13.
2274 2034 2489 2098 Ἔοικεν
2506 2041 2653 2097 bene
2677 2041 2891 2097 habet
2874 2059 2935 2096 m
2947 2043 3171 2098 senario
3190 2042 3411 2098 Comici
3428 2043 3671 2098 liberiore.
3697 2081 3698 2114 3

2150 2129 2317 2202 Quod
2362 2129 2461 2186 alii
2509 2131 2871 2202 maluerunt,
2924 2125 3093 2200 lotx'„
3119 2131 3429 2206 Tragicum
3467 2130 3671 2187 deceret.

2152 2213 2537 2293 Ἀπηργμένους
2552 2257 2571 2288 ,
2596 2230 2894 2286 castrum,
2916 2214 3001 2274 δια
3023 2213 3121 2286 τὴν
3140 2219 3340 2292 τμῆσιν
3357 2241 3461 2274 των
3486 2217 3698 2289 amm}

2148 2317 2213 2360 ut
2236 2305 2459 2362 scribit.
2482 2307 2641 2363 Eust.
2666 2308 2795 2363 «De
2812 2307 3015 2362 ceteris
3032 2306 3436 2410 AEgyptiprum
3458 2309 3675 2363 sacerdo·

2152 2393 2300 2449 tibus
2320 2394 2463 2449 nihil
2482 2393 2762 2466 ejusmodi
2782 2411 2875 2452 me
2896 2395 3087 2470 legere
3109 2395 3375 2466 memini,
3404 2397 3581 2453 Nilum
3600 2415 3675 2450 au-

2151 2492 2264 2537 tem
2311 2478 2377 2539 δι’
2436 2479 2763 2560 ἃνδρογύνων
2804 2483 2919 2538 coli
2968 2482 3205 2538 tradidit
3240 2483 3547 2560 Gregorius
3572 2484 3698 2542 Naz

2150 2571 2306 2628 Orat.
2340 2577 2398 2640 4,
2427 2588 2485 2645 p.
2516 2568 3031 2641 128,B,etCa1—m.
3058 2570 3130 2626 61
3168 2572 3477 2631 inNemes.
3499 2592 3551 2629 v
3572 2592 3657 2642 ²7

2152 2675 2279 2731 quae
2308 2657 2479 2714 verba
2500 2675 2621 2715 non
2646 2675 2779 2715 cum
2804 2660 3013 2715 Nonne
3032 2659 3239 2735 Synag.
3262 2660 3391 2715 hist.
3406 2661 3479 2716 ad
3506 2662 3698 2730 Ιιιναί.Ξ

2150 2763 2262 2802 sec.
2296 2747 2331 2822 S
2359 2745 2460 2816 25,
2483 2765 2544 2822 p.
2588 2745 2718 2822 169,
2745 2749 2835 2803 vel
2869 2765 2997 2804 cum
3026 2748 3147 2802 Elia
3177 2746 3430 2807 Cretensi
3460 2751 3533 2805 ad
3554 2751 3698 2804 Orat..

2155 2840 2213 2904 4,
2251 2841 2359 2905 41,
2396 2851 2455 2908 p.
2506 2834 2654 2909 469,
2692 2834 2765 2891 de
2810 2835 3128 2890 libidinosis
3168 2836 3529 2912 intelligenda
3568 2853 3680 2895 esse,

2153 2923 2325 2981 docet
2368 2924 2644 2981 Eusebius
2679 2925 2790 2980 vit.
2824 2923 3017 2983 Const.
3069 2932 3124 2994 4,
3152 2921 3265 2994 28,
3303 2944 3367 3000 p.
3404 2923 3539 2998 537,
3578 2927 3631 2980 B.
3662 2936 3698 2969 w

2153 3014 2203 3067 E
2246 3014 2335 3069 M.
2378 3014 2445 3071 V.
2487 3011 2555 3067 13
2590 3012 2725 3067 libri
2754 3008 2968 3076 κλαίεις.
3009 3010 3224 3069 Addidi
3254 3010 3341 3071 ἄν.
3384 3016 3448 3071 V.
3496 3021 3558 3079 14
3600 3033 3679 3083 μυ·

2152 3100 2313 3177 γαλῆ,
2342 3118 2401 3160 v.
2426 3098 2707 3157 Herodot.
2736 3118 2797 3171 2,
2828 3100 2929 3172 67.

2519 3252 2737 3315 xxlx.
2781 3252 3344 3314 ΠΡΩΤΕΣΙΛΑΟΣ.

2919 3402 2966 3439 1.

2232 3498 2439 3557 Athen.
2484 3503 2637 3572 [ηρ.
2686 3496 2829 3568 ι3ι,
2854 3500 2905 3553 Δ
2938 3514 3151 3570 seqq..
3138 3494 3303 3555 ·'Av.
3338 3496 3387 3554 δ’
3416 3497 3468 3555 ἐν
3500 3497 3698 3574 Πρωτε-

2153 3585 2347 3670 eumq»,
2381 3582 2641 3661 διασυρων
2678 3606 2739 3641 το
2784 3584 2888 3642 τῶν
2930 3580 3254 3663 Ἰφικράτους
3286 3584 3473 3665 γάμων
3514 3580 3677 3660 cuped-

2152 3696 2282 3747 σιον,
2300 3670 2445 3731 ὄπ’
2410 3693 2569 3750 ηγετο
2592 3668 2689 3743 τὴν
2715 3670 2914 3737 Κότυος
2944 3677 3035 3731 τοῦ
3070 3673 3303 3755 Θρακῶν
3344 3644 3587 3754 βασιλέως
3608 3676 3698 3727 θυ-

2151 3760 2382 3843 γατέρα,
2413 3758 2541 3839 φησὶ

2298 3870 2431 3944 Κᾶν
2456 3884 2663 3942 ταῦτα
2696 3884 2906 3969 ποιῆς,
2952 3880 3149 3968 ὥσπερ
3178 3872 3421 4010 (ρροίζω,

2284 3988 2594 4075 λαμπροῖς
2621 3948 2879 4061 δείπνόις
2853 3976 3163 4077 δεξόμεθ’
3188 3989 3385 4075 υμᾶς,

2257 4176 2319 4227 tu
2340 4167 2559 4225 suillam
2586 4166 2807 4240 quidem
2832 4184 3053 4225 earnem
3074 4183 3189 4225 non
3208 4170 3487 4238 comedis,
3516 4185 3599 4242 ego
3616 4164 3671 4221 vt!

3600 4266 3673 4309 ime
3697 4286 3698 4299 η

2259 4342 2504 4399 delector
2520 4357 2611 4411 ea;
2628 4356 2819 4399 canem
2841 4344 3135 4409 veneraris.
3154 4358 3258 4417 ego
3276 4256 3671 4403 autemffim

2260 4428 2305 4485 si
2329 4429 2614 4500 opsonium
2637 4427 2985 4485 devorantem
3008 4429 3265 4500 invenio;

2155 4520 2225 4570 ιο
2258 4512 2561 4571 sacerdotes
2584 4512 2675 4571 hie
2701 4513 2927 4588 quidem
2952 4515 3077 4588 lege
3091 4524 3225 4573 sunt
3247 4516 3450 4590 integri
3472 4528 3675 4589 corpore·

2260 4601 2405 4674 apud
2431 4618 2527 4659 vos
2548 4596 2766 4671 autem,
2791 4602 2901 4660 nisi
2920 4602 3098 4672 fallor,
3124 4606 3383 4673 castrati;

2257 4688 2421 4745 felem
2439 4728 2456 4758 ,
2485 4688 2626 4746 male
2646 4704 2706 4746 se
2732 4688 3023 4747 habentem
3052 4690 3227 4748 sicubi
3250 4690 3480 4761 videris,
3560 4690 3698 4775 [ι’ὶωἰ

2258 4775 2527 4833 miseraris
2541 4819 2556 4847 ,
2581 4792 2683 4848 ego
2712 4786 2893 4835 aute-m
2924 4776 3283 4838 libentissime
3300 4782 3533 4839 occisum
3548 4777 3698 4835 deco»

2261 4863 2319 4920 iu
2346 4860 2553 4920 honore
2582 4863 2727 4937 apud
2763 4878 2863 4923 vos
2892 4874 2977 4923 est
3009 4882 3135 4923 mus
3163 4882 3430 4936 araneus,
3454 4866 3580 4941 apud
3602 4878 3698 4919 nor

3148 4954 3407 5029 [quidem
3438 4970 3537 5013 non
3558 4953 3663 5008 item

2684 5038 3211 5099 Pnomsmms,

2258 5214 2328 5271 Et
2356 5212 2429 5268 aa
2452 5212 2499 5268 si
2528 5212 2755 5279 feceris.
2784 5222 2847 5271 ut
2872 5134 3024 5283 ⁶230,

2259 5298 2561 5372 splendidis
2586 5318 2679 5358 vos
2708 5304 2881 5375 epulis
2905 5304 3265 5379 excipiemus.
