3809 5850
391 365 467 414 90
1383 345 1793 408 COMOEmAE
1834 345 2166 408 vuwms
2205 340 2628 418 RELIQUIAE.

492 482 817 561 Αθηναίαις
850 488 1061 560 αὐταῖς
1086 507 1155 548 τε
1183 481 1286 548 καὶ
1318 487 1454 560 ταῖς
1488 477 1851 576 ξυμμάχοις.

390 622 460 673 ln
487 617 646 672 libris
676 616 847 673 verba
880 615 933 672 έν
951 613 1058 678 τοῖς
1087 610 1209 690 περὶ
1238 609 1371 686 Ὁμ.
1402 615 1667 688 leguntur
1691 625 1823 688 post
1846 611 1960 671 Ἄτ·

2385 477 2458 538 V.
2522 475 3282 538 ΔΟΥΛΟΔΙΔΑΣΚΑΑΟΣ.

2141 635 2166 660 «ι
2208 612 2623 686 Argumentum
2643 608 2852 666 fabula
2879 621 3002 666 tum
3022 612 3217 669 titulus
3229 613 3362 670 satis
3383 613 3668 684 indicat,

390 700 563 774 τικᾶς,
584 702 885 761 manifesta
902 703 1077 775 culpa
1095 701 1316 758 librarii
1336 699 1602 774 alicujus,
1625 703 1726 776 qui
1742 703 1964 777 primus
2056 710 2181 755 tum
2221 717 2360 757 vero
2391 698 2564 756 etiam
2590 715 2664 754 ex
2689 698 2892 755 Athen.
2927 698 2989 769 6,
3018 718 3081 774 Ρ.
3117 699 3256 772 262,
3291 704 3358 772 B,
3402 704 3670 778 perspi·

391 810 461 848 ea
486 809 589 848 suo
619 791 751 847 loco
772 791 961 866 posita
988 789 1344 864 neglexisset.
1370 789 1525 844 Nihil
1553 790 1785 860 attinet,
1812 788 1958 862 ejus-

390 879 551 934 modi
575 877 779 934 menda
796 879 857 931 in
875 876 997 932 dies
1014 877 1344 950 propagari.
1364 875 1564 952 Steph.
1585 878 1723 951 Byz.
1749 894 1811 951 p.
1844 882 1876 943 4
1889 897 1914 933 1
1943 894 1960 932 ι

394 965 660 1045 Φρύνιχος
690 961 967 1022 ἀναττικόν
996 985 1153 1042 φησιν
1182 951 1315 1022 εἶναι
1342 960 1437 1034 τὴν
1461 962 1639 1044 φωνὴν
1675 962 1962 1043 (Ἀθηναία

394 1073 507 1130 pro
533 1049 741 1121 Ἀττικὴ
763 1054 857 1108 vel
882 1049 1048 1128 ἀστὴ)
1078 1049 1169 1109 καὶ
1210 1049 1468 1128 θαυμάζει
1504 1053 1615 1118 πῶς
1641 1053 1671 1109 ὁ
1698 1052 1779 1112 Φ.
1820 1053 1964 1110 ἀττι·

394 1139 627 1206 κῶτατος
648 1137 721 1197 ὢν
740 1142 961 1221 χρῆται.
987 1165 1015 1192 α
1042 1143 1397 1218 Praeceptum
1419 1143 1532 1198 hoc
1556 1142 1631 1199 de
1650 1161 1761 1198 usu
1780 1145 1966 1199 nomi·

390 1232 479 1287 nis
516 1227 765 1300 Ἀθηναία
804 1231 983 1288 etiam
1009 1229 1086 1288 ab
1126 1231 1253 1287 aliis
1286 1231 1605 1288 inculcatur
1643 1251 1657 1286 ε
1688 1250 1747 1291 v.
1783 1233 1962 1291 schol.

392 1320 683 1396 Aristoph.
724 1322 831 1378 Av.
869 1319 1009 1395 829,
1052 1329 1115 1390 et
1157 1319 1535 1395 Augustinum
1575 1321 1662 1376 De
1706 1320 1817 1378 σίν.
1853 1321 1965 1377 Dei

391 1409 499 1469 lib.
525 1407 619 1479 18,
641 1425 773 1483 cap.
800 1426 855 1484 9.
879 1407 985 1465 Ph.
1006 1417 1197 1464 autem
1216 1407 1479 1464 consulto
1496 1408 1603 1464 hac
1627 1407 1813 1465 forma
1834 1427 1970 1466 usus

393 1514 513 1553 esse
537 1495 768 1552 videtur
800 1515 817 1551 τ
844 1505 1043 1570 aperte
1071 1495 1221 1552 enim
1246 1496 1369 1552 haec
1391 1496 1549 1552 dicta
1574 1507 1703 1552 sunt
1728 1495 1805 1553 ad
1832 1497 1966 1552 imi-

394 1585 673 1640 tationem
703 1585 1009 1640 notissimae
1037 1581 1296 1639 formulae
1322 1579 1585 1653 Ἀθηναῖοι
1616 1580 1764 1641 αὐτοί
1790 1604 1851 1640 τε
1876 1581 1970 1640 καὶ

396 1672 445 1728 οἱ
474 1667 749 1750 ξύμμαχοι
769 1713 787 1746 ‚
817 1670 978 1745 cujus
1008 1681 1093 1726 est
1114 1673 1176 1726 in
1202 1669 1513 1726 foederibus
1546 1671 1701 1746 apud
1734 1672 1970 1746 Thucy-

396 1760 595 1817 didem
620 1761 919 1818 memoria.
948 1788 1029 1802 -—
1056 1759 1331 1832 Suspicor
1351 1769 1569 1830 autem,
1590 1769 1821 1834 poetam
1847 1778 1970 1816 rem

396 1851 479 1904 ita
516 1849 844 1918 instituisse,
878 1857 945 1902 ut
972 1864 1113 1902 anus
1140 1847 1264 1902 illas
1288 1847 1481 1921 posita
1504 1857 1733 1904 senecta
1758 1866 1972 1924 repue-

400 1946 681 1992 rascentes
698 1947 756 1991 et
775 1933 1105 2008 juveniliter
1125 1934 1477 1990 lascivientes
1499 1936 1561 1990 in
1583 1953 1803 1992 scenam
1824 1956 1969 2012 pro-

400 2025 664 2094 duceret-3
693 2022 853 2097 quod
880 2022 1139 2079 indicare
1157 2021 1388 2078 videtur
1411 2041 1629 2100 versus,
1661 2027 1864 2082 omisso
1884 2025 1973 2082 fa-

400 2113 547 2168 bulae
576 2112 743 2169 titulo
770 2129 805 2168 a
830 2111 1005 2169 Suida
1028 2121 1282 2168 servatus
1318 2130 1379 2174 v.
1410 2109 1663 2170 Ἀναθυᾶν
1704 2133 1717 2168 z
1759 2112 1821 2171 τὸ
1848 2115 1978 2170 ἀνα-

400 2197 687 2276 λαμὸάνειν
714 2195 777 2257 τὸ
802 2205 1025 2278 πρᾶγμα
1054 2195 1143 2256 διὰ
1166 2195 1376 2276 χρόνον.
1410 2197 1775 2278 Φερεκράτης·

499 2313 699 2382 Πάλιν
731 2311 900 2392 αὖθις
931 2314 1263 2382 ἀναθυῶσιν
1300 2315 1365 2381 αἱ
1400 2315 1755 2410 γεραίτεραι.

404 2447 591 2518 Quem
609 2462 860 2523 versum,
870 2445 1044 2502 etiam
1057 2443 1295 2504 Zonarae
1314 2443 1609 2502 laudatum
1630 2464 1687 2507 v.
1704 2441 1976 2517 Ἀναθυᾶν,

404 2551 475 2588 ex
502 2531 608 2590 hac
637 2533 829 2590 fabula
856 2535 1102 2610 petitum
1132 2552 1249 2591 esse
1269 2574 1287 2604 ,
1322 2535 1419 2590 vix
1448 2533 1693 2591 dubites.
1726 2536 1972 2612 Diogen.

408 2621 677 2680 l‘roverb.
706 2630 739 2690 4
752 2662 770 2693 ,
810 2642 896 2695 ιο,
918 2621 1090 2701 Γραῦς
1115 2623 1317 2704 ᾶναθυᾷ
1343 2641 1360 2682 :
1384 2620 1503 2680 ἀντὶ
1526 2625 1620 2679 τοῦ
1647 2629 1833 2703 καπρᾷ
1844 2665 1863 2700 ,
1889 2623 1978 2681 ἐπὶ

404 2708 509 2766 τῶν
552 2705 679 2788 παρ’
710 2707 921 2781 ἡλικίαν
946 2707 1407 2786 γυναικιζομένων.
1436 2711 1791 2786 Phrynichus
1831 2713 1978 2770 Bek-

406 2795 531 2853 keri
562 2815 628 2872 p.
674 2795 769 2869 33,
794 2816 894 2874 ao,
935 2796 1108 2876 Γραῦς
1136 2797 1340 2877 ἄναθυᾷ
1370 2815 1386 2856 2
1414 2796 1502 2854 ἐπὶ
1538 2799 1643 2857 τῶν
1678 2798 1978 2869 ἀνανεάζειν

407 2879 499 2941 καὶ
534 2880 737 2954 ἀνηὸᾶν
762 2881 1123 2965 πειρωμένων.
1162 2887 1271 2944 Cui
1298 2887 1479 2943 simile
1501 2885 1673 2965 Γραῦς
1709 2887 1978 2970 ἀνασκυζᾷ

408 2972 621 3028 ibidem
652 2992 713 3047 p.
754 2991 849 3043 ια,
894 2993 985 3045 ¹7·
1028 2976 1130 3031 His
1158 2985 1466 3049 cognatum
1502 2984 1585 3031 est
1604 2977 1980 3051 proverbium

409 3060 722 3137 (Proverb.
768 3062 935 3122 Bodl.
981 3062 1133 3140 269)
1181 3062 1355 3141 Γραῦς
1387 3063 1638 3142 βακχεύει
1679 3082 1696 3124 :
1739 3064 1828 3123 ἐπὶ
1872 3070 1980 3125 τῶν

408 3148 537 3227 παρ’
577 3144 722 3227 ὥραν
763 3170 816 3205 τι
859 3148 1346 3230 διαπραττομένων.
1390 3154 1595 3227 Itaque
1634 3154 1980 3213 simillimum

406 3234 577 3309 hujus
626 3237 897 3295 dramatis
950 3251 1347 3315 argumentum
1400 3241 1570 3298 fuisse
1618 3243 1847 3301 videtur
1898 3247 1977 3317 ei,

380 3351 385 3357 ·
410 3326 569 3401 quod
583 3327 1016 3403 Aristophanem
1034 3330 1095 3386 in
1116 3325 1265 3411 Γήρᾳ
1284 3340 1552 3390 metasse
1570 3330 1983 3395 demonstravit

408 3414 738 3476 silverium.
767 3443 793 3470 u
820 3420 889 3480 Ε.
910 3421 999 3479 Μ.

1106 3515 1165 3577 6.
1213 3535 1270 3587 7.

489 3625 742 3685 Gramm.
766 3626 1009 3684 Bekkeri
1034 3630 1253 3687 Auecd.
1279 3636 1421 3703 447,
1443 3651 1540 3709 29,
1564 3631 1752 3714 Ἀρτήρ
1778 3634 1842 3695 :⁴²
1858 3637 1982 3696 ὓπο-

412 3709 645 3788 δήματος
668 3711 828 3789 γένος.
850 3715 927 3773 Φ.
950 3714 1047 3795 Γρ.
1071 3717 1287 3775 Eadem
1306 3720 1509 3777 Suidas
1528 3723 1591 3780 h.
1612 3742 1672 3778 v,
1694 3724 1986 3784 Abhorret

2057 788 2230 858 citur,
2253 787 2360 844 ubi
2384 805 2442 844 se
2465 787 2664 842 mirari
2691 787 2772 842 ait
2791 803 3086 844 servorum
3109 789 3170 843 in
3197 807 3420 846 summa
3447 808 3662 865 cupe-

2057 874 2284 932 diarum
2303 874 2652 934 abundantia
2675 877 3115 947 continentiam3
3139 877 3239 934 has
3255 879 3410 934 enim
3437 896 3668 954 asper·

2060 965 2186 1020 nari
2213 965 2375 1041 illos,
2403 982 2518 1021 nee
2554 964 2632 1020 ob
2653 975 2869 1020 metum
2896 975 3140 1036 tantum,
3163 965 3262 1022 sed
3287 967 3473 1022 etiam
3505 963 3668 1022 κατὰ

2057 1048 2401 1109 διδασκαλίαν
2427 1051 2487 1108 οὔ
2513 1047 2610 1121 τὴν
2639 1050 2694 1108 έν
2721 1050 3196 1132 Δουλοδιδασκάλῳ
3227 1051 3634 1134 Φερεκράτους
3647 1099 3664 1124 ,

2063 1139 2201 1197 ἀλλὰ
2231 1137 2534 1208 ἐθισθέντες.
2563 1166 2588 1192 ι
2613 1140 2860 1198 Meinek.
2891 1143 3038 1202 nist.
3061 1161 3122 1219 p.
3155 1142 3254 1199 82.

2823 1273 2874 1312 1.

2140 1365 2348 1422 Athen.
2375 1363 2434 1440 3,
2458 1385 2522 1441 p.
2549 1365 2652 1442 96,
2676 1367 2721 1422 B
2749 1385 2763 1420 z
2791 1364 2896 1422 τῶν
2918 1364 3088 1444 ἑφθῶν
3118 1365 3293 1424 ποδῶν
3317 1367 3666 1442 μνημονεύει

2062 1451 2142 1514 Φ.
2171 1450 2226 1508 ἐν
2249 1449 2720 1531 Δουλοδιδασκάλῳ
2735 1473 2751 1488 ·

2160 1591 2218 1632 α.
2259 1563 2449 1642 ὅπως
2472 1559 2987 1658 παρασκευάζεται
3009 1569 3086 1633 τὸ
3114 1562 3361 1634 δεῖπνον
3378 1618 3398 1654 ,
3435 1569 3662 1637 εἴπαθ’

2475 1683 2490 1695 “
3471 1683 3664 1768 ἡμῖν.

2165 1779 2225 1860 β.
2259 1775 2383 1842 Καὶ
2413 1767 2546 1851 δῆθ’
2571 1775 2827 1871 ὑπάρχει
2857 1781 3127 1872 τέμαχος
3144 1781 3242 1872 ἐγ-

2163 1883 2406 1975 χέλειον
2436 1887 2620 1974 buin
2657 1882 2871 1962 τευθὶς,
2906 1881 3012 1976 ἅρ-

2165 2013 2321 2055 νειον
2347 1990 2542 2082 κρέας,
2581 1992 2803 2080 φύσκης
2840 1991 3063 2082 τόμος,

2163 2093 2310 2171 ποὺς
2338 2095 2534 2186 ἑφθὸς,
2561 2092 2751 2188 ἧπαρ,
2775 2101 3050 2190 πλεῦρον,
3081 2101 3177 2190 ὀρ-

2164 2197 2350 2268 νίθεια
2379 2202 2600 2274 πλήθει
2629 2197 2858 2284 πολλὰ,
2890 2227 2998 2268 τυ-

2167 2306 2262 2400 ρὸς
2295 2309 2355 2372 ἐν
2389 2307 2624 2398 μέλιτι,
2661 2307 2822 2400 μερὶς
2865 2317 3072 2400 κρεῶν.

2068 2437 2246 2492 Versu
2279 2453 2304 2490 1
2341 2436 2422 2491 sic
2457 2427 2702 2492 Meine'k.
2744 2446 2804 2492 et
2829 2436 3143 2497 Elmsleius.
3185 2439 3371 2500 Codd.
3407 2443 3558 2501 mire
3583 2446 3657 2508 ὡς

2069 2543 2196 2601 παρ.
2226 2523 2434 2581 δεῖπνον
2461 2521 2574 2590 πῶς
2593 2519 2657 2580 ἂν
2682 2519 2789 2583 εἴπ’.
2817 2525 2918 2600 ἡμ.
2937 2525 3050 2582 Sed
3067 2527 3262 2583 malim
3289 2517 3446 2595 εἶπας
3467 2550 3484 2590 :
3515 2553 3656 2590 nam

2069 2629 2187 2668 esse
2211 2612 2482 2668 videntur
2514 2611 2640 2668 haec
2677 2612 2854 2669 verba
2879 2629 3176 2670 servorum
3199 2620 3586 2689 quaerentium
3623 2639 3656 2678 e

2069 2698 2338 2773 magistro
2385 2695 2941 2778 (δουλοδιδασκάλῳ),
2969 2700 3268 2774 quomodo
3313 2706 3654 2762 convivium

2071 2787 2468 2863 apparandum
2485 2805 2606 2844 esse
2630 2787 2799 2846 dicat.
2823 2787 3044 2862 Quibus
3065 2790 3160 2847 ille
3187 2795 3540 2868 respondeat
3563 2794 3654 2854 καὶ

2073 2875 2206 2950 δῆθ’,
2235 2886 2376 2953 ete.,
2404 2876 2586 2953 digito
2608 2887 2929 2935 monstrans
2954 2879 3210 2957 singula,
3249 2892 3317 2937 ut
3352 2887 3654 2957 nominat,

2071 2966 2134 3021 in
2163 2966 2368 3023 mensis
2389 2962 2682 3022 culinariis
2719 2966 3018 3042 disposita.
3051 2970 3121 3025 V.
3173 2976 3208 3037 4
3251 2970 3386 3025 libri
3409 2973 3652 3050 ἀρνεῖον,

2073 3056 2112 3112 6
2130 3053 2352 3135 ὀρνίθια.
2371 3057 2441 3113 V.
2472 3074 2505 3125 7
2531 3051 2679 3133 μερὶς
2704 3056 2871 3133 κρεῶν
2891 3056 3154 3113 nonnihil
3178 3070 3502 3133 suspectum
3531 3074 3619 3119 est
3635 3104 3652 3131 ,

2073 3162 2252 3217 quum
2281 3140 2480 3220 ἄρνειον
2520 3140 2677 3222 κρέας
2714 3144 2940 3220 legatur
2963 3144 3024 3200 in
3058 3146 3474 3221 superioribus.
3515 3152 3650 3206 Sus-

2070 3232 2244 3307 picor
2277 3233 2546 3288 Nostrum
2577 3231 2784 3288 dixisse
2811 3233 3266 3311 περιστίριον,
3297 3254 3414 3310 quo
3457 3238 3655 3313 lepide

2071 3326 2304 3385 finiatur
2322 3327 2416 3385 hic
2441 3326 2758 3403 catalogus.
2791 3351 2818 3378 «ι
2845 3330 3046 3386 Melius
3065 3328 3302 3387 fortasse
3321 3349 3520 3390 veisus
3549 3354 3649 3407 2-7

2073 3420 2134 3473 in
2160 3417 2308 3474 duos
2337 3415 2612 3473 iambicos
2637 3417 2996 3475 hexametros
3023 3416 3423 3495 distinguas.»
3465 3422 3569 3480 M.

2831 3550 2892 3591 α.

2154 3633 2316 3693 Idem
2343 3654 2398 3707 7,
2425 3653 2489 3709 p.
2521 3633 2661 3706 305,
2686 3634 2734 3695 F
2758 3653 2774 3694 τ
2794 3632 3149 3715 Ἀριστοτέλης
3172 3636 3227 3693 ἕν
3245 3636 3322 3715 τῷ
3345 3635 3482 3715 Περὶ
3504 3635 3656 3716 ζῴων

2075 3718 2111 3793 ἢ
2141 3721 2278 3803 Περὶ
2308 3720 2502 3801 ἰχθύων
2541 3749 2564 3774 ι
2591 3724 2620 3780 ὁ
2654 3720 2864 3802 κίθαρος
2895 3748 2955 3796 ι,
2990 3720 3141 3803 φησὶ,
3180 3748 3206 3777 ι
3249 3724 3650 3803 καρχαρόδους,

412 3810 603 3856 autem
630 3819 742 3856 vox
764 3798 1041 3879 ὑπόδημα,
1068 3805 1282 3881 vixque
1309 3804 1515 3865 dubito
1541 3810 1681 3884 quin
1700 3830 1984 3887 reponen-
2078 3806 2307 3889 μονήρης
2320 3851 2337 3883 ,
2358 3808 2672 3889 φυκοφάγος,
2693 3808 2790 3882 τὴν
2809 3812 3052 3889 γλῶσσαν
3073 3810 3490 3889 ἀπολελυμένος,
3515 3836 3650 3891 καρ·

419 3888 557 3944 dum
601 3890 672 3945 sit
716 3886 1077 3965 ἑπιδέσματος.
1126 3894 1387 3952 Ceterum
1432 3896 1640 3956 Pollux
1684 3921 1776 3972 10,
1824 3904 1980 3963 1622

418 3975 709 4053 ἅορτῆρα
738 3974 794 4034 δὲ
836 3974 925 4035 τὸν
954 3979 1199 4059 ζωστῆρα
1237 3982 1319 4043 Φ.
1353 3984 1407 4042 ἐν
1448 3987 1546 4065 Γρ.
1576 3984 1849 4061 κέκληκεν.
1888 3994 1988 4049 In-

418 4072 640 4118 certum
683 4066 859 4140 igitur
899 4077 1093 4123 utrum
1122 4068 1353 4149 ἀορτῆρα
1370 4114 1387 4143 ,
1418 4075 1675 4131 Homero
1718 4076 1986 4152 frequen·

418 4158 628 4221 tatum,
654 4169 729 4208 an
758 4151 967 4233 ᾶρτῆρα
990 4154 1197 4214 dixerit
1226 4158 1365 4232 Ph.;
1396 4160 1623 4219 videtur
1646 4174 1835 4222 tamen
1862 4168 1984 4225 haec

418 4256 533 4294 vox
563 4257 681 4297 esse
707 4244 1013 4303 recentior.

2079 3896 2192 3957 δίαν
2221 3890 2424 3970 λευκὴν
2439 3898 2574 3979 ἔχων
2603 3900 2694 3958 καὶ
2721 3901 3000 3963 πλατεῖαν.
3028 3902 3110 3963 Φ.
3145 3906 3213 3962 Δ.

2175 4039 2234 4079 α.
2265 4052 2365 4063 -
2381 4013 2636 4108 Κίθαρος
2659 4016 3012 4109 γεγενῆσθαι
3034 4010 3388 4110 κάγοράζειν
3413 4018 3654 4113 κίθαρος

3479 4152 3566 4192 ων
3579 4180 3596 4195 0
3612 4178 3625 4191 ο
3640 4180 3653 4193 .

2182 4229 2243 4310 β.
2280 4219 2518 4316 Ᾱγαθόν
2541 4223 2596 4319 γ’
2628 4230 2660 4292 ὁ
2691 4226 2952 4320 κίθαρος.
2989 4253 3052 4295 α.
3089 4226 3232 4313 Καὶ,
3263 4228 3408 4322 πρὸς
3451 4224 3658 4299 Λπόλ-

3249 4340 3468 4422 λωνος,
3499 4338 3656 4404 πάνυ

439 4448 3650 4490 mm

421 4605 729 4665 Attieorum
747 4608 997 4683 ipsorum
1014 4530 1239 4672 feminis
1262 4623 1320 4673 et
1342 4616 1625 4678 sociabus.

422 4783 619 4839 Denuo
644 4782 845 4842 subant
866 4786 1083 4846 vetulae.
1172 4708 1229 4759 5·

782 4874 1192 4933 SERvoRUM
1232 4880 1624 4940 MAms'rER.

2085 4538 2273 4612 loligo,
2303 4556 2430 4597 earo
2451 4541 2672 4613 agnina,

2083 4625 2255 4683 botuli
2282 4625 2518 4683 frustum
2532 4668 2548 4695 ‚
2571 4644 2666 4700 pes
2684 4636 2875 4687 coetus
2893 4634 2914 4699 (
2931 4632 3138 4703 porei),
3165 4632 3354 4706 hepar,

2083 4711 2248 4779 latim,
2279 4711 2516 4770 multum
2540 4714 2709 4783 avitii,

2082 4814 2272 4857 caseus
2297 4801 2355 4857 in
2381 4800 2565 4868 melle.
2593 4800 2960 4861 columbulus.

2835 4897 2888 4948 2.

422 4970 473 5011 a.
518 4956 759 5014 convivii
794 4959 1091 5031 appan-andi
1140 4962 1367 5022 modum
1416 4968 1695 5039 quomodo
1736 4984 1839 5028 uos
1884 4972 1988 5029 do·
2084 4990 2131 5030 a.
2181 4974 2436 5031 Videbar
2459 4976 2700 5035 citharus
2721 4978 2837 5035 fieri
2861 4986 2920 5037 et
2942 4981 3171 5037 mercar-i
3193 4982 3376 5053 specie
3397 4982 3613 5041 cithari.

424 5126 477 5182 b.
520 5116 953 5205 Atqui⁰suppetit
975 5134 1125 5194 vohis
1144 5136 1537 5199 salsamentum
1558 5143 1815 5215 anguium
1830 5187 1845 5213 ,

1811 5062 1992 5129 [ceasi’
2085 5060 2135 5115 b.
2171 5063 2319 5117 Bona
2344 5062 2568 5135 quidem
2593 5080 2681 5121 res
2721 5074 2804 5122 est
2830 5066 3087 5125 citharas,
3115 5082 3168 5124 a.
3197 5070 3285 5136 Et,
3313 5083 3410 5140 per
3447 5071 3646 5142 Apolli-

3237 5152 3246 5231 !
3285 5156 3468 5225 linem,
3505 5159 3650 5214 valde.
