3809 5850
1509 388 1994 451 TELECLIDES.

3247 412 3354 463 125

136 542 237 599 pum
280 520 640 595 Tragicum,
686 520 994 595 gulositate
1040 520 1341 593 infamem,
1396 532 1463 576 ut
1504 533 1697 577 narrat
1738 522 1749 586 l
1790 523 1968 579 modo
2009 526 2242 595 Iovem,
2281 526 2378 581 sed
2426 530 2734 601 generatim
2775 529 2914 585 deos
2951 543 3120 588 vocat
3148 530 3350 609 Ὀλυμ-

134 612 307 666 Athen.
341 607 405 677 8,
454 627 525 683 p.
582 607 741 677 344,
770 610 849 677 D,
884 616 937 662 et
973 604 1311 677 Philoclem,
1343 608 1591 682 AEschyli
1628 626 1697 663 ex

127 716 295 754 sorore
350 706 647 771 nepotem
698 694 1013 751 secundum
1066 695 1459 769 Aristophanis
1514 697 1693 753 schol.

124 788 325 843 Thesm.
364 784 509 841 168.
544 806 571 832 u
602 784 651 837 E
678 785 862 841 Mein.
892 784 1039 839 nist.
1072 783 1200 839 crit.
1230 784 1390 839 Com.
1422 801 1485 857 p.
1514 781 1611 841 88.

890 914 940 953 1.

172 1013 381 1069 Schol.
407 1014 513 1066 Ar.
546 1010 776 1067 Thesm.
812 994 957 1081 168,
986 1008 1058 1064 de
1080 1008 1373 1064 Philocle:
1403 1004 1583 1085 μικρὸς
1606 1003 1697 1063 καὶ

103 1098 341 1177 αἰσχρός.
375 1096 477 1155 καὶ
499 1096 647 1167 Τηλ.
674 1092 936 1159 Ἡσιόδοις
968 1120 992 1146 α
1026 1092 1166 1153 Ἀλλ’
1204 1097 1238 1163 ἡ
1276 1094 1502 1151 τάλαινα
1528 1094 1695 1152 Φιλο·

98 1188 247 1245 κλέα.
276 1191 313 1263 β
363 1186 460 1243 δεν
488 1185 591 1262 (in
624 1185 823 1241 codice
846 1181 1139 1257 λελόθημαι
1164 1181 1278 1239 ὅθεν
1307 1185 1485 1239 literis
1513 1202 1697 1258 prope

94 1277 367 1333 evanidis
418 1275 585 1330 cerni
610 1272 867 1347 videtur)
904 1261 1013 1343 οὖν,
1060 1272 1106 1327 εἶ
1152 1270 1196 1327 δ’
1233 1269 1373 1328 ἐστὶν
1423 1270 1697 1349 Αἰσχύλου

90 1364 330 1443 φρόνημ’
364 1360 539 1441 ἔχων.
576 1384 597 1414 ι
634 1364 925 1437 Scriptura
958 1360 1173 1417 codicis
1198 1378 1437 1429 manca,
1470 1370 1527 1415 et
1564 1379 1691 1415 cor-

88 1466 311 1529 rupta,
361 1468 552 1525 quam
590 1450 713 1507 fuit·
732 1468 911 1527 quum
949 1450 1247 1504 restituere
1295 1447 1437 1503 mihi
1474 1446 1699 1503 viderer

86 1545 167 1599 sic
196 1539 543 1598 scribendo
569 1558 587 1593 ε
680 1600 691 1611 .

184 1680 263 1718 οι.
316 1646 483 1718 Ᾱλλ’
522 1646 567 1723 ἦ
599 1648 863 1715 τάλαινα
888 1646 1261 1722 Φιλοκλέος.
1313 1649 1375 1731 β.
1414 1644 1520 1721 Τίς
1558 1636 1693 1730 ὅδ’;

1236 1776 1297 1819 α.
1332 1744 1525 1817 Οὐδὲν
1561 1748 1659 1817 οὖν
1680 1777 1693 1790 ·

184 1867 247 1931 εἰ
283 1859 363 1929 δέ
390 1888 495 1939 τις
512 1856 617 1945 ἂν,
655 1853 771 1925 εἷεν
801 1857 1109 1947 Αἰσχύλου
1129 1854 1377 1949 φρόνημ’
1412 1856 1591 1948 ἔχων.

76 1998 281 2052 Soror
306 1990 585 2063 AEschyli
612 1990 837 2044 beatam
860 2004 918 2043 se
960 1986 1170 2043 dixerit
1194 1996 1436 2061 propter
1462 1984 1694 2039 fratrem

74 2081 557 2139 celeberrimum
572 2117 591 2147 ‚
614 2076 717 2133 sed
738 2076 1002 2133 miseram
1022 2086 1267 2131 matrem
1282 2071 1383 2129 filii
1406 2072 1611 2147 ignavi.

882 2190 938 2227 ο.

160 2292 397 2348 Athen.
430 2288 495 2356 3,
525 2306 591 2362 p.
626 2284 725 2359 87,
750 2286 795 2341 A
820 2300 834 2341 :
860 2282 1001 2351 Τηλ.
1033 2280 1077 2338 δ’
1100 2282 1153 2338 ἐν
1177 2277 1305 2340 Ἧσ.
1332 2277 1539 2357 κόγχη
1566 2276 1694 2359 φησὶ

76 2380 380 2436 διελεῖν.
402 2402 427 2425 ·
448 2380 540 2432 Ita
572 2373 775 2449 optimi
798 2371 964 2442 libri;
996 2370 1304 2427 deteriores
1326 2364 1601 2445 κόγχην,
1629 2379 1695 2424 ut

74 2466 345 2522 photius
388 2460 755 2540 (patriarcha
782 2459 1239 2531 constantinop,
1272 2456 1371 2529 qui
1401 2454 1547 2510 obiit
1576 2452 1686 2529 891

76 2569 221 2630 post
252 2556 402 2612 Chr.
432 2562 559 2609 nat.
596 2547 799 2623 Both.)
834 2546 1051 2625 Κόγχην
1082 2545 1268 2602 διελεῖν
1300 2560 1313 2601 :
1346 2540 1432 2600 ἐπὶ
1459 2543 1564 2599 τῶν
1591 2544 1689 2621 ῥᾳ-

78 2642 237 2699 δίων.
268 2641 395 2699 Sed
420 2641 545 2697 Tel.
573 2638 804 2693 videtur
831 2637 943 2693 tale
966 2635 1105 2710 quid
1130 2634 1365 2690 dixisse:
1390 2627 1451 2687 τὸ
1468 2626 1693 2707 πρᾶγμά

80 2731 199 2787 ἔστι
233 2726 473 2806 κόγχη
520 2725 795 2782 διελεῖν.
840 2748 867 2775 n
908 2725 957 2779 E
982 2724 1065 2778 M.
1095 2722 1310 2778 Durior
1342 2720 1463 2774 haec
1502 2719 1688 2787 ratio,

80 2830 415 2893 potestque
438 2827 507 2871 ut
530 2814 682 2871 forte
700 2810 873 2889 ztir&
895 2811 913 2887 (
932 2814 972 2871 i.
1001 2808 1233 2883 e.—·qv)
1260 2810 1321 2863 in
1344 2804 1515 2883 κόγχη
1538 2806 1694 2862 abie-

82 2910 161 2964 rit
194 2906 370 2984 apud
393 2904 761 2962 Athenaeum.

166 3127 349 3182 Idem
396 3121 464 3192 8,
502 3138 565 3197 p.
597 3120 737 3186 344,
786 3119 837 3174 D
871 3137 885 3172 :
936 3113 1016 3171 ὅτι
1056 3110 1109 3169 δὲ
1138 3101 1285 3176 οὗτος
1313 3101 1377 3181 ἧν
1418 3111 1447 3168 ὁ
1472 3105 1692 3180 ποιητὴς

88 3205 509 3287 (Nothippus)
528 3250 547 3283 ,
578 3207 754 3285 σαφῶς
782 3201 1069 3284 παρίστησι
1086 3201 1139 3259 T
1138 3199 1230 3270 ηλ.
1266 3199 1320 3256 ἐν
1347 3195 1471 3255 Ἥσ.

881 3321 934 3380 4.

170 3445 349 3501 Idem
398 3461 493 3511 10,
532 3459 595 3514 p.
628 3435 768 3508 436,
816 3437 860 3492 F
907 3454 920 3490 ε
968 3424 1029 3504 ἧς
1060 3429 1151 3489 καὶ
1190 3423 1527 3506 Περικλέα
1580 3422 1688 3481 τὸν

88 3529 499 3602 Ὀλύμπιον
557 3527 679 3601 ἐρᾶν
709 3543 837 3603 φησι
863 3519 1003 3590 Τηλ.
1050 3519 1105 3575 ἐν
1146 3514 1270 3576 Ἦσ.
1308 3539 1331 3566 α
1363 3513 1687 3587 Chrysillam

88 3619 241 3675 dicit
303 3614 707 3682 Corinthiam,
750 3612 929 3667 Teleae
954 3607 1163 3679 filiam,
1202 3604 1360 3661 lonis
1398 3603 1520 3658 Chii
1551 3601 1689 3655 ami-

86 3729 247 3765 cam.
304 3705 401 3763 Ad
435 3703 719 3762 Periclem
752 3707 1009 3774 spectant
1030 3698 1201 3752 etiam
1228 3696 1571 3750 incertarum
1607 3688 1689 3743 fa-

90 3799 377 3851 bularum
434 3792 747 3866 fragmenta
782 3795 839 3857 4,
883 3785 917 3840 5
961 3795 1019 3840 et
1056 3784 1117 3854 6,
1162 3801 1287 3857 quae
1325 3791 1382 3836 et
1420 3781 1541 3851 ipsa
1572 3775 1689 3830 for-

124 3895 247 3938 tasse
290 3883 367 3938 ad
420 3878 709 3936 Hesiodus
752 3872 1077 3932 revocanda
1120 3882 1273 3927 sunt.
1324 3865 1690 3941 cognominis

134 3968 411 4048 Ὀλύμπιος
448 3970 549 4025 alii
578 3968 744 4024 aliam
778 3981 1007 4021 causam
1044 3960 1320 4027 afferunt,
1358 3953 1689 4028 sapientiam

110 4061 455 4118 Plutarchus
488 4057 661 4114 Cous.
710 4053 899 4128 Apoll.
944 4071 1006 4125 p.
1061 4047 1203 4118 118,
1236 4049 1311 4112 Ε,
1352 4040 1689 4116 eloquentiae

94 4155 215 4207 vim
254 4147 569 4206 Diodorus
598 4145 711 4202 Sic.
764 4161 855 4210 11,
897 4147 993 4208 4ο,
1025 4137 1199 4192 animi
1226 4133 1409 4190 robur
1435 4129 1689 4186 Valerius

94 4241 257 4294 Max.
288 4235 351 4305 5,
390 4253 413 4288 1
428 4251 487 4290 0.
517 4231 751 4288 Rectius
772 4228 891 4282 haec
910 4225 1099 4282 omnia
1122 4221 1431 4293 conjuncta
1451 4217 1689 4272 valuisse

94 4327 279 4384 dicas.
308 4351 333 4372 ι
358 4324 555 4379 Mein.
581 4321 764 4375 Immo
788 4315 1042 4391 potentia
1068 4311 1327 4385 inprimis
1342 4303 1691 4382 significatur

94 4433 167 4470 eo
218 4411 583 4488 cognomine
622 4405 875 4478 Periclis,
911 4403 1055 4457 sicut
1085 4401 1239 4455 Jovis
1281 4395 1433 4470 apud
1472 4395 1690 4449 Home-

100 4523 231 4557 mm
267 4501 341 4557 11.
378 4495 479 4566 15,
524 4494 656 4564 131,
678 4505 733 4549 et
765 4493 933 4562 alias;
964 4490 1037 4544 de
1060 4507 1177 4561 quo
1206 4505 1257 4540 v.
1284 4503 1411 4540 cum
1446 4483 1540 4536 illa
1571 4491 1689 4534 tum

100 4589 271 4646 Iliad.
302 4589 341 4643 8
372 4585 565 4652 initio,
587 4595 695 4640 etc.
724 4579 937 4636 Eadem
970 4578 1040 4633 dc
1064 4591 1230 4631 causa
1252 4571 1549 4644 AEschylus
1571 4585 1689 4622 non

1789 608 1966 682 πίους,
2015 624 2072 669 et
2115 614 2355 688 parodia
2409 615 2650 671 ridicula
2700 619 2993 694 Aristoph.
3053 625 3157 679 Av.
3209 624 3352 694 130,

1789 700 2012 756 Thesm.
2048 709 2182 775 914.
2547 780 2580 839 5

1870 894 2062 952 Schol.
2097 896 2384 971 Aristoph.
2421 896 2532 955 AV.
2568 897 2716 953 1126
2763 917 2778 953 ε
2809 894 3120 976 Προξενίδης
3148 904 3175 958 ὁ
3205 903 3358 980 Κομ-

1790 978 1988 1044 πασεὺς
2014 979 2136 1058 [καὶ
2165 980 2560 1067 Θεαγένης]
2592 982 2767 1051 ἔπαιξε
2807 985 2952 1065 παρὰ
2992 985 3079 1044 τὸν
3116 988 3357 1065 κόμπον·

1790 1066 2096 1147 προείρηται
2128 1068 2182 1126 δὲ
2210 1070 2330 1147 περὶ
2362 1072 2534 1129 αὐτῶν
2568 1072 2898 1152 ἀμφοτέρων,
2925 1072 3004 1131 ὅτι
3027 1078 3354 1152 κομπασταί.

1788 1157 1928 1227 Τηλ.
1965 1158 2010 1213 δ’
2038 1158 2092 1214 ἐν
2117 1155 2347 1239 Ἡσιόδῳ
2377 1158 2520 1239 (sic)
2559 1160 2668 1225 ebe*
2691 1160 3006 1239 παρειμένον
3029 1165 3106 1244 τῷ
3147 1161 3356 1241 σώματι

1788 1244 2080 1323 κωμῳδεῖ*
2103 1246 2280 1305 αὐτόν.
2322 1249 2568 1307 Meinek.
2602 1270 2615 1304 ε
2666 1274 2690 1299 «
2721 1253 2851 1306 Non
2887 1264 3124 1326 apparet
3163 1265 3355 1311 utrum

1788 1330 2170 1389 Proxenidem
2211 1334 2394 1405 dicat,
2427 1356 2500 1392 an
2527 1338 2909 1413 Theogenem.
2945 1368 2966 1389 υ
2997 1343 3350 1419 Utrumque,

1786 1432 1929 1495 puto
1948 1464 1965 1495 ‚
2000 1421 2281 1495 siquidem
2324 1424 2627 1480 verisimile
2671 1436 2783 1496 est,
2829 1427 3168 1485 scholiasten
3210 1432 3352 1487 seri-

1784 1511 1960 1583 psisse
1984 1508 2313 1586 παρειμένων
2351 1511 2540 1583 αὗτῶν,
2583 1524 2642 1568 et
2679 1515 2934 1571 absolute
2973 1534 3269 1591 usurpasse
3294 1514 3356 1574 τὸ

1786 1597 2053 1675 κωμῳδεῖ.
2084 1600 2152 1655 V.
2189 1600 2310 1674 ipse
2335 1601 2508 1660 Mein.
2540 1603 2685 1659 nist.
2719 1603 2848 1663 crit.
2881 1600 3045 1662 Com.
3071 1624 3132 1679 p.
3169 1602 3307 1679 537.

2542 1714 2598 1771 6.

1867 1820 2107 1879 Photius
2123 1842 2179 1898 p.
2209 1822 2348 1896 356,
2383 1845 2443 1897 7,
2469 1827 2606 1881 item
2635 1828 2874 1883 Antiatt.
2905 1846 2962 1901 p.
3003 1847 3136 1899 110,
3168 1828 3269 1901 25,
3295 1840 3355 1886 et

1788 1910 2008 2073 (sggas'
2033 1910 2306 1983 Οὗδαμῆ
2337 1930 2352 1969 :
2385 1911 2500 1967 ἀντὶ
2529 1916 2620 1969 τοῦ
2645 1911 2915 1987 οὐδαμόθι.
2947 1915 3088 1983 Τηλ.
3119 1912 3352 1995 Ἡσιόδῳ

1865 2207 2102 2262 Antiatt.
2139 2225 2200 2280 p.
2235 2224 2337 2280 91,
2368 2213 2398 2271 4
2436 2226 2448 2285 ξ
2485 2206 2884 2282 Διενεγκεῖν
2924 2206 3039 2263 ἀντὶ
3061 2210 3152 2265 τοῦ
3181 2230 3350 2287 προσ-

1786 2297 2054 2359 παλαίειν.
2084 2300 2220 2371 Τηλ.
2250 2297 2480 2380 Ἡσιόδῳ
2513 2299 2677 2377 (sic).

2533 2412 2590 2473 8.

1864 2527 2056 2585 Schol.
2077 2529 2271 2585 venet.
2287 2530 2384 2585 Ar.
2398 2528 2566 2603 Vesp.
2587 2548 2609 2584 1
2627 2546 2648 2583 1
2661 2526 2735 2583 82
2755 2548 2768 2583 z
2793 2524 3103 2606 Ἀνδροκλέα
3122 2524 3178 2584 δὲ
3203 2528 3348 2605 Κρα-

1782 2626 1921 2685 τῖνος
1948 2618 2208 2699 Σεριφίοις
2251 2616 2380 2698 φησὶ
2410 2618 2589 2676 δοῦλον
2612 2617 2702 2677 καὶ
2741 2616 2978 2697 πτωχὸν,
3010 2662 3096 2680 ....
3125 2618 3262 2689 Τηλ.
3295 2618 3348 2677 δὲ

1785 2710 1837 2767 ἐν
1862 2705 2122 2773 Ἡσιόδοις
2151 2706 2368 2787 (codex
2385 2707 2436 2764 ἐν
2462 2712 2567 2772 τοῖς
2591 2707 2686 2764 δυσ
2701 2750 2718 2779 ,
2753 2708 2911 2781 quod
2937 2710 3188 2764 correxit
3208 2710 3349 2764 Din-

1784 2797 1939 2855 dorf.
1959 2800 2188 2873 Fragm.
2207 2797 2496 2872 Aristoph.
2520 2816 2579 2872 p.
2609 2794 2671 2875 4)
2696 2794 2788 2853 καὶ
2816 2794 3167 2875 Ἐκφαντίδης
3193 2798 3350 2873 βαλ-

1782 2886 2056 2944 λαντιοτ
2071 2884 2250 2963 όμον.

2253 3051 2359 3110 lv.
2405 3049 2869 3110 ΠΡΥΤΑΝΕΙΣ.

2545 3217 2593 3253 1.

1862 3337 2057 3396 Schol.
2089 3340 2185 3393 Ar.
2211 3339 2378 3410 Vesp.
2407 3334 2521 3391 836
2552 3353 2569 3393 ;
2598 3332 2715 3392 ἀλλ’
2739 3333 2904 3392 ἔοικεν
2930 3335 2960 3392 ὁ
2997 3333 3184 3407 Λάδης
3209 3336 3344 3394 ὠνο-

1786 3424 2246 3500 ματοπεποιῆσθαι
2295 3421 2502 3493 ἁπλῶς,
2547 3419 2786 3500 καθάπερ
2835 3423 2864 3478 ὁ
2913 3421 3094 3492 Δάκης
3126 3424 3155 3479 ὁ
3196 3422 3342 3502 παρὰ

1780 3509 2108 3588 Τηλεκλείδῃ
2138 3508 2191 3567 ἐν
2223 3507 2520 3589 Πρυτάνεσι

1881 3625 2078 3702 Acin-nc
2107 3624 2202 3710 τίς
2237 3627 2423 3707 ἐστιν,
2457 3620 2637 3689 ὅντιν’
2675 3623 3003 3714 ἀνθρώπων
3044 3627 3166 3716 ὁρᾷ.

1779 3739 2084 3812 Pei-peram
2110 3735 2244 3789 libri
2272 3735 2414 3812 ὁρᾷς.
2579 3810 2612 3868 3

2489 3831 2544 3870 α.
2618 3855 2630 3868 .

1860 3929 2068 3985 Athen.
2105 3947 2193 3997 11,
2221 3946 2282 4001 p.
2320 3923 2432 3992 485
2452 3967 2468 3994 ,
2489 3925 2538 3984 F
2564 3969 2581 3997 ,
2615 3925 2684 3982 de
2710 3924 2951 4002 λεπαστῇ
2980 3925 3174 3982 dicens
3207 3946 3218 3980 τ
3249 3924 3346 3985 Νί-

1782 4017 1998 4095 κανδρος
2046 4016 2091 4072 δ’
2137 4017 2164 4071 ὁ
2189 4011 2543 4092 Θυατειρηνὸς
2585 4039 2610 4064 «ι
2645 4010 2810 4079 Κύλιξ
2830 4054 2847 4083 ,
2878 4010 3036 4088 φησὶ,
3067 4011 3290 4088 μείζων,
3323 4040 3347 4066 n

1778 4101 2187 4181 παρατιθέμενος
2205 4099 2558 4172 Τηλεκλείδου
2583 4103 2646 4158 ἐκ
2675 4099 2990 4180 Πρυτάνεων

1876 4220 2010 4288 Καὶ
2047 4221 2332 4313 μελιχρὸν
2367 4215 2526 4286 οἶνον
2560 4221 2756 4286 ἕλκειν
2793 4213 2859 4296 ἐξ
2897 4209 3201 4292 ἡδυπνόου
3250 4223 3348 4284 λε·

3075 4333 3347 4403 παστῆς,

1879 4434 2050 4525 τυρὸν
2076 4429 2448 4497 ἐπεσθίοντα.

1780 4565 2018 4618 Versum
2068 4577 2102 4613 α
2141 4576 2270 4613 cum
2310 4559 2497 4631 primo
2545 4555 2818 4630 conjungi
2867 4553 3038 4626 jussit
3069 4572 3346 4628 perquam

124 4673 2368 4716 ΜΝ

745 4745 1058 4802 HESlODl.

882 4837 903 4886 1

2361 4722 2764 4777 PRYTANES.

2545 4815 2566 4863 1
2581 4849 2594 4862 .

114 4943 161 4982 ³-
182 4931 281 4985 sed
310 4929 515 4984 misera
541 4924 619 4982 sui
646 4929 873 4995 propter
896 4871 1211 4974 13hiloe1em.
1244 4913 1299 4968 b.
1325 4911 1457 4983 Quis
1484 4908 1610 4966 ille?
1634 4923 1684 4965 a.
1781 4899 1941 4964 Δάκτ.ς
1965 4907 2077 4960 est.
2103 4911 2488 4969 quemcunque
2511 4895 2799 4952 hominum
2826 4893 2988 4951 videt.

1234 4998 1423 5084 Nullus
1451 4997 1685 5066 seilicet3

128 5099 199 5156 sin
218 5115 503 5176 quisquam
520 5141 535 5168 ,
564 5095 741 5156 suerit
778 5090 1037 5164 AEsehylo
1059 5089 1257 5148 similis
1278 5086 1544 5160 superbia.

2492 4987 2544 5041 2.
2582 4987 2634 5037 3.

1782 5075 1849 5129 Et
1878 5043 2145 5130 mellitam
2167 5071 2354 5128 vinum
2381 5079 2566 5143 potare
2587 5085 2648 5126 ex
2673 5069 3020 5127 suaveolente
3040 5066 3208 5123 calice
3223 5107 3238 5132 ,
3333 5101 3342 5110 ·

1732 5159 1741 5208 Ι
1783 5175 1940 5219 caseo
1969 5160 2132 5217 simul
2160 5173 2392 5216 comeso.
