3809 5850
1549 452 1935 516 EUBULUS.

663 577 740 638 V.
786 577 1156 639 ΑΝΤΙΟΠΗ.

227 734 248 756 ι
273 711 384 765 Hac
412 709 604 764 fibula
629 710 1027 786 cognominem
1063 711 1350 785 Euripidis
1378 712 1573 770 luserit
1597 715 1702 770 Eu-

157 797 322 856 bulus,
365 821 390 847 υ
423 797 474 852 E
491 799 584 855 M.

889 927 940 962 1.

223 1026 410 1084 Athen.
454 1044 550 1100 xo,
580 1046 640 1103 p.
667 1033 808 1104 ἂν),
835 1029 880 1084 Β
907 1044 923 1086 :
953 1025 1043 1086 καὶ
1073 1025 1192 1100 ἔθνη
1221 1025 1276 1085 δὲ
1307 1025 1402 1085 ὅλα
1433 1031 1506 1095 εἰς
1532 1031 1700 1088 πολυ-

155 1111 324 1190 φαγίαν
361 1113 694 1195 {munaum
709 1156 730 1188 ,
759 1117 830 1181 ὡς
859 1112 920 1173 τὸ
945 1115 1194 1178 Βοιωτόν.
1229 1117 1295 1176 Ε.
1338 1120 1458 1192 γοῦν
1486 1117 1539 1176 ἐν
1582 1116 1698 1178 Ἀν-

155 1199 286 1280 τιόπῃ
313 1200 436 1280 φησὶ

237 1334 504 1428 Πονῆμεν
530 1330 734 1426 ἄμμες
760 1335 865 1400 καὶ
895 1345 1173 1428 φαγῆμεν
1193 1330 1496 1429 ἀνδρικοὶ,

233 1435 326 1501 καὶ
351 1447 748 1531 καρτερῆμεν,
770 1440 867 1505 τοὶ
895 1433 956 1504 δ’
980 1436 1272 1513 Ᾰθηναῖοι
1295 1444 1503 1535 ’λέγειν

231 1540 325 1606 καὶ
353 1541 533 1636 μικρὰ
561 1547 861 1637 φαγέμεν,
883 1544 982 1612 τοὶ
1010 1539 1077 1612 δὲ
1107 1541 1364 1620 ungaros
1395 1550 1580 1640 μέγα.

155 1683 284 1738 Libri
312 1703 472 1742 versu
505 1705 529 1743 1
561 1687 754 1745 Πονεῑν
773 1683 870 1763 μὲν
901 1700 958 1746 et
977 1696 1163 1769 φαγεῖν
1189 1687 1309 1766 μὲν,
1337 1691 1544 1747 menda
1564 1707 1696 1746 sen-

157 1773 390 1829 tientibus
427 1774 680 1832 Dobraeo
726 1775 964 1834 Advers.
1011 1794 1079 1848 α,
1115 1795 1197 1852 p..
1239 1776 1377 1848 325,
1415 1788 1474 1834 et
1517 1777 1690 1838 Mein.

157 1859 284 1917 Eust.
315 1881 376 1936 p.
405 1859 542 1937 954,
573 1859 648 1919 33
691 1859 993 1930 τΕὕόου).ος
1011 1905 1029 1936 ,
1055 1866 1182 1943 παρ’
1203 1853 1249 1943 ᾧ
1277 1864 1406 1940 φησί
1431 1886 1509 1930 τις
1537 1865 1698 1923 Βοιω-

156 1944 253 2016 τὸς,
279 1944 351 2005 ὅτι
377 1973 404 1999 ι
428 1951 608 2007 πονεῖν
638 1947 736 2026 μὲν
766 1949 978 2030 (sicj...
1004 1949 1258 2029 ἅνδρικοί.
1283 1975 1306 2004 ⁸
1327 1955 1560 2010 Rectius
1585 1955 1696 2010 La-

157 2038 288 2093 conis
311 2037 478 2096 verba
504 2056 628 2098 esse
655 2049 868 2098 statuas
897 2057 1028 2098 cum
1057 2040 1326 2099 Dobraeo.

883 2189 938 2230 2·

221 2287 360 2344 ldem
389 2307 444 2361 ο,
471 2309 531 2366 p.
572 2299 678 2364 47,
723 2291 788 2362 B,
817 2291 916 2346 ubi
956 2293 1213 2368 exempla
1245 2295 1402 2349 vocis
1437 2289 1696 2359 ὀξύπεινος

161 2375 322 2435 affert:
345 2375 430 2434 καὶ
457 2379 524 2438 Ε-

238 2507 403 2578 Ζῆθον
429 2509 533 2600 μὲν
571 2499 797 2575 ἐνθένδ’
828 2508 1010 2599 ἁγνὸν
1039 2511 1095 2586 ἐς
1125 2502 1328 2586 Θῆἕης
1356 2502 1535 2576 πέδον

235 2613 399 2680 οἰκεῖν
423 2617 650 2682 κελεύω
677 2641 690 2655 ·
725 2611 878 2705 (καὶ
914 2611 1029 2707 γὰρ
1057 2609 1404 2708 ἀξιωτέρους

238 2725 530 2806 πωλοῦσιν,
561 2727 646 2799 ὡς
675 2721 838 2788 ἔοικε
855 2770 873 2804 ,
903 2721 1042 2799 τοὺς
1074 2717 1285 2812 ἄρτους
1312 2725 1465 2805 ἐκεῖ,

237 2825 296 2888 σὺ
317 2817 370 2890 δ’
399 2825 699 2908 ὀξύπεινος
715 2825 782 2916 ·)
810 2825 916 2891 τὸν
950 2819 1016 2892 δὲ
1048 2828 1498 2917 μουσικώτατον

171 2923 201 2995 5
240 2931 446 3012 κλεινὰς
474 2930 714 3011 Αθήνας
743 2934 1002 3024 ἐκπερᾶν
1031 2928 1305 3024 Ᾱμφίονα
1323 2982 1342 3019 ,

240 3035 292 3101 οὖ
317 3043 474 3127 ῥᾷστ’
505 3040 602 3107 ἀεὶ
640 3048 892 3106 πεινῶσι
926 3032 1316 3128 Κεκροπιδῶν
1343 3038 1533 3131 κόροι,

241 3142 540 3226 κάπτοντες
557 3149 744 3239 αὔρας
761 3197 780 3233 ,
812 3138 1038 3213 κέλπίδ
1041 3172 1109 3223 ας
1130 3151 1480 3236 σιτούμενοι.

171 3283 304 3341 Versu
330 3306 352 3343 ι
374 3290 540 3347 Mein.
570 3290 960 3367 probabiliter
985 3284 1172 3347 ἐνθένδ’
1191 3308 1301 3365 pro
1322 3288 1508 3360 ἐλθεῖν,
1535 3290 1694 3364 quod

171 3370 300 3446 friget
320 3390 572 3452 sequente
595 3378 785 3437 οἰκεῖν.
819 3404 844 3429 α
873 3376 966 3443 Ἐς
989 3382 1065 3439 Θ.
1097 3399 1155 3435 π.
1181 3378 1339 3435 οἰκεῖν
1357 3420 1374 3450 ,
1399 3391 1464 3434 ut
1491 3378 1694 3446 ἕζεσθαι

172 3456 224 3521 εἷς
247 3459 399 3522 τόπον.
427 3489 452 3515 υ
483 3468 534 3521 Ε
555 3470 646 3523 Μ.
679 3470 748 3523 V.
784 3486 820 3523 α
841 3468 918 3523 ita
941 3467 1169 3527 Jacobs,
1199 3486 1310 3541 pro
1337 3464 1558 3526 κελεύει.
1586 3471 1696 3525 Ve-

172 3548 424 3609 risimiliter
447 3557 616 3613 Mein.
649 3556 772 3611 haee
799 3556 872 3611 ad
895 3556 1186 3629 Antiopen
1210 3554 1458 3610 fabulam
1477 3558 1690 3627 retulit,

171 3636 340 3705 quihus
359 3642 466 3714 ipsa
494 3654 684 3700 mater
710 3644 1142 3718 compellaverit
1169 3640 1336 3699 filios,
1367 3646 1434 3702 V.
1463 3664 1495 3714 7
1521 3646 1692 3719 vulgo

172 3718 297 3796 αὔρας
343 3726 543 3795 ἐλπίδας
599 3751 726 3803 σιτ.,
775 3748 902 3804 quae
958 3742 1044 3787 est
1090 3748 1262 3787 arena
1307 3732 1428 3787 sine
1473 3732 1626 3788 calce
1676 3752 1688 3787 :

173 3826 197 3859 κ
215 3809 380 3869 litterae
409 3836 440 3873 σ
467 3817 668 3875 similis
701 3818 764 3873 in
791 3817 1080 3874 veteribus
1115 3818 1278 3874 libris
1295 3817 1522 3875 videtur
1545 3819 1693 3876 offe-

173 3894 292 3951 cisse.
315 3896 462 3958 Ἔλπ.
495 3924 623 3976 σιτ.,
654 3924 715 3962 v,
747 3922 882 3963 ann.
912 3904 988 3961 ad
1010 3908 1108 3965 Ar.
1149 3906 1298 3963 Nub.
1336 3912 1472 3979 479.
1501 3908 1694 3963 Livius

177 3984 252 4057 4²,
280 3984 342 4060 39
365 4006 379 4041 :
409 3992 505 4046 levi
523 4011 669 4048 aura
688 3996 812 4066 spei
829 3988 1069 4064 objecta.

853 4120 910 4180 3.

237 4244 363 4308 Eust.
388 4252 456 4307 ad
477 4253 680 4327 Odyss.
719 4272 780 4329 p.
819 4253 991 4328 1915,
1029 4272 1094 4325 ¹7
1129 4270 1144 4311 ε
1175 4252 1410 4310 κόλλοπα
1444 4252 1504 4309 τὸ
1547 4251 1693 4331 παχὺ

179 4326 308 4403 δέρμα
325 4335 440 4412 φασὶ
467 4338 736 4413 λέγεσθαι,
764 4337 858 4397 καὶ
883 4342 986 4397 τῶν
1011 4336 1249 4417 ὀργάνων
1277 4338 1566 4411 κόλλαὸον,’
1586 4362 1694 4396 πα-

182 4418 447 4495 ρατιθέμενοι
486 4423 734 4505 εΌμηρον
777 4425 1018 4507 (Odyss.
1065 4447 1164 4497 αι,
1204 4428 1346 4503 407)
1374 4426 1464 4484 καὶ
1506 4421 1693 4491 ἄλλους
1736 4452 1742 4485 ι

722 4588 1046 4654 ΑΝΤΙΟΡΑ
1057 4638 1070 4651 .

875 4688 900 4737 1
913 4722 930 4737 .

184 4754 248 4809 Ad
270 4756 482 4821 laborem
505 4782 608 4824 nos
629 4775 686 4825 et
708 4784 870 4827 emm
891 4770 1107 4827 strenui

186 4846 642 4927 continentiamque,
669 4854 1034 4913 Athenienses
1055 4864 1240 4914 autem
1265 4856 1504 4913 dicendo

187 4934 228 4981 et
244 4934 423 4993 modice
442 4939 769 4999 comedendo
787 4984 804 5012 ‚
825 4941 1072 5000 Thebani
1099 4958 1225 5000 vero
1247 4944 1506 5000 multum.

873 5034 926 5083 2.

3244 475 3358 526 437

1794 583 1959 650 τινάς.
2004 557 2171 666 ἕτεροι
2212 585 2267 644 δὲ
2308 585 2445 644 οὕτω
2488 590 2705 647 καλοῦσι
2734 588 2821 648 τὸν
2864 591 3235 672 περιτρέχοντα
3274 595 3363 653 καὶ

1793 674 2096 752 ἑταιροῦντα
2111 717 2127 746 ,
2146 676 2217 740 ὡς
2240 671 2329 731 καὶ
2358 672 2583 743 Εὔπολις
2617 677 2761 754 (sic)
2792 678 2844 734 ἐν
2866 681 2943 758 τῷ

1892 845 1958 887 α.
1999 819 2467 914 Καλλίστρατός
2493 821 2585 901 τίς
2613 827 2855 892 ἐστιν...
2874 877 2888 891 .
2912 824 3080 906 οὗτος
3109 825 3207 894 οὖν

1887 931 2087 1019 πυγὴν
2118 927 2393 1020 μεγάλην
2418 925 2539 1019 εἶχ’
2560 979 2579 1016 ,
2604 926 2651 994 ὦ
2672 925 2953 1022 Χαριάδη
2974 978 2993 1018 ,
3016 931 3120 998 καὶ
3136 937 3299 1006 καλή
3302 961 3357 1000 ν.

1891 1035 1955 1118 β.
1989 1033 2217 1099 Τοῦτον
2244 1039 2613 1102 καταλεκτέ’
2652 1035 2815 1104 ἐστὶν
2829 1041 2884 1115 ἐς
2901 1041 3038 1118 τοὺς
3056 1041 3363 1122 κόλλοπας

1886 1138 2025 1215 τοὺς
2053 1131 2453 1231 ε’κδρομᾶδας.

1791 1301 1902 1372 Ap.
1924 1301 2074 1356 Eust.
2098 1301 2335 1376 proprie
2362 1303 2434 1362 K.
2460 1300 2573 1359 ἐστί
2598 1323 2697 1368 τις·
2724 1295 2867 1371 οἶτος
2887 1295 2975 1363 οῧν
2992 1329 3054 1367 π.
3080 1330 3199 1385 μεγ.
3222 1299 3361 1388 εἶχεν

1885 1384 2233 1446 καταλεκτέον
2265 1389 2317 1454 ἐς
2342 1392 2433 1446 τοῦ
2461 1388 2612 1451 κόλλ.
2662 1405 2773 1448 etc.
2823 1395 3069 1452 Alterius
3108 1417 3363 1471 personae

1791 1476 1967 1533 verba
1990 1474 2094 1556 (K.
2120 1474 2199 1543 τίς
2226 1476 2365 1555 ἐστι)
2390 1480 2444 1554 β.
2469 1476 2584 1542 Τίς
2614 1477 2671 1535 δ’
2699 1476 2856 1552 ἔσθ’,
2890 1480 2978 1558 (α.
3004 1472 3172 1548 Οὗτος
3208 1487 3361 1562 etc.)

1788 1563 1991 1622 hausta
2038 1565 2344 1622 videantur
2388 1585 2421 1622 a
2469 1570 2788 1642 praegressis
2836 1571 3146 1642 similibus,
3190 1575 3359 1629 etiam

1789 1652 2035 1726 Bergkio
2072 1654 2389 1729 suspicante
2418 1656 2475 1732 β.
2506 1651 2735 1731 Ὅστις-ς
2777 1681 2800 1708 α
2822 1659 2912 1714 Ab
2935 1656 3217 1734 Eupolide
3238 1661 3357 1717 haec

1788 1742 1963 1797 scribi
2000 1761 2119 1798 nou
2146 1741 2425 1817 potuisse,
2458 1755 2517 1798 et
2551 1743 2758 1799 Eubuli
2796 1763 3011 1801 nomen
3036 1749 3117 1802 illi
3145 1748 3357 1804 substi-

1790 1830 2067 1886 tuendum
2088 1848 2229 1900 esse,
2258 1831 2456 1885 monui
2482 1833 2686 1903 Quaest.
2720 1851 2875 1892 scen.
2906 1832 2964 1903 3,
3001 1854 3063 1909 p.
3106 1837 3201 1894 23.
3228 1839 3294 1896 V.
3324 1839 3357 1894 3

1789 1916 2053 1984 κόλλοπας
2080 1919 2222 1975 dicit
2240 1916 2605 1997 ἀνδρογύνους,
2630 1923 2910 1993 exoletos,
2935 1923 3215 1997 pathicus.
3243 1929 3361 1981 An·

1791 2008 1937 2064 tiatt.
1956 2024 2021 2081 p.
2051 2025 2181 2078 102,
2211 2005 2279 2063 31
2313 2025 2327 2063 ε
2361 2003 2477 2064 κόλ
2490 2003 2689 2073 λοπάς
2716 2027 2845 2086 φασι
2860 2007 2964 2066 δεῖν
2984 2009 3171 2088 κυρίως
3190 2009 3358 2088 λέγειν

1788 2092 1907 2160 τοὺς
1933 2096 2037 2152 τῶν
2059 2093 2313 2174 ὀργάνων,
2332 2092 2417 2159 οὓς
2438 2095 2660 2153 καλοῦσι
2686 2094 2973 2162 κολλᾶὄους
2990 2141 3007 2170 ,
3038 2097 3097 2155 οὗ
3118 2096 3235 2165 τοὺς
3263 2101 3359 2156 οἷν-

1790 2177 2083 2260 δρογύνους.
2106 2180 2367 2248 Εύὸουλος
2381 2181 2621 2261 Ἀντιόπῃ
2642 2181 2729 2240 ἐπὶ
2742 2187 2833 2242 τοῦ
2847 2185 3181 2264 ἂνδρογύνου.
3208 2191 3359 2262 Qua-

1790 2270 1855 2325 lis
1883 2269 1991 2326 fuit
2022 2270 2385 2330 Callistratus.
2410 2273 2813 2349 Theopompus
2845 2275 3015 2332 Chius
3050 2277 3259 2335 Athen.
3298 2285 3357 2348 4,
3428 2295 3434 2300 ·

1788 2377 1849 2431 p.
1903 2359 2011 2416 166
2034 2401 2051 2430 ,
2086 2360 2131 2418 E
2172 2378 2187 2420 ε
2218 2357 2615 2436 Καλλίστρατος
2642 2356 2695 2418 δὲ
2732 2362 2761 2417 ὁ
2807 2360 3235 2442 Καλλικράτους,
3266 2364 3363 2434 δη-

1791 2445 2059 2524 μαγωγὸς,
2091 2446 2181 2504 καὶ
2201 2446 2353 2515 αὐτὸς
2372 2445 2501 2526 πρὸς
2535 2445 2631 2522 μὲν
2660 2445 2753 2514 τὰς
2776 2448 2963 2518 ἡδονὰς
2988 2440 3051 2521 ἦν
3084 2449 3317 2528 ἀκρατὴς
3339 2494 3377 2527 ,,

1789 2537 1893 2593 τῶν
1917 2532 1970 2592 δὲ
1996 2535 2275 2592 πολιτικῶν
2299 2532 2629 2614 πραγμάτων
2656 2525 2788 2613 [ἦν]
2818 2535 3087 2614 ἐπιμελής.
3117 2539 3201 2598 Cf.
3241 2543 3359 2595 Eu·-

1789 2623 1911 2679 bul.
1942 2623 2467 2699 Sphingocarione,
2498 2624 2821 2681 Anaxandr.
2858 2627 3117 2684 Protesil.
3148 2646 3205 2686 ο.
3238 2626 3361 2683 Ob-

1788 2729 1979 2768 scoena
2006 2713 2175 2768 etiam
2201 2712 2311 2768 alia
2332 2722 2465 2768 sunt
2488 2713 2690 2785 verba,
2724 2714 2931 2787 quibus
2954 2720 3159 2771 corium
3186 2716 3329 2788 signi
3350 2747 3363 2758 -

1787 2797 2011 2874 ficetur,
2032 2799 2293 2874 inprimis
2310 2796 2665 2856 κολλοπεύειν.
2690 2800 2847 2856 Plato
2871 2820 3019 2861 com.
3044 2801 3201 2877 apud
3228 2803 3359 2860 Sto·

1787 2887 1975 2945 baeum
2001 2888 2119 2948 Ecl.
2136 2887 2302 2963 phys.
2336 2905 2394 2958 α,
2425 2906 2485 2962 p.
2519 2888 2591 2944 26
2618 2907 2631 2942 :

1869 3031 2333 3100 Κεκολλόπευκας·
2361 3036 2631 3111 τοιγαροῦν
2659 3032 2835 3113 ῥήτωρ
2858 3034 2980 3093 ἔσει.

1789 3164 1874 3224 Cf.
1904 3164 2160 3221 Lobeck.
2192 3163 2375 3220 Paral.
2424 3181 2665 3239 gramm.
2694 3182 2757 3238 p.
2800 3162 2898 3235 81,
2947 3184 3041 3239 19·
3075 3168 3143 3222 V.
3183 3172 3212 3230 4
3244 3162 3359 3229 τοὺς

1789 3252 1927 3331 exsp.
1957 3252 2214 3308 Eustath.
2246 3254 2285 3307 l.
2309 3253 2349 3310 l.
2376 3271 2390 3307 :
2415 3251 2531 3309 ἑκδ
2546 3272 2618 3329 ρο
2639 3250 2842 3326 μάδες
2878 3252 2927 3307 οἱ
2958 3250 3358 3309 ἀκολασταίνον·

1787 3362 1870 3406 τες
1893 3338 2176 3419 ὁπέρακμα
2202 3380 2219 3410 ,
2246 3336 2517 3415 λεγόμενοι
2544 3338 2861 3416 ἐκδρομάδες
2881 3381 2899 3413 ,
2926 3340 2996 3404 ὡς
3018 3339 3357 3418 παραδεδρα-

1791 3426 2016 3503 μηκότες
2059 3424 2154 3497 τὴν
2182 3422 2325 3505 ὥραν
2342 3469 2357 3498 ,
2398 3424 2489 3484 καὶ
2535 3424 2797 3483 ἀνάπαλιν
2838 3424 2983 3491 ὄντες
3015 3426 3120 3492 τοῖς
3150 3426 3357 3503 πρῶτον

1789 3512 2097 3587 ὓπηνήταις.
2134 3536 2157 3565 ⁸
2181 3518 2234 3571 E
2259 3517 2347 3573 M.

2548 3648 2599 3707 l..

1867 3775 2106 3831 Antiatt.
2143 3792 2203 3848 p.
2244 3791 2373 3843 111,
2404 3791 2503 3841 21,
2542 3768 2705 3848 Περὶ
2732 3768 3033 3849 πρώτους
3068 3774 3309 3838 ὕπνους
3342 3794 3355 3829 :

1796 3860 1862 3919 E.
1895 3860 1948 3917 ἐν
1973 3859 2110 3919 Ἀντ.
2628 3882 2635 3887 ·

2320 4002 2429 4062 vl.
2474 4002 2828 4064 AETYTOl.

1871 4166 2075 4224 Athen.
2108 4185 2163 4235 2,
2188 4185 2247 4240 p.
2276 4164 2373 4239 69,
2405 4164 2449 4222 C
2482 4184 2493 4219 :
2532 4163 2880 4242 Καλλίμαχος
2922 4164 2976 4222 δέ
3020 4188 3193 4245 φησιν,
3222 4164 3299 4223 ὅτι
3327 4170 3359 4235 ἡ

1791 4250 2065 4330 Ἀφροδίτη
2088 4252 2175 4308 τὸν
2204 4245 2420 4309 Ἄδωνιν
2449 4252 2503 4307 ἓν
2532 4250 2803 4331 θριδακίνῃ
2826 4250 3098 4332 κρύψειεν,
3126 4254 3355 4328 ἀλληγο-

1790 4340 2015 4419 ρούντων
2042 4342 2145 4397 τῶν
2170 4342 2421 4409 ποιητῶν,
2443 4336 2524 4395 ὅτι
2552 4340 2783 4405 ἀσθενεῖς
2810 4340 2911 4397 εἶσι
2934 4339 3062 4420 πρὸς
3084 4340 3359 4422 ἀφροδίσια

1791 4429 1838 4486 οἱ
1857 4430 2087 4505 συνεχῶς
2116 4425 2378 4506 χρώμενοι
2406 4424 2624 4505 θρίδαξι.
2647 4425 2739 4483 καὶ
2760 4427 2827 4485 Ε.
2862 4425 2907 4483 δ’
2936 4428 2989 4484 ἐν
3021 4425 3282 4492 Ἀστύτοις

1857 4605 1913 4652 te
1935 4606 2119 4653 autem
2147 4594 2433 4663 famelico,
2456 4600 2474 4662 )
2504 4594 2727 4651 musico
2750 4608 2875 4650 vero
2902 4594 3289 4665 peritissimum

1787 4691 1820 4741 5
1854 4684 2031 4741 claras
2058 4682 2298 4740 Athenas
2325 4684 2595 4756 emigrare
2616 4682 2983 4753 Amphionem
3002 4722 3017 4750 ,

1858 4770 1953 4828 ubi
1979 4767 2238 4826 facillime
2260 4770 2511 4827 esuriunt
2535 4783 2748 4841 semper
2766 4766 3125 4841 Cecropidum
3158 4766 3283 4835 filii,

1856 4862 2136 4931 captantes
2169 4871 2330 4913 auras
2353 4864 2411 4912 et
2433 4871 2531 4929 spe
2556 4856 2719 4927 pasti.

2550 4948 2601 4997 3.

1785 5042 1836 5083 a.
1871 5027 2207 5085 Callistratus
2233 5027 2457 5101 quidam
2487 5036 2635 5085 est...
2663 5035 2682 5095 (
2706 5029 2759 5083 h.
2787 5028 2921 5099 Quis
2949 5034 3130 5083 autem
3165 5033 3243 5081 est
3259 5030 3302 5090 ?)

245 5104 440 5166 Zethum
461 5112 674 5184 quidem
697 5115 824 5172 hinc
849 5124 1100 5172 salictam
1127 5116 1436 5175 Thebarum
1457 5125 1656 5176 terram
1735 5098 1742 5191 Ι
1784 5128 1834 5168 a.
1867 5115 1976 5171 Hic
1998 5114 2161 5189 igitur
2182 5114 2433 5187 podicem
2456 5130 2713 5188 magnum
2736 5112 2944 5183 habuit,
2964 5109 3274 5178 Chariades,
3296 5128 3359 5165 ac

247 5188 506 5255 habitatum
525 5200 602 5257 ire
625 5202 782 5273 jubeo
796 5244 812 5271 ,
835 5208 857 5269 <
866 5203 1097 5275 justiore
1119 5204 1292 5276 pretio

249 5277 418 5339 scilicet
439 5284 509 5341 ibi
532 5286 750 5346 venditis
775 5288 1007 5363 panibus
1025 5328 1038 5355 ,

1785 5202 1836 5258 h.
1871 5203 2201 5262 inserendus
2229 5203 2323 5261 illc
2346 5212 2426 5262 est
2452 5203 2681 5276 pathicis
3026 5204 3355 5269 [venustum.

1785 5292 2026 5349 exoletis
