3809 5850
1617 388 2019 454 CRATINUS.
2220 469 2227 476 ι
3356 413 3429 464 23

182 503 234 562 οἳ
257 505 350 562 καὶ
373 505 462 564 διὰ
495 511 588 565 τοῦ
614 531 649 586 γ
672 509 985 589 γράφωσιν.
1021 511 1075 570 ἔν
1101 537 1234 573 τισιν
1268 515 1286 592 (
1309 518 1486 578 intell.
1518 519 1762 600 ἀντιγρά·

183 596 328 675 qoam)
353 598 410 654 ἐν
435 596 714 664 Malunt<
735 597 754 672 (
773 601 907 661 cod.
935 601 1264 682 μαλακροῖς)
1305 605 1569 684 Κρατίνου
1595 631 1765 688 παρε-

183 678 382 754 φύλαξε
414 679 530 761 (ita
561 685 838 743 Bl⁰cl¹i¹¹³
885 706 996 762 ΡῙὌ
1023 688 1402 770 περιεφύλαξῑ)
1449 693 1763 774 Σύμμαχος·
1860 717 2213 794 ἐπιτιθέμενος
2252 722 2399 789 πῖλος
2434 722 2595 790 οὕτως
2624 725 2894 798 ἐκαλεῖτο,
2928 724 3066 784 ἀλλὰ

182 769 388 825 Cetera
415 789 650 844 quoque
679 776 930 830 correxit
951 776 1342 838 casaubonus.
1377 805 1404 830 ι
1437 783 1520 838 Ne
1542 781 1765 855 ζυμίτην

181 867 239 911 et
259 854 441 914 πλέων
475 858 792 932 desideres,
829 864 1089 937 suspicor
1114 865 1232 921 haec
1269 865 1346 923 ab
1381 869 1614 928 homine
1637 874 1764 927 Do-

179 945 353 999 riensi
372 948 748 1019 pronuntiata
761 967 900 1004 esse.
919 981 998 993 —
1013 952 1162 1007 Usus
1182 954 1358 1028 igitur
1367 955 1460 1016 Cr.
1481 969 1565 1013 est
1581 958 1764 1015 sonna

181 1028 516 1110 γνάφαλλον,
560 1035 724 1108 quod
766 1047 826 1092 et
860 1037 1048 1112 ipsum
1089 1039 1440 1098 documento
1481 1056 1601 1119 est,
1643 1048 1762 1102 Do-

179 1121 430 1174 riensem
461 1121 581 1176 haec
608 1122 868 1178 locutum
893 1143 1046 1196 esse;
1071 1137 1138 1182 ut
1164 1130 1316 1184 enim
1338 1141 1556 1187 veteres
1587 1135 1763 1190 Attici

181 1217 517 1264 constanter
549 1207 820 1266 dixerunt
851 1208 1100 1269 κνάπτειν
1131 1225 1190 1270 et
1223 1212 1476 1296 κναφεὺς,
1509 1237 1628 1275 non
1659 1239 1763 1277 au-

179 1304 296 1348 tem
329 1293 583 1368 γνάπτειν
631 1309 692 1352 et
731 1295 955 1376 γναφεὺς
998 1299 1081 1376 (v.
1120 1303 1309 1362 Dobr.
1350 1306 1425 1362 ad
1465 1307 1758 1382 Aristoph.

179 1381 332 1440 Plut.
372 1381 543 1458 166),
573 1385 658 1440 ita
696 1387 930 1442 eosdem
965 1385 1265 1466 κνάφαλλον
1312 1391 1402 1446 vel
1445 1391 1762 1471 κνέφαλλον,

177 1485 298 1521 non
325 1479 522 1524 autem
548 1469 850 1550 γνάφαλλον
885 1474 976 1529 vel
1009 1471 1329 1552 γνέφαλλον,
1369 1478 1574 1536 dixisse
1615 1499 1760 1536 con-

176 1565 516 1612 sentaneum
542 1569 649 1614 est.
689 1585 714 1609 «ι
751 1562 932 1616 Mein.
962 1563 1165 1618 Verbis
1203 1563 1298 1622 πλ.
1333 1563 1650 1643 γναφάλλων
1685 1570 1761 1624 si-

173 1641 492 1716 gnificatur
514 1647 679 1719 panis
703 1665 986 1707 acet-osus.

937 1767 998 1826 Ιι.

257 1875 510 1951 Hesych.
563 1875 790 1956 Βρυτίνη
850 1897 865 1933 :
916 1879 969 1935 ἐν
1011 1879 1192 1938 Μαλθ.
1245 1905 1273 1931 α
1317 1879 1570 1961 Ἀμοργὸν
1616 1881 1758 1942 ἔνδον

175 1961 429 2040 βροτίνην
459 1965 636 2034 νήθειν
658 1963 798 2026 τινά.
834 1990 857 2017 ⁸
885 1966 903 2043 (
928 1968 1072 2027 Cod.
1101 1964 1332 2046 ἄμοργον
1367 2001 1446 2012 -
1480 1968 1638 2028 νίθειν
1676 1971 1754 2047 τ.)

172 2047 358 2116 ἔπαιξε
389 2051 603 2126 (intell.
632 2053 779 2130 Κρ.)
809 2051 937 2132 πρὸς
960 2053 1022 2112 τὸ
1047 2052 1196 2130 πόμα
1218 2054 1280 2112 τὸ
1309 2054 1564 2134 βρῦτινον.
1597 2058 1758 2117 Idem

169 2140 353 2210 paulo
375 2140 612 2196 inferius
635 2138 870 2218 Βρυττόν
894 2137 1032 2219 (sic)
1053 2149 1188 2198 ιπᾶν
1203 2140 1262 2199 τὸ
1280 2143 1342 2201 ἐκ
1357 2146 1554 2225 τρυφῆς
1577 2143 1754 2206 ποτόν.

177 2249 204 2272 α
235 2229 377 2297 Quae
400 2229 482 2285 ita
503 2231 758 2304 corrigo,
787 2229 988 2306 Βρῧετον
1013 2249 1028 2286 τ
1053 2251 1114 2287 π.
1141 2227 1202 2287 τὸ
1230 2231 1292 2287 ἐκ
1316 2228 1511 2309 τρύγης
1527 2254 1588 2293 π.
1615 2237 1755 2291 Are-

171 2323 310 2368 taeus
332 2315 513 2389 Capp.
542 2334 595 2387 1,
625 2334 696 2390 9,
715 2336 776 2391 p.
823 2316 860 2372 8
879 2357 898 2386 ,
927 2314 990 2373 τὸ
1015 2318 1118 2374 τῶν
1151 2316 1381 2394 βροτέων
1407 2321 1572 2394 πῶμα
1595 2339 1753 2377 com-

165 2415 474 2460 memorat.
485 2403 730 2460 Galenus
739 2405 855 2460 vol.
869 2405 930 2477 6,
944 2423 1006 2479 p.
1025 2403 1096 2471 34
1105 2423 1138 2460 ο
1152 2406 1329 2465 chart
1343 2425 1358 2462 ε
1373 2403 1542 2485 τὸγάρ
1555 2428 1638 2464 τοι
1647 2409 1754 2466 τῶν

169 2487 402 2564 βρυτίων
429 2481 750 2566 ἇπόὸρὲγμα
783 2491 1053 2564 καλοῦσιν,
1085 2489 1215 2569 ὅπερ
1238 2481 1306 2548 αὖ
1333 2491 1494 2550 πάλιν
1523 2494 1580 2550 οἱ
1609 2497 1752 2553 ἀττι-

167 2573 396 2642 κίζοντες
423 2574 751 2653 ὀνομάζουσι,
767 2575 1054 2656 δευτερίαν.
1091 2582 1294 2655 Itaque
1318 2581 1624 2656 probabile
1649 2593 1748 2653 est,

165 2681 290 2716 non
307 2663 384 2719 de
405 2675 562 2720 veste
577 2665 792 2738 aliqua,
812 2665 913 2722 sed
923 2666 995 2722 de
1009 2667 1260 2742 potuagi
1278 2668 1341 2722 in
1357 2669 1574 2724 Cratini
1590 2671 1746 2729 loco.

167 2751 424 2808 Proinde
443 2753 642 2809 nescio
672 2771 748 2808 an
772 2771 968 2810 versus
995 2755 1076 2810 ita
1098 2753 1435 2812 scribendus
1459 2757 1532 2812 sit
1559 2773 1576 2814 τ

265 2865 538 2971 Ᾰμοργιν
569 2869 744 2944 ἔνδον
781 2877 1060 2971 βρυτίνην
1089 2879 1256 2952 η’θεῗν
1290 2903 1449 2948 τινα.

165 3002 401 3083 Ἀμόργῃ
446 3007 568 3063 sive
620 3004 875 3084 ἅμοργις,
923 3026 1194 3077 amurca,
1248 3010 1485 3084 proprie
1535 3004 1749 3069 dieitur

161 3094 439 3167 aquatilis
476 3095 755 3151 olivarum
777 3094 1030 3154 humor:
1059 3114 1120 3154 v.
1155 3095 1480 3152 Schneider.
1523 3098 1599 3154 ad
1632 3100 1746 3155 Ca-

163 3194 291 3238 ton.
327 3185 406 3241 R.
455 3185 532 3241 R.
565 3201 676 3257 99,
717 3202 783 3259 p.
823 3182 958 3243 15⁴.
985 3184 1150 3240 Idem
1169 3202 1382 3240 nomen
1403 3185 1478 3242 ad
1503 3186 1627 3240 vini
1649 3187 1744 3243 fae-

161 3288 292 3325 cem
327 3270 498 3326 fixisse
519 3271 886 3341 translatum,
918 3270 1166 3327 ostendit
1191 3272 1380 3346 Etym.
1409 3269 1486 3330 M.
1509 3290 1570 3347 p.
1607 3292 1741 3349 129,

167 3358 240 3412 13
280 3377 296 3414 τ
331 3354 562 3436 Ἀμόργη
618 3358 679 3415 ἐκ
718 3360 810 3415 τοῦ
850 3356 1066 3437 ’Ξμέργω
1106 3354 1328 3435 γίνεται.
1391 3356 1636 3433 σημαίνει
1688 3359 1742 3417 δὲ

159 3442 290 3515 δύο,
321 3442 418 3513 τὴν
451 3444 795 3520 ὑποστάθμην
835 3447 928 3501 τοῦ
972 3442 1148 3503 ἐλαίου
1182 3444 1274 3502 καὶ
1314 3444 1408 3515 τὴν
1445 3443 1610 3524 τρύγα
1648 3450 1742 3505 τοῦ

157 3530 323 3589 οἴνου.
355 3534 476 3589 Nec
512 3533 718 3589 dubito
745 3534 888 3607 quin
931 3532 1003 3589 de
1041 3532 1286 3607 cujusvis
1329 3536 1550 3609 generis
1591 3536 1742 3592 sedi-

153 3632 360 3677 mento
396 3620 618 3677 dictmn
651 3620 850 3679 fuerit.
877 3620 1080 3694 Itaque
1110 3620 1349 3699 ἅμόργην
1375 3623 1493 3678 sive
1520 3618 1740 3701 ἄμοργιν

157 3710 248 3783 βρ.
283 3708 644 3764 ludibundus
661 3718 835 3783 poeta
857 3708 1085 3764 videtur
1107 3708 1313 3765 dixisse
1341 3728 1586 3766 crassum
1611 3712 1738 3768 hor·

153 3796 356 3851 deacei
387 3806 564 3870 potus
591 3792 922 3867 humorem,
965 3814 1137 3870 quem
1166 3807 1372 3870 potum
1411 3798 1615 3871 aliquis
1645 3798 1738 3871 ju·

155 3882 332 3937 betur
359 3884 621 3957 eliquare
647 3901 748 3938 seu
778 3882 1074 3957 pei-colare
1091 3924 1108 3953 ,
1140 3883 1306 3953 ἠθεῒν.
1331 3884 1594 3960 Geopon.
1639 3886 1732 3957 18,

162 3970 234 4027 18
275 3991 292 4027 ε
327 3966 544 4046 ἀμόργη
569 3966 758 4035 ἅναλος
791 3971 1068 4039 διηθεῖται.
1093 3972 1180 4028 De
1203 3971 1399 4027 formis
1425 3969 1643 4049 ἀμοργὶς
1680 3985 1738 4030 et

157 4056 379 4136 ἅμοργις
409 4057 722 4129 Arcadius,
757 4059 874 4114 sive
901 4058 1090 4134 potius
1120 4058 1499 4129 Herodianus,
1530 4062 1618 4117 De
1641 4080 1735 4117 ac-

157 4158 310 4207 cent.
355 4166 415 4221 p.
449 4164 528 4219 29
551 4188 568 4214 ‚
610 4164 684 4202 aa
722 4164 738 4203 ε
775 4144 853 4202 ἔτι
880 4143 947 4201 τὰ
988 4145 1060 4209 εἰς
1090 4166 1133 4211 ις
1165 4142 1544 4204 πολυσύλλαὸα
1585 4145 1733 4224 (ὀξύ-

153 4234 336 4307 νεται)
364 4230 656 4310 στρατηγὶς
673 4275 694 4307 ,
723 4231 984 4311 ἁλουργὶς,
1023 4230 1243 4311 ἀμοργίς
1281 4233 1426 4310 (hoe
1454 4234 1602 4292 forte
1641 4255 1736 4294 ne·

152 4324 408 4393 glectum
427 4340 550 4378 &sse
573 4338 610 4377 a
631 4322 889 4392 librario,
912 4322 1061 4378 vidit
1071 4320 1302 4397 Mein.).
1323 4318 1460 4378 τὸδὲ
1483 4319 1702 4401 ἄμοργις
1714 4370 1734 4398 ‚

153 4412 186 4477 ἡ
217 4408 574 4483 ὑποστάθμη,
619 4406 922 4489 βαρύνεται.
962 4411 1193 4485 Suidas,
1231 4406 1472 4488 Ἀμοργίς
1498 4430 1514 4470 :
1544 4408 1732 4489 κυρίως

151 4500 184 4565 ἡ
229 4496 652 4573 λευκοκαλάμη,
705 4494 758 4564 ἐξ
801 4488 865 4569 ἧς
905 4495 1129 4575 γίνεται.
1153 4495 1422 4575 ἐνδύματα
1469 4496 1728 4577 ἀμόργινα

151 4582 438 4661 λεγόμενα.
469 4580 504 4653 ἢ
531 4588 568 4656 ἡ
596 4589 688 4642 τοῦ
725 4582 904 4642 ἐλαίου
925 4584 1268 4662 ὑποστάθμη,
1299 4582 1392 4643 καὶ
1425 4588 1460 4657 ἢ
1489 4584 1610 4665 τρὺξ
1638 4590 1728 4645 τοῦ

153 4672 312 4731 οἴνου.
345 4676 466 4747 Qui
499 4674 766 4731 confudit
807 4671 1028 4753 ἄμοργὶς
1045 4716 1063 4745 ,
1101 4672 1230 4747 ίδος,
1267 4676 1446 4731 linum
1477 4682 1725 4749 amorgs'-

2611 532 2667 591 5.

1941 632 2143 688 Pollux
2187 653 2245 706 7,
2289 655 2391 706 171
2434 655 2449 692 ε
2481 636 2540 693 οὐ
2576 634 2733 712 μόνον
2768 635 2823 693 δὲ
2855 637 2883 694 ὁ
2918 635 3006 694 ἐπὶ
3042 640 3146 696 τῶν
3188 641 3427 720 κεφαλῶν

3107 725 3196 784 καὶ
3242 731 3271 785 ὁ
3308 729 3431 808 περὶ

1857 807 1965 872 τοῖς
1992 808 2164 883 ποσὶν,
2185 813 2255 876 ὡς
2282 811 2432 881 δηλοῖ
2458 816 2563 892 Κρ.
2592 814 2645 871 ἐν
2674 814 2877 890 Μαλθ.,
2906 813 3071 892 λέγων

1956 927 2212 1004 Λευκοὺς
2242 929 2357 995 ὑπὸ
2394 929 2609 996 ποσσὶν
2642 931 2801 1023 ἔχων
2834 931 3068 1007 πίλους.

1861 1049 2060 1108 Ποσσὶν
2091 1057 2259 1111 metri
2288 1058 2473 1132 grafia
2509 1077 2621 1134 pro
2656 1056 2810 1116 ποσὶν
2846 1059 3018 1116 Mein.
3046 1059 3188 1118 cod.
3230 1059 3420 1118 Kuhn.

1857 1141 2002 1197 mire
2029 1142 2287 1216 μαλακοῖς
2314 1142 2456 1202 λαὼν
2485 1143 2675 1212 κακοὺς
2702 1143 2803 1203 ὑπὸ
2832 1168 2888 1202 π.
2926 1137 3035 1224 εἶχε
3066 1169 3122 1206 π.
3150 1149 3263 1206 Sed
3284 1151 3425 1207 alte—

1855 1245 1984 1284 rum
2002 1249 2195 1287 rursus
2212 1235 2442 1290 exhibet
2463 1234 2670 1292 Pollux
2700 1255 2793 1305 ιο,
2826 1235 2920 1292 50.

2612 1348 2670 1405 6.

1934 1453 2252 1533 Stephanus
2279 1461 2412 1532 Byz.
2446 1479 2491 1520 s.
2516 1481 2573 1520 v.
2608 1458 2812 1539 Ἰὸηρία
2839 1484 2903 1539 p.
2937 1471 2967 1530 l.
2984 1484 3078 1535 ιο,
3106 1467 3224 1521 sive
3266 1467 3421 1541 apud

1854 1545 2284 1602 Constantinum
2333 1549 2695 1625 Porphyrog.
2732 1553 2818 1606 De
2858 1551 3074 1606 admin.
3110 1553 3254 1628 imp.
3296 1553 3369 1610 23
3401 1575 3415 1609 :

1853 1625 2043 1709 ’'16729,
2084 1625 2333 1712 ’16ηρος,
2385 1635 2413 1690 ὁ
2462 1628 2741 1713 Ἴὸηρος...
2786 1636 2876 1692 καὶ
2924 1661 2951 1687 οι
2998 1635 3192 1703 αὐτὸς
3244 1637 3292 1698 Ἴ
3310 1638 3345 1695 6
3356 1663 3421 1710 η-

1856 1739 1958 1796 ρος
2002 1718 2442 1797 τραγοπώγων
2474 1747 2499 1773 ο
2536 1723 2592 1780 ἐν
2616 1723 2800 1782 Μαλθ.
2838 1721 3044 1800 εἴρηται
3082 1725 3364 1801 Κρατίνου.

1853 1827 1879 1854 α
1901 1808 1989 1861 De
2008 1806 2301 1876 Iberibus‚
2330 1807 2759 1866 Atheniensium
2778 1814 3177 1883 mercenariiS,
3200 1828 3420 1872 constat

1853 1909 1923 1948 ex
1941 1893 2119 1952 Thuc.
2153 1895 2209 1966 6,
2232 1895 2423 1970 90302'·
2452 1898 2657 1974 Bergk.
2686 1897 3005 1959 Comment.
3028 1919 3089 1975 p.
3108 1899 3181 1968 34
3193 1901 3243 1958 3.
3273 1928 3296 1952 ι»
3324 1905 3411 1959 Μ.

2602 2032 2659 2083 7.

1931 2111 2117 2185 Etym.
2144 2115 2224 2168 M.
2251 2132 2315 2187 p.
2348 2113 2497 2189 482,
2522 2133 2596 2172 aa
2620 2156 2637 2186 ,
2666 2113 3016 2182 Κάὸαισος
3040 2143 3053 2173 =
3074 2116 3415 2190 ὅᾶπληστος,

1849 2194 1938 2254 διὰ
1957 2197 2255 2278 διφθόγγου,
2270 2199 2737 2278 προπαροξύνεται.
2766 2202 2915 2282 παρὰ
2937 2202 3026 2262 τὸν
3050 2204 3235 2278 καὸὸν,
3256 2205 3288 2263 ὅ
3303 2209 3415 2265 ἐστι

1849 2281 2039 2364 μέτρον
2070 2285 2281 2345 σιτικόν.
2324 2288 2374 2346 Κ
2384 2309 2432 2366 ρ.
2458 2289 2643 2349 Μαλθ.
2676 2288 2789 2347 ἔστι
2818 2288 2872 2348 δὲ
2910 2289 3085 2369 κύριον
3116 2293 3413 2369 πεποιημέ-

1847 2392 1935 2428 νον
1964 2369 2110 2451 παρὰ
2133 2371 2229 2444 τὴν
2272 2362 2446 2448 αἶσαν(
2457 2374 2539 2450 Ἰ).
2574 2377 2845 2433 Similiter
2870 2376 3039 2436 Phot.
3074 2390 3132 2436 et
3162 2382 3411 2453 Hesych.

1845 2477 1902 2514 v.
1948 2457 2257 2534 Κάὸαισος,
2305 2472 2364 2518 et
2410 2459 2623 2520 Pollux
2680 2463 2715 2519 6
2732 2504 2750 2535 ,
2788 2464 2862 2531 43
2880 2507 2899 2541 ,
2935 2467 3150 2522 Cratini
3182 2472 3413 2528 nomine

1847 2548 2075 2604 omisso.
2118 2572 2143 2598 ec
2180 2549 2353 2622 Quod
2390 2546 2644 2615 κάὸαισος
2669 2569 2774 2626 per
2804 2552 3226 2629 diphthongum
3268 2556 3413 2614 scri-

1843 2633 2096 2691 bendum
2120 2653 2238 2692 esse
2265 2634 2426 2708 dicit,
2451 2639 2846 2714 Etymologus,
2878 2641 3016 2698 fecit
3028 2642 3106 2711 id,
3134 2643 3328 2715 credo,
3346 2657 3413 2702 ut

1841 2741 2055 2779 nomen
2072 2723 2216 2780 illud
2234 2743 2267 2782 a
2290 2723 2595 2799 Καὸαασὸς,
2618 2727 2997 2804 Cappadociae
3026 2731 3271 2806 oppido,
3297 2731 3411 2791 dis·

1841 2806 2145 2886 tingueret.
2174 2835 2199 2862 n
2228 2813 2315 2869 Μ.
2599 2893 2634 2951 8

1922 2996 2159 3055 Photius
2190 3003 2327 3057 Lex.
2356 3001 2411 3069 8,
2457 2998 2601 3071 185,
2629 3019 2728 3070 αι,
2762 3001 3027 3061 Κυλλοῧ
3070 3004 3137 3079 (l.
3168 3001 3415 3078 Κύλλου,

1841 3086 1975 3143 coll.
2004 3087 2213 3143 Arcad.
2246 3107 2310 3164 p.
2344 3088 2453 3157 56,
2480 3088 2587 3157 23,
2618 3098 2677 3143 et
2712 3090 2884 3149 Prov.
2913 3090 3079 3149 Bodl.
3120 3090 3265 3166 571)
3293 3092 3407 3163 πή·

1841 3192 1936 3249 ραν
1966 3190 1981 3232 :
2015 3176 2049 3245 ἡ
2090 3173 2251 3254 Πήρα
2282 3172 2473 3253 χωρίον
2509 3172 2635 3254 πρὸς
2663 3178 2740 3234 τῶ
2764 3174 3020 3257 Ὑμηττῷ
3040 3220 3057 3249 ,
3102 3178 3157 3235 ἐν
3187 3168 3231 3255 ᾧ
3268 3180 3409 3258 ἱερὸν

1840 3259 2171 3341 Ἀφροδίτης,
2216 3261 2303 3319 καὶ
2344 3260 2555 3342 κρήνης
2595 3260 2649 3330 ἐξ
2786 3266 2845 3321 αἱ
2877 3269 3091 3323 πιοῦσαι
3137 3266 3408 3327 εὖτοκοῧσι

1837 3348 1929 3405 καὶ
1974 3351 2029 3407 αἱ
2074 3348 2253 3427 ἄγονοι
2304 3348 2509 3426 γόνιμοι
2556 3348 2803 3427 γίνονται.
2850 3352 2955 3431 Κρ.
3010 3352 3065 3410 δὲ
3104 3355 3158 3412 ἐν
3224 3356 3402 3417 Μαλθ.

1837 3460 1862 3487 ι
1892 3433 2140 3495 Καλιὰν
2170 3462 2197 3487 ι
2226 3436 2389 3507 αὐτὴν
2412 3434 2585 3515 φησίν.
2624 3439 2671 3495 οἱ
2694 3435 2750 3495 δὲ
2790 3440 3146 3521 Κολλοπήραν
3178 3442 3411 3516 (Suidas

1839 3520 2050 3583 Κύλλου
2076 3520 2254 3605 πήραν
2269 3524 2309 3603 ).
2338 3522 2583 3585 τάττεται
2615 3522 2671 3582 δὲ
2695 3528 2729 3595 ἡ
2760 3526 3023 3605 παροιμία
3046 3526 3134 3585 ἐπὶ
3167 3530 3272 3586 τῶν
3306 3520 3407 3601 τὴν

1835 3610 1987 3693 φύσιν
2007 3610 2331 3692 βιαζομένων
2360 3610 2415 3679 ἐξ
2429 3608 2830 3691 ἐπιτεχνήσεως.
2850 3615 3047 3675 Verba
3072 3616 3211 3676 Καλ.
3235 3616 3401 3689 αὐτὴν

1833 3698 1991 3779 φησὶν
2013 3704 2075 3758 in
2096 3703 2250 3759 libro
2272 3720 2373 3761 ms.
2400 3722 2431 3759 a
2451 3714 2777 3760 correctore
2796 3702 2995 3760 addita
3016 3720 3165 3780 esse,
3194 3716 3252 3761 et
3266 3720 3405 3781 post

1835 3786 2187 3867 Κολλοπῆραν
2234 3790 2529 3847 dimidium
2575 3808 2801 3847 versum
2839 3792 3063 3863 deesse,
3108 3798 3402 3852 annotavit

1831 3880 2015 3938 Dobr.
2042 3876 2249 3939 Καλιὰν
2268 3874 2728 3956 interpolationis
2744 3892 3065 3956 suspectum
3090 3880 3281 3938 reddit
3302 3894 3405 3941 tes·

1831 3970 2129 4025 timonium
2157 3969 2473 4026 Herodiani
2494 3966 2626 4046 Περὶ
2650 3966 2905 4047 μονήρους
2927 3966 3035 4037 λέξ.
3062 3990 3123 4045 p.
3159 3990 3182 4025 1
3200 3990 3249 4042 1,
3279 3972 3347 4027 16
3378 3993 3393 4027 :

1833 4053 2037 4121 Κύλλος
2066 4058 2171 4133 (ita
2196 4057 2369 4113 Dind.
2407 4058 2634 4132 Fragm.
2668 4058 2961 4131 Aristoph.
3000 4076 3059 4132 p.
3110 4077 3249 4135 129,
3286 4078 3405 4135 pro

1828 4140 2007 4223 ὕλλος)
2045 4141 2107 4201 τὸ
2141 4141 2343 4223 κύριον,
2370 4132 2430 4201 οὗ
2467 4141 2731 4220 μέμνηται
2768 4142 2861 4201 καὶ
2888 4142 3263 4224 Ἀριστοφάνης
3304 4145 3395 4203 καὶ

1828 4232 1934 4309 Κρ.
1952 4233 2003 4290 ἐν
2024 4232 2203 4289 Μαλθ.
2223 4230 2413 4306 Cyllus
2424 4231 2527 4289 iste
2543 4232 2720 4287 homo
2736 4234 3120 4307 pauperculus
3132 4234 3222 4291 vel
3238 4252 3401 4291 men-

1827 4320 1995 4376 dicus
2030 4318 2201 4376 fuisse
2241 4320 2491 4389 videtur,
2536 4318 2698 4392 cujus
2739 4338 2881 4395 pera
2928 4322 3201 4392 viatoria,
3251 4322 3393 4377 nihil

1823 4418 2030 4483 praeter
2048 4426 2255 4483 panem
2276 4417 2332 4465 et
2349 4408 2570 4482 aliquid
2593 4409 2816 4482 opsonii
2836 4409 3158 4480 continens,
3180 4411 3241 4465 in
3256 4429 3401 4485 pro-

1823 4494 2089 4551 verbium
2110 4495 2269 4553 abiit.
2298 4496 2563 4551 Alienum
2592 4492 2748 4571 Πήρα
2775 4492 3003 4575 χωρίον..

1903 4678 2265 4741 Herodianus
2301 4676 2436 4757 Περὶ
2481 4700 2598 4753 μον.
2640 4676 2747 4745 λέξ.
2798 4700 2861 4755 p.
2912 4680 2971 4749 8,
3008 4678 3113 4749 82,
3167 4680 3237 4736 de
3276 4698 3387 4735 no-

153 4782 312 4831 mem,
349 4776 407 4820 et
432 4758 684 4843 ἄμοργις,
707 4782 836 4834 εως,
864 4768 976 4820 olei
999 4766 1380 4823 sede‘memum.
1417 4788 1440 4817 n
1473 4767 1525 4819 E
1542 4768 1722 4821 Mein.
1823 4766 2073 4823 minibus
2108 4768 2168 4823 in
2191 4788 2275 4831 νος
2312 4767 2708 4825 desinentibus
2743 4786 2759 4827 ε
2793 4768 2845 4827 T
2849 4765 3122 4844 ισαμενὸς,
3147 4765 3385 4843 Δεξαμο·

917 4977 971 5025 4.

159 5090 455 5144 Annurcam
489 5084 644 5144 intus
689 5084 1052 5144 hordeaceam
1087 5086 1321 5158 aliquam
1351 5088 1508 5153 (nisi
1541 5088 1726 5158 potius
1763 5108 1772 5191 Ι

2580 4941 2611 4990 5

1819 5010 1989 5069 Albos
2008 5013 2113 5069 sub
2142 5012 2369 5085 pedibus
2392 4970 2608 5147 haben}3
2618 4976 2783 5087 pilos.

985 5220 990 5224 .
1111 5172 1369 5246 [aliquem
1389 5179 1406 5241 )
1429 5173 1722 5245 percolare.
1765 5192 1772 5207 ·
1817 5162 1937 5244 lp'se
1967 5171 2155 5227 iberus
2176 5186 2301 5227 cum
2334 5171 2539 5229 hircina
2571 5136 2761 5228 barba.
