3809 5850
1357 451 1981 514 ANAXANDRIDES.

1699 586 2001 662 obesum,
2018 596 2085 641 ut
2106 585 2230 641 vult
2264 583 2611 664 Schweigh.)
2632 629 2648 658 ,
2680 589 2987 665 intelligam
3012 603 3300 648 oratorem

1687 669 1695 712 ἶ
1727 684 2239 732 commemoratum
2274 693 2308 730 a
2348 677 2729 733 Demosthene
2748 718 2766 747 ,
2808 680 2899 734 vel
2937 679 3153 736 lautum
3189 683 3299 736 ali-

235 587 416 678 χαίρει
457 613 549 663 τις
585 591 833 678 αὐχμῶν
891 583 928 658 ἢ
981 591 1206 676 ῥυπῶν,
1267 587 1638 677 κονιορτὸς

1231 693 1602 784 ἀναπέφηνεν
1620 723 1635 736 ·

235 797 455 864 ὄπισθεν
488 796 799 864 ἀκολουθεῖ
827 792 1018 874 κόλαξ
1047 825 1138 884 τῳ
1158 846 1177 883 ,
1208 800 1292 864 λέ
1302 825 1346 890 μ
1359 793 1398 864 G
1407 824 1476 875 ος
1507 803 1638 864 ἐπι-

1308 905 1636 976 κέκληται·

237 1005 310 1073 τὰ
335 1003 512 1074 πόλλ’
541 999 822 1084 ἄδειπνος
850 1013 1180 1098 περιπατεῖ
1199 1056 1218 1092 ,
1255 1012 1638 1102 κεστρῖνός

1188 1117 1318 1181 ἐστι
1349 1125 1638 1204 νῆστις,

235 1217 307 1296 εἰς
333 1219 464 1297 τοὺς
489 1219 710 1296 καλοὺς
743 1212 803 1284 δ’
855 1213 929 1283 ἄν
959 1244 1052 1296 τις
1083 1222 1277 1312 βλέπῃ
1299 1271 1318 1306 ,
1349 1217 1642 1302 *καινὸς

1133 1323 1634 1417 θεατροποιός·

133 1451 192 1491 ιι)
234 1427 477 1520 ὑφείλετ’
520 1424 678 1520 ἄρνα
720 1431 994 1520 ποιμένος
1045 1425 1316 1516 παίζων,
1375 1429 1644 1526 Ᾱτρεὺς

1387 1539 1640 1613 ἐκλήθη·

236 1635 326 1704 ἐὰν
353 1631 416 1706 δὲ
445 1638 630 1729 κριὸν,
649 1631 935 1729 Φρίξος·
967 1631 1039 1704 ἂν
1067 1633 1134 1706 δὲ
1163 1633 1458 1736 κωδάριον
1478 1693 1496 1729 ,
1531 1639 1646 1710 ici-

1472 1774 1640 1816 σων.

133 1985 148 2001 ·
177 1959 272 2015 llos
287 1977 464 2016 versus
489 1977 609 2033 quo
637 1969 826 2016 metro
850 1961 1046 2034 scripti
1081 1973 1290 2033 essent,
1315 1963 1536 2037 primus
1553 1965 1646 2020 vi·

127 2045 190 2099 ‹lit
221 2047 480 2102 Pon-sonus
500 2047 770 2122 Append.
803 2047 880 2104 ad
904 2049 1114 2123 Toupii
1138 2048 1380 2110 Emend.
1410 2071 1468 2126 p.
1506 2057 1644 2127 499.

128 2133 310 2206 Repetit
325 2135 506 2190 locum
529 2137 790 2202 Eustath.
823 2135 898 2192 ad
916 2135 1026 2193 Od.
1046 2153 1111 2209 p.
1143 2137 1320 2208 1642,
1365 2136 1462 2212 59.
1496 2139 1566 2196 V.
1609 2157 1644 2195 2

130 2221 184 2273 ad
214 2219 328 2297 ἱερὸν
358 2220 522 2297 γάμον
575 2223 815 2280 Casaub.
849 2225 1147 2280 annotavit
1179 2241 1194 2282 ε
1229 2249 1254 2276 α
1289 2227 1453 2301 quasi
1491 2226 1646 2282 dicas

129 2311 322 2380 alicujus
347 2313 571 2368 dearum
611 2329 874 2386 sponsum
897 2330 916 2366 .·
955 2308 1125 2386 γάμος
1163 2331 1272 2386 pro
1301 2333 1504 2388 sponso
1544 2325 1646 2370 aut

131 2404 302 2466 ›raaz-ito,
330 2411 392 2455 ut
415 2399 566 2475 apud
591 2401 892 2456 Romanos
916 2405 1233 2473 conjugium
1260 2413 1320 2458 et
1348 2405 1645 2458 matt-imo-

131 2489 244 2540 m'um
265 2505 362 2560 pro
391 2507 582 2546 uxore.
627 2511 654 2538 σι
697 2489 932 2543 Rectius
949 2527 968 2556 ,
1009 2489 1234 2563 opinor,
1273 2491 1646 2562 Hymenaeum

133 2571 356 2649 intelligas
390 2572 545 2652 (ἱερὸν
592 2571 799 2649 Γάμον.
842 2573 1063 2650 ΒοτΙι.).
1087 2574 1430 2632 Philoxenus
1475 2575 1640 2649 Cyth.

135 2661 292 2716 Athen.
327 2682 375 2733 1,
403 2683 462 2738 p.
491 2664 550 2735 6,
573 2667 624 2720 Δ
657 2682 674 2723 :
707 2659 886 2738 Γάμι,
920 2663 1050 2719 θεῶν
1077 2661 1437 2740 λαμπρότατι.
1462 2664 1646 2720 Vero·

135 2748 270 2805 simile
307 2751 542 2824 videtur,
585 2752 651 2806 in
693 2751 869 2821 feam,
916 2769 1036 2824 quo
1079 2751 1448 2807 Athenienses
1485 2753 1648 2808 Jovis

137 2845 178 2887 et
205 2837 410 2895 lunonis
435 2842 661 2914 nuptias
697 2836 814 2912 (τὸν
847 2835 984 2916 ἱερὸν
1013 2836 1214 2916 γάμον)
1245 2839 1646 2914 imitabantur,
1757 2877 1764 2886 ·

139 2921 442 2993 Hymenaeum
491 2927 768 3003 singulari
832 2925 1084 3002 quodam
1142 2927 1319 2983 modo
1377 2940 1647 2984 ornatum

141 3009 284 3083 fuisse,
311 3027 468 3091 atque
483 3016 618 3073 binc
639 3014 852 3071 factum
879 3034 997 3071 esse
1016 3058 1034 3091 ,
1056 3028 1124 3071 ut
1146 3016 1438 3072 hominem
1459 3035 1646 3073 venu-

141 3101 296 3158 stulum
331 3116 490 3181 atque
531 3104 800 3179 inprimis
844 3105 1159 3178 elegantem
1193 3114 1469 3160 vocarent
1508 3102 1644 3182 ἱερὸν

141 3186 280 3259 γάμον.
305 3194 369 3251 V.
408 3193 442 3250 3
472 3194 806 3266 Stalagmus
855 3193 1066 3248 servuli
1100 3210 1319 3249 nomen
1355 3204 1440 3249 est
1491 3192 1648 3267 apud

143 3272 361 3337 Plautum.
388 3282 648 3355 Captivis.
681 3304 708 3329 υ
735 3280 786 3335 E
804 3280 894 3338 M.
917 3280 986 3337 V.
1011 3286 1044 3344 4
1068 3278 1246 3337 codd.
1268 3280 1363 3337 AC
1384 3276 1646 3349 ἐξελήλυθ’

141 3358 301 3435 ὄλολυς,
324 3368 366 3425 Β
387 3366 680 3440 ἐξελήλυθε,
720 3364 902 3435 λόλυς,
947 3367 1046 3423 sed
1071 3369 1170 3424 VL
1205 3363 1467 3437 ἐξελήλυθ’
1481 3408 1500 3438 ,
1527 3366 1647 3423 ὀλο-

143 3448 314 3523 λυγμὸς,
337 3466 386 3511 et
407 3456 449 3515 P
469 3452 736 3527 ἐξελήλυθ’
759 3452 1066 3529 ὀλολυσμός.
1097 3457 1166 3511 In
1186 3455 1300 3511 hoc
1334 3454 1442 3509 fuit
1469 3473 1648 3529 quum

144 3535 272 3595 latere
291 3543 561 3601 videretur
586 3539 882 3614 ἐξελήλυθ’,
907 3538 972 3611 ἢν
992 3538 1174 3607 ὄλολυς
1191 3537 1308 3607 ὅλος
1335 3530 1482 3607 οὗτός
1505 3541 1645 3598 ene!

143 3629 554 3693 quemadmodum
576 3630 700 3689 ὅλον
723 3626 1018 3707 ἁμάρτημα
1045 3640 1103 3686 et
1129 3630 1330 3685 similia
1355 3628 1647 3689 dicuntur.

145 3710 321 3772 photius
343 3722 472 3780 Lex.
502 3740 563 3796 p.
595 3718 751 3793 329,
753 3710 1035 3776 Ὅλολυνε
1077 3715 1166 3775 τὸν
1200 3716 1532 3793 γυναικώδη,
1557 3715 1650 3774 καὶ

145 3798 338 3859 κατέθεον
363 3806 551 3879 (ἰιιιιιιο
575 3807 908 3885 καταφερῆι
953 3826 1009 3864 v.
1032 3806 1248 3863 Cratin.
1281 3808 1486 3863 Incert.
1506 3804 1645 3881 77),

145 3906 210 3941 ιιι
242 3889 460 3967 βάκηλον.
495 3900 582 3954 De
625 3894 694 3965 ἢν
748 3912 992 3970 grauun.
1045 3894 1390 3951 Bachmanni
1434 3892 1648 3951 Anecd.

147 3976 215 4030 Gr
236 3978 374 4047 344.
393 3980 492 4053 ἠνι
519 3984 662 4060 (hoc
685 3982 842 4039 idem
862 3983 940 4059 τῷ
960 3978 1094 4058 ἤν)·
1125 3979 1305 4052 ἠθικον
1351 3979 1647 4057 ἐπίφθεγμα

149 4066 240 4119 τοῦτ
239 4087 262 4123 ο
300 4069 378 4127 καὶ
416 4071 594 4154 ἀφελές
635 4080 851 4151 (germ.
883 4067 1062 4149 taath).
1105 4090 1194 4128 και
1235 4067 1346 4127 ἔστι
1374 4067 1647 4127 δεικτικόν.

150 4152 300 4211 Cicero
333 4158 430 4216 Pro
452 4162 668 4220 Cluent.
709 4160 874 4228 184.
901 4178 1020 4216 nen
1047 4160 1159 4215 hoc
1185 4158 1332 4215 illud
1359 4169 1442 4216 est
1455 4159 1651 4233 ,quod

153 4248 248 4293 ante
280 4242 409 4315 dixi,
441 4248 646 4305 mulier
677 4246 934 4304 abundat
969 4233 1210 4301 audacia
1229 4288 1249 4319 ,
1288 4256 1459 4304 nete.
1491 4248 1560 4305 V.

153 4341 240 4381 non
263 4342 332 4385 est
354 4336 631 4411 credibile,
655 4340 828 4395 etiam
859 4335 956 4393 hic
973 4336 1246 4392 Nostrum
1273 4335 1478 4393 dixisse
1503 4356 1651 4414 περι-

156 4429 233 4463 m·
219 4413 296 4484 .εἷ,
327 4420 457 4478 sicut
488 4441 543 4483 v.
573 4425 642 4497 8,
681 4426 786 4482 ubi
824 4424 1170 4500 aptissimum
1203 4433 1285 4480 est
1323 4424 1384 4478 in
1417 4424 1654 4483 homine

157 4516 324 4559 emnam
343 4522 648 4584 quarente3
692 4512 794 4570 sed
835 4512 1176 4571 Democlem
1205 4512 1364 4570 hunc
1403 4511 1650 4591 λιπαρὸν,

3172 472 3293 523 425

1728 782 1931 838 quem,
1966 766 2147 820 otiose
2184 765 2739 839 circumvagantem‚
2785 785 3036 840 quorum
3070 769 3301 842 utrique

1728 853 1999 909 convenit
2020 849 2384 929 πιριλαλεῑ.
2403 854 2488 910 Cf.
2517 854 2807 928 Aristopli.
2828 856 3047 910 EccleS.
3076 855 3212 914 231.
3226 859 3295 913 V.

1732 961 1762 1012 7
1787 961 1865 1020 τῳ
1891 939 2139 998 Meinek.
2158 959 2271 1015 pro
2298 941 2398 1018 τῷ.
2416 942 2486 998 V.
2520 942 2557 998 8
2576 943 2781 999 iterum
2810 941 2975 998 affert
2992 944 3204 1000 Athen.
3238 963 3297 1013 7,

1727 1047 1788 1102 p.
1824 1027 1960 1099 307,
1982 1028 2044 1085 F.
2072 1029 2140 1086 V.
2166 1045 2205 1102 9
2232 1031 2405 1087 metri
2420 1028 2687 1086 firmandi
2714 1049 2881 1087 causa
2908 1032 3155 1087 scribam
3183 1048 3301 1087 και·

1728 1112 1812 1180 νός
1832 1135 1900 1191 γε
1924 1117 1971 1172 θ.
2002 1134 2019 1170 ι
2042 1133 2237 1172 novum
2262 1116 2539 1173 theatrum
2562 1119 2671 1173 sibe·
2688 1125 3021 1176 constituens
3041 1132 3299 1176 venustos

1729 1206 1860 1260 loco
1902 1203 2241 1260 dramatum.
2280 1207 2343 1275 V,
2380 1223 2449 1262 ιο
2501 1229 2525 1255 α
2564 1224 2673 1281 pro
2718 1211 2889 1263 Atreo
2914 1209 3179 1282 Thyestes
3212 1209 3301 1265 di-

1731 1292 1945 1348 cendus
1968 1300 2127 1348 erat:
2151 1310 2207 1348 v.
2236 1293 2435 1366 Eurip.
2465 1293 2553 1350 El.
2581 1311 2715 1364 717,
2748 1295 2922 1351 schol.
2950 1297 3134 1354 Orest.
3158 1315 3299 1372 999,

1731 1382 1969 1438 Pausan.
2002 1398 2057 1451 2,
2088 1379 2185 1436 ι8.
2218 1405 2244 1430 n
2270 1381 2321 1434 E
2342 1381 2433 1440 M.
2453 1382 2523 1438 V.
2558 1399 2581 1436 1
2598 1399 2621 1438 1
2658 1382 2852 1439 medio
2875 1384 3085 1440 vitiatis
3104 1403 3301 1441 nume·

1731 1470 1810 1524 ris
1835 1468 2013 1530 codd.
2046 1465 2139 1524 ἐὰν
2165 1464 2239 1523 δέ.

2132 1595 2349 1656 XXVI.
2392 1594 2895 1659 ΟΠΛΟΜΑΧΟΣ.

1821 1769 1846 1795 ιι
1883 1741 2229 1821 Ὁπλόμαχος
2265 1745 2361 1800 hic
2398 1745 2682 1801 incertum
2726 1756 2808 1800 est
2842 1755 3036 1800 utrum
3080 1745 3301 1803 dicatur

1733 1833 2131 1908 campiductor
2152 1834 2269 1889 sive
2288 1834 2558 1908 magister
2578 1851 2867 1889 armorum
2884 1876 2901 1904 ,
2920 1851 2993 1888 an
3012 1834 3264 1908 ephebus
3280 1877 3299 1910 ,

1732 1918 1852 1992 ejus
1896 1919 2207 1994 discipulus
2258 1938 2271 1974 ε
2330 1939 2386 1978 ν.
2430 1919 2675 1997 Casaub,
2718 1919 2793 1975 ad
2835 1921 3121 1995 Theophr.
3158 1923 3303 1984 Cha-

1731 2017 1874 2066 ract.
1909 2007 1977 2080 5,
2005 2027 2064 2083 p.
2097 2027 2195 2084 79.
2228 2010 2313 2065 De
2335 2009 2609 2083 magistro
2632 2026 2921 2064 armorum
2954 2010 3115 2064 Teies
3142 2009 3301 2066 Stob.

1732 2096 1931 2172 Eclog.
1960 2096 2057 2170 98,
2089 2115 2163 2167 72
2198 2117 2211 2151 2
2245 2092 2435 2176 ἔφηὸος
2459 2092 2696 2170 γέγονεν·
2724 2092 2955 2169 ἔμπαλιν
2981 2093 3070 2152 τὸν
3098 2117 3303 2172 κοσμη-

1731 2178 1828 2252 τὴν
1861 2179 2103 2258 φοὸιῖται
2126 2224 2145 2254 ,
2173 2179 2263 2239 τὸν
2300 2179 2669 2260 παιδοτρίὸην,
2713 2179 2799 2238 τὸν
2842 2183 3173 2262 ὁπλόμαχον,
3214 2183 3303 2240 τὸν

1731 2267 2147 2349 γυμνασίαρχον.
2174 2294 2199 2322 ι
2220 2272 2273 2327 Ε
2304 2273 2391 2331 Μ.

2495 2386 2549 2427 1.

1811 2481 2022 2541 Athen.
2064 2487 2126 2553 4,
2168 2499 2232 2558 p.
2268 2480 2410 2557 182,
2448 2483 2501 2538 D
2534 2497 2554 2540 t
2593 2482 2623 2539 ὁ
2648 2479 2705 2539 δὲ
2740 2479 2964 2559 μάγαδις
2988 2481 3306 2560 καλούμενος

1733 2568 1931 2634 αὐλὸς..
1942 2613 1955 2626 .
1966 2614 1981 2630 .
2002 2569 2056 2628 ἓν
2069 2569 2245 2646 ταύτῷ
2260 2566 2375 2636 ὀξὺν
2400 2567 2491 2627 καὶ
2513 2566 2677 2649 βαρὺν
2692 2567 2912 2650 φθόγγον
2932 2571 3301 2645 ἐπιδείκνυται,

1731 2658 1802 2725 ὣς
1825 2657 1931 2718 Ἂν.
1968 2659 2021 2716 ἐν
2050 2655 2389 2737 Ὁπλομάχῳ
2413 2655 2544 2739 φησὶ

1827 2766 2077 2866 Μάγαδ
2080 2799 2133 2839 ιν
2155 2775 2326 2847 λαλῆ
2328 2799 2411 2839 σω
2434 2773 2641 2866 μικρὸν
2660 2771 2791 2866 ἅμα
2812 2799 2903 2841 σοι
2927 2773 3033 2841 καὶ
3062 2779 3249 2870 μέγα.

1736 2923 1766 2959 (ι
1814 2905 1952 2976 Quae
2017 2923 2089 2961 ex
2150 2903 2459 2980 Tryphone
2524 2901 2695 2961 ducta
2737 2913 2891 2963 sunt.
2934 2903 3143 2962 Athen.
3201 2912 3300 2977 ι4,

1730 3009 1790 3066 p.
1821 2990 1963 3061 634,
1990 2990 2037 3051 Ε
2077 3011 2091 3047 z
2127 2988 2355 3069 Τρύφων
2393 2991 2439 3046 δ’
2472 2990 2525 3047 ἐν
2562 2984 2789 3069 δευτέρῳ
2833 2990 2967 3070 Περὶ
3009 2993 3303 3069 ὀνομασιῶν

1731 3076 1872 3156 λέγει
1898 3076 2081 3143 οὕτως·
2118 3104 2143 3129 ι
2178 3076 2405 3154 μάγαδις
2431 3077 2483 3135 ἐν
2512 3078 2689 3158 ταύτῷ
2713 3076 2829 3146 ὀξὺν
2849 3078 2938 3137 καὶ
2965 3078 3127 3159 βαρὺν
3151 3080 3305 3160 φθόγ-

1731 3187 1821 3243 γον
1847 3164 2225 3237 ἐπιδείκνυται,
2258 3168 2328 3231 ὡς
2354 3164 2465 3224 Ἀν.
2502 3192 2526 3217 1·
2566 3178 2677 3226 etc.
2716 3168 2905 3224 Verbo
2947 3168 3124 3225 λαλεῖν
3174 3190 3304 3227 usus

1731 3275 1842 3330 pro
1887 3266 2061 3311 cantu
2098 3256 2270 3313 etiam
2318 3257 2563 3331 scriptor
2606 3256 2902 3326 carminis,
2941 3257 3103 3331 quod
3138 3259 3303 3314 estin

1731 3342 2081 3399 Theocriteis
2110 3360 2211 3413 2ο,
2233 3361 2399 3399 versu
2420 3361 2498 3418 29
2532 3363 2546 3399 ι

1811 3449 1911 3509 κᾶν
1936 3452 2079 3529 αὐλῷ
2105 3448 2311 3525 λαλέω,
2335 3448 2435 3511 κᾶν
2462 3449 2657 3509 δώνακι
2672 3491 2689 3521 ,
2728 3448 2817 3509 καὶ
2840 3450 3171 3531 πλαγιαῦλῳ.

1734 3566 1996 3622 Ceterum
2028 3562 2297 3621 dicebant
2326 3565 2496 3621 etiam
2534 3561 2845 3639 μαγαδῖδος,
2876 3572 2941 3619 ιιι
2962 3559 3143 3637 ἀγαθὶς
3169 3564 3305 3637 ἄγα-

1735 3653 1905 3722 θῖδος,
1944 3650 2207 3727 πλοκαμὶς
2240 3652 2602 3726 πλοκαμῖδοςι
2635 3670 2689 3711 v.
2720 3651 2898 3725 Soph.
2922 3649 3121 3725 fragm.
3150 3652 3304 3708 Tha-

1734 3762 1909 3815 myrae
1941 3748 1971 3807 4
2008 3740 2101 3817 (p.
2132 3739 2207 3796 82
2237 3739 2330 3801 ed.
2357 3741 2526 3801 Both.
2540 3740 2643 3816 ).»
2619 3740 2716 3795 »E
2742 3740 2827 3797 M.
2862 3740 2973 3795 Pro
2997 3734 3134 3814 μέγα
3172 3738 3302 3795 libri

1735 3833 1939 3887 vitiose
1966 3828 2897 3906 μέγαν..

2494 3942 2551 3984 2.

1817 4039 2055 4094 Antiatt.
2088 4054 2150 4111 p.
2184 4014 2891 4111 ιοδ.ἰ8,Λιπτοτέρως
2923 4052 2938 4089 :
2973 4030 3079 4092 Ἄν.
3106 4030 3307 4091 Ὁπλο-

1740 4124 1919 4204 μάχῳ.

2158 4254 2405 4315 XXVII.
2452 4252 2889 4313 ΠΑΝΔΑΡΟΣ.

2503 4418 2552 4458 ι.

1820 4516 2027 4571 Athen.
2066 4514 2119 4582 3,
2162 4533 2217 4588 p.
2263 4514 2403 4589 106,
2441 4513 2561 4571 Α.
2616 4512 2647 4568 ὁ
2696 4506 2743 4568 δ’
2800 4504 2954 4571 αὐτὸς
3003 4504 3313 4585 (praecessit

174 4606 242 4645 Α.
248 4611 388 4659 ,mea
412 4603 706 4677 sententia,
749 4604 1023 4670 nitidum,
1061 4612 1474 4677 unguentatum
1505 4603 1654 4677 (non
1739 4600 2161 4659 Anaxandridis
2174 4602 2371 4677 ecloga
2393 4619 2425 4657 e
2443 4597 2853 4675 Lycurgo)xo’zv
2878 4591 3143 4673 Πανδάρῳ
3156 4594 3311 4675 φησὶν

177 4698 3301 4731 W

237 4756 271 4809 δί
291 4762 515 4832 squalore
535 4744 894 4841 sordibusque
912 4768 1116 4841 gaudet
1132 4809 1148 4836 ‚
1161 4767 1352 4840 pultis
1369 4768 1658 4824 turbinem
1749 4776 1816 4826 10
1852 4767 2116 4842 surripuit
2142 4782 2347 4841 agnum
2371 4766 2575 4841 pastori
2598 4780 2695 4839 per
2711 4763 2935 4838 jocum:
2967 4768 3176 4819 Atreus
3200 4778 3313 4818 esse

1342 4855 1656 4927 [apparuit3

241 4941 266 4981 a
285 4938 414 5004 tergo
438 4936 666 5012 aliquem
703 4942 952 5015 sequitur
979 4941 1279 4999 adulator.
1319 4942 1530 4999 lembus
1559 4958 1654 5013 ap·

245 5098 520 5179 plerumque
557 5111 786 5170 incoenis
828 5114 1128 5171 circumit.
1172 5128 1256 5170 m·
1232 5029 1374 5187 ecqil'
1392 5028 1659 5188 Ξξέιῖιεὲξιξ

1443 5204 1656 5271 [nan33

254 5276 288 5325 si
313 5289 535 5341 venustos
564 5284 816 5360 adspicit,
843 5292 976 5345 novi
1006 5288 1313 5362 spectacula·
1337 5291 1628 5345 inventor·
1606 5328 1620 5350 ‚

2658 4906 2670 4916 .
3058 4850 3313 4921 [fficium

1851 4954 1909 5001 et
1934 4946 1981 5003 si
2004 4944 2227 5003 arietem
2246 4984 2263 5013 ,
2294 4944 2587 5013 Phrixum
2614 4941 2701 5001 sin
2728 4940 2903 4999 vellus
2922 4982 2939 5010 ‚
2964 4944 3155 4996 Iason.

2243 5078 2813 5137 HOPLOMACHUS.

2503 5203 2553 5253 1.

1749 5258 2004 5363 Magadin
2029 5285 2221 5359 loquar
2250 5284 2345 5343 tibi
2372 5284 2531 5341 simul
2560 5284 2749 5341 leuiter
2778 5288 2831 5338 ct
2854 5279 3017 5336 clare.
