3809 5850
1271 457 1808 524 ECPHANTmns
1854 463 2343 528 CHOERILLUS.

281 580 488 664 Πόδας
535 585 652 654 τιν’
696 583 771 654 ἂν
823 581 952 656 δέοι
1007 590 1334 682 πριάμενον
1388 604 1764 690 καταφαγεῖν

1413 702 1618 791 ἑφθοὺς
1642 703 1760 780 ὑός.

185 833 376 892 Facile
399 835 492 893 τὶἆ
521 837 732 894 abierit
762 840 824 894 in
858 858 962 894 τεει
981 879 998 908 ,
1029 841 1178 896 sicut
1203 835 1338 898 alias
1378 863 1404 899 ε
1432 855 1489 901 et
1511 865 1562 915 ι,
1593 847 1759 902 item-

181 941 296 996 que
325 944 362 978 α
389 933 450 979 et
475 945 552 996 ει,
591 935 914 1000 permutata
955 927 1107 983 iuter
1131 946 1186 984 ae
1229 928 1758 1004 deprehenduntur.

179 1011 502 1068 Meinekius
545 1031 678 1068 cum
723 1011 1032 1069 Dindoriio
1091 1011 1272 1081 Πόδας
1321 1015 1432 1074 ἐπεὶ
1475 1015 1581 1075 δίοι
1619 1019 1760 1096 κτλ.,

181 1098 486 1154 trochaicis
512 1099 789 1158 numeria.

537 1273 646 1327 Ex
686 1273 1028 1332 INCERTIS
1069 1276 1407 1336 FABULIS.

953 1454 978 1489 1
992 1481 1006 1494 .

257 1590 528 1663 Aspasius
565 1588 642 1645 ad
678 1592 1002 1648 Aristotelis
1035 1593 1235 1648 Ethica
1277 1595 1502 1654 Nicom.
1564 1603 1625 1668 4,
1671 1616 1704 1654 α
1737 1617 1750 1656 :

175 1673 535 1751 Διασύρονται
563 1673 668 1754 γὰρ
703 1676 752 1732 οἱ
779 1676 1046 1755 Μεγαρεῖς
1091 1678 1144 1734 ἕν
1174 1677 1460 1757 κωμῳδίᾳ,
1507 1680 1621 1740 ἐπεὶ
1665 1682 1756 1740 καὶ

175 1764 568 1820 ἀντιποιοῦνται
602 1763 790 1836 αὐτῆς,
815 1765 889 1830 ὣς
930 1765 1060 1843 παρ’
1091 1765 1264 1832 αὐτοῖς
1299 1765 1618 1844 εὑρεθείσης,
1649 1768 1756 1848 εἴγε

173 1848 266 1906 καὶ
301 1847 616 1930 Σουσαρίων
661 1855 690 1909 ὁ
715 1849 980 1930 κατάρξας
1010 1851 1292 1932 κωμῳδίας
1327 1854 1636 1931 Μεγαρεύς·
1687 1859 1758 1924 ὣς

173 1935 411 2016 φορτικοὶ
434 1935 608 1996 τοίνυν
638 1935 732 1995 καὶ
763 1938 956 2018 ψυχροὶ
988 1937 1389 2014 διαὸάλλονται,
1429 1940 1521 2000 καὶ
1555 1964 1752 2022 πορφυ-

173 2025 278 2101 ρίδι
321 2022 590 2104 χρώμενοι
618 2025 673 2084 ἐν
698 2027 766 2105 τῇ
808 2025 1043 2107 παρόδῳ.
1078 2028 1190 2088 Καὶ
1221 2031 1344 2104 γοῦν
1389 2027 1754 2110 Ἀριστοφάνης

175 2109 532 2172 ἐπισκώπτων
566 2113 756 2180 αὐτοὺς
803 2113 948 2192 λέγει
991 2137 1096 2174 που
1139 2117 1345 2196 (Vesp.
1383 2117 1492 2194 57)
1541 2143 1566 2170 α
1601 2120 1748 2192 Μηδ’

179 2193 248 2258 αὖ
273 2200 488 2279 γέλωτα
507 2201 816 2281 Μεγαρόθεν
839 2203 1217 2279 κεκλεμμένον·
1243 2224 1276 2261 1>
1309 2205 1448 2262 ἀλλὰ
1473 2205 1564 2264 καὶ
1593 2204 1750 2288 Ἐκφ.

172 2289 531 2357 παλαιότατος
562 2292 670 2348 τῶν
708 2288 947 2368 ἀρχαίων
988 2289 1209 2362 ποιητής
1253 2292 1337 2368 (v,
1381 2293 1580 2370 supra)
1623 2317 1752 2373 φησι

173 2378 486 2455 Μεγαρικῆς
515 2374 798 2456 κωμῳδίας
821 2365 970 2452 ἆσμα
1003 2376 1236 2454 δίειμαι,
1268 2378 1590 2458 αἰσχύνομαι
1621 2385 1750 2458 (co-

170 2465 280 2520 dex
317 2483 412 2540 ap.
447 2464 624 2525 Gaiss.
665 2464 742 2521 ad
771 2466 1160 2540 Hephaestion.
1196 2487 1258 2543 p.
1283 2487 1366 2543 ·97
1407 2457 1553 2542 ἆσμα
1591 2467 1748 2545 δίειμ’

165 2549 515 2630 ἧσχυνόμην)
560 2549 622 2609 τὸ
658 2551 838 2630 δρᾶμα
865 2551 1170 2630 Μεγαρικὸν
1196 2553 1382 2613 ποιεῖν.
1416 2581 1439 2606 υ
1463 2558 1747 2614 Restitua-

167 2660 296 2696 mus
333 2641 588 2697 senarios
627 2641 945 2696 secumdum
984 2642 1156 2698 Mein.
1201 2652 1261 2698 et
1293 2644 1462 2701 Bern.
1507 2641 1746 2700 Felicia-

167 2747 346 2802 num,
375 2730 479 2802 qui
505 2729 628 2784 haec
665 2729 744 2784 ita
785 2730 957 2784 vertit
997 2729 1152 2802 apud
1183 2729 1470 2786 Gaisford.
1509 2731 1584 2787 ad
1629 2735 1745 2789 He·

165 2817 368 2890 pbaest.
398 2836 462 2891 p.
503 2835 603 2891 97.

249 2956 537 3013 Praetereo
565 2974 796 3012 carmen
816 2957 1116 3031 Megaricae
1142 2956 1434 3013 comoediae
1463 2978 1476 3011 :

245 3064 380 3100 nam
399 3064 494 3101 me
505 3044 689 3119 pudet
712 3046 1056 3120 Megaricam
1086 3044 1270 3100 facere
1291 3044 1561 3103 fabulam.

165 3162 270 3215 uis
303 3159 627 3215 Meinekius
645 3159 997 3235 respondere
1023 3160 1413 3233 suspicabatur
1441 3179 1624 3235 graeca

241 3270 426 3360 ’ᾏσμ’
451 3280 512 3338 οὗ
539 3278 702 3355 δίειμι
724 3280 1036 3358 Μεγαρικῆς
1063 3278 1366 3360 κωμῳδίας·

242 3367 570 3446 αἰσχύνομαι
595 3366 658 3425 τὸ
687 3366 865 3445 δρᾶμα
901 3364 1206 3445 Μεγαρικὸν
1231 3370 1418 3427 ποιεῖν.

162 3514 362 3568 Malim
408 3509 731 3588 αἰσχύνομαί
760 3531 874 3583 τοι,
907 3512 988 3566 vel
1033 3512 1226 3586 potius
1261 3511 1568 3589 ᾐσχυνόμην
1631 3534 1742 3589 τοι,

159 3598 246 3677 δρ.
285 3598 376 3657 Μ.
409 3618 473 3656 π.
515 3600 650 3654 Duo
679 3598 799 3654 haec
840 3616 959 3654 esse
1004 3598 1318 3674 fragmenta
1361 3601 1454 3655 vel
1491 3600 1742 3657 diverso-

157 3704 294 3743 rum
341 3688 702 3743 comicorum
718 3726 737 3756 ,
783 3687 878 3743 vel
915 3687 1084 3741 unius
1123 3686 1525 3761 Ecphantidis,
1563 3690 1742 3746 visum

155 3785 286 3829 erat
329 3772 580 3849 Bergkio
610 3774 951 3830 Commentt.
995 3773 1069 3829 de
1119 3774 1372 3847 reliquiis
1417 3794 1567 3831 com.
1625 3780 1742 3835 Διῒ.

153 3882 217 3937 p.
263 3861 416 3932 358,
455 3880 578 3917 non
597 3880 729 3917 sane
765 3862 864 3917 abs
899 3879 985 3917 re.
1018 3863 1258 3919 Omnem
1281 3880 1424 3918 vero
1461 3862 1732 3920 offensio-

155 3968 292 4005 nem
339 3949 498 4003 tollit
540 3950 852 4005 Hermanni
907 3950 1226 4025 scriptura,
1286 3969 1460 4024 quam
1526 3956 1736 4026 partim

155 4038 464 4109 praeiverat
493 4036 636 4091 olim
677 4036 994 4093 Meinekius
1035 4039 1107 4094 ad
1161 4036 1466 4097 Menandr.
1507 4050 1562 4094 et
1608 4040 1737 4096 Phi·

157 4125 288 4183 lem.
317 4144 382 4199 p.
421 4122 534 4180 382
562 4142 577 4178 ε

751 4278 1098 4361 Μεγαρικῆς
1131 4261 1458 4361 κωμῳδίας

252 4368 402 4465 ᾆσμ’
431 4364 610 4464 ᾖδον,
645 4374 698 4439 εἰ
730 4378 814 4465 μὴ
841 4377 1190 4468 ᾐσχονόμην

262 4479 338 4545 τὸ
371 4470 586 4569 δρᾶμα
617 4480 964 4573 Μεγαρικὸν
998 4488 1220 4547 ποιεῖν.

153 4786 320 4847 Pedes
345 4794 536 4845 enetos
561 4788 676 4845 suis
699 4704 1148 4861 οίίἒοῒξῑὲηίετε
1163 4796 1378 4861 oportet
1394 4830 1412 4856 ‚
1427 4802 1566 4860 quos
1585 4804 1726 4845 com-

705 4960 867 5017 FAn.
893 4960 1179 5018 mcum.
1553 4874 1727 4943 [odat.

917 5052 970 5103 1.

617 5132 912 5203 Megaricae
939 5132 1224 5189 eomoediae

153 5234 368 5277 carmen
393 5234 648 5277 canerem
667 5260 682 5285 ‚
715 5219 818 5276 uisi
849 5219 1076 5291 puderet
1103 5236 1190 5275 me

2622 623 2676 662 2.

1940 707 2119 766 Poeta
2158 725 2473 785 anonymus
2500 711 2771 788 (fortasse
2804 715 3091 793 Cratinus)
3122 721 3269 789 apud
3312 723 3424 778 He·

1855 797 2051 869 phaest.
2094 818 2155 873 p.
2184 799 2259 874 96
2280 799 2567 860 Gaisford.
2596 821 2608 854 ε

1956 969 1977 990 n
2032 939 2174 1002 Εὔιε
2196 988 2214 1021 ,
2268 945 2611 1030 κισσοχαῒτ’
2674 936 2859 1022 ἅναξ,
2922 949 3083 1035 χαῖρ’
3135 976 3159 1000 υ
3210 944 3423 1036 ἔφασκ’

3016 1044 3420 1141 Ἐκφαντίδης,

1853 1187 1945 1241 Sic
1986 1189 2275 1259 Pauwius3
2302 1189 2434 1244 libri
2464 1187 2656 1268 ἔφασκε
2682 1187 2947 1268 φαντίδης.
2994 1193 3213 1264 SuidaS,
3250 1192 3375 1253 Εὕιε
3406 1218 3417 1251 :

1853 1271 2115 1352 Διονύσῳ.
2149 1271 2307 1349 ὕμνος
2334 1275 2759 1340 ἐνθουσιαστικάς.
2791 1279 2873 1334 Ex
2894 1279 3047 1336 hisce
3083 1285 3424 1357 comparatis

1851 1359 2075 1416 Naekius
2104 1361 2293 1423 Choer.
2342 1383 2403 1438 p.
2451 1362 2523 1418 53
2563 1366 2893 1440 exsculpere
2930 1379 3165 1424 conatus
3191 1381 3275 1426 est
3312 1373 3423 1428 Ec·-

1849 1446 2143 1521 phantidis
2189 1450 2444 1506 fabulam
2502 1452 2835 1527 inscriptam
2882 1451 3159 1526 Διόνυσος,
3209 1477 3421 1515 nomen

1849 1547 2033 1609 poetae
2074 1537 2223 1593 sorte
2270 1538 2541 1594 excidisse
2580 1552 2789 1613 putans
2831 1541 2987 1614 apud
3015 1541 3270 1604 Suidam.
3308 1547 3422 1602 Sed

1845 1622 2233 1699 lexicographi
2260 1627 2435 1682 verba
2458 1627 2565 1681 ista
2586 1625 2891 1682 videantur
2910 1627 3218 1700 infuscata,
3242 1651 3420 1705 quum

1850 1708 2079 1765 dixisset
2102 1707 2280 1784 Εὔιον,
2298 1699 2342 1768 ὧ
2365 1709 2582 1770 Διόνυσε
2598 1753 2615 1782 ,
2643 1731 2768 1786 quae
2788 1713 2963 1770 habes
3001 1733 3093 1789 ap.
3125 1717 3414 1794 Aristoph.

1848 1797 2190 1872 Thesmoph.
2214 1797 2349 1873 937,
2376 1800 2436 1855 id
2464 1817 2695 1855 carmen
2734 1812 2887 1856 recte
2924 1802 3197 1875 hymnum
3218 1809 3420 1881 appel·

1847 1883 2067 1942 laverit.

2607 1983 2660 2040 3.

1925 2093 2116 2151 Schol.
2142 2096 2337 2150 venet.
2369 2094 2653 2167 Aristoph.
2676 2093 2853 2167 Vesp.
2888 2094 3034 2151 1182
3068 2115 3079 2150 :
3108 2092 3417 2174 Ἀνδροκλέα

1847 2175 1902 2234 δὲ
1940 2179 2195 2256 Κρατῖνος
2222 2177 2481 2255 Σεριφίοις
2518 2177 2646 2256 φησὶ
2682 2177 2863 2236 δοῦλον
2887 2179 2977 2237 καὶ
3020 2181 3251 2261 πτωχὸν,
3276 2184 3328 2240 ἐν
3360 2183 3415 2242 δὲ

1842 2262 2039 2344 εὨραις
2084 2263 2407 2343 ἡταιρηκότα
2458 2263 2825 2343 Ἀριστοφάνης
2872 2263 2959 2322 τὸν
3014 2267 3196 2326 αὐτόν·
3238 2271 3413 2342 Τηλε·

1843 2351 2049 2423 κλείδης
2074 2349 2130 2410 δὲ
2152 2350 2243 2412 καὶ
2268 2349 2427 2426 Ἐκφ.
2466 2351 2930 2429 βαλλαντιοτόμον.

2598 2481 2651 2540 4.

1925 2587 2126 2642 Pollux
2156 2604 2211 2657 a,
2244 2605 2351 2658 1²7
2385 2606 2397 2640 :
2430 2583 2744 2665 Κακηγορία
2763 2609 2776 2621 ·
2805 2588 3240 2670 κακηγορίστερος
3263 2589 3408 2666 παρὰ

1839 2671 2167 2816 (Ιῖἒρεκράτει
2184 2716 2201 2749 ‚
2228 2671 2318 2731 καὶ
2364 2696 2397 2731 κ
2411 2696 2490 2731 ακ
2502 2697 2537 2744 η
2554 2695 2587 2750 γ
2602 2695 2631 2730 ο
2644 2673 2701 2751 ρί
2718 2695 2750 2730 σ
2763 2697 2794 2730 τ
2808 2697 2841 2731 α
2858 2696 2961 2741 τος
2997 2677 3141 2754 παρὰ
3174 2677 3412 2758 Ἐκφαν-

1839 2781 1888 2816 τι
1925 2784 1982 2837 ῃ.

2585 3054 2659 3113 V.

2354 3174 2883 3245 CHOERILUS.

1918 3361 2231 3435 Hesychius
2266 3382 2277 3415 :
2332 3357 2848 3438 Ἐκκεχοιριλωμένη
2890 3382 2905 3417 2
2944 3362 3002 3419 οὗ
3040 3361 3151 3439 (sic
3196 3364 3409 3422 Casuu-

1837 3448 2023 3505 bonus
2048 3467 2157 3523 pro
2200 3444 2322 3525 τοῦ)
2356 3444 2606 3525 Χοιρίλον
2654 3436 2811 3507 οῧσα.
2843 3446 3171 3530 Ἐκφαντίδῃ
3199 3449 3299 3530 γὰρ
3328 3454 3404 3531 τῷ

1835 3536 2056 3614 κωμικῷ
2092 3532 2339 3613 Χοιρίλος
2375 3530 2616 3610 θεράπων
2652 3522 2734 3605 ἦν,
2763 3532 2817 3600 ὃς
2862 3542 3180 3594 συνεποιεῖτο
3209 3558 3405 3618 κωμῳ-

1836 3620 1970 3687 δίας.
2021 3622 2169 3687 Cave
2200 3621 2397 3679 credas
2432 3623 2806 3697 grammatico
2847 3624 3249 3699 interpretanti
3286 3644 3408 3683 ver·

1833 3710 1977 3767 bum
2012 3708 2189 3786 ἐκκεχ.
2210 3750 2227 3777 ,
2274 3708 2377 3765 sed
2418 3708 2615 3764 similis
2662 3710 2914 3766 notionis
2951 3720 3033 3771 est
3074 3710 3403 3789 ἐκχοιριλοῦν

1835 3808 2008 3871 atque
2054 3793 2410 3875 ἐκφαυλίζειν,
2471 3798 2803 3871 depravare,
2862 3799 3021 3872 quasi
3081 3800 3407 3875 germanice

1835 3885 1991 3941 dicas
2025 3902 2133 3959 per
2147 3883 2349 3956 jocum
2377 3883 2775 3951 verchoerilen,
2815 3885 2855 3941 i.
2892 3886 2943 3943 e'.
2974 3884 3296 3964 ἰκφαυλίζειν
3320 3883 3407 3943 διὰ

1833 3970 1922 4029 τὸν
1958 3969 2231 4050 Χοιρίλον.
2261 3972 2487 4029 Dixerit
2505 3970 2769 4030 Cratinus
2792 3970 2882 4027 vel
2904 3972 3107 4047 aliquis
3144 3975 3407 4031 inimicus

1833 4060 2065 4117 Choerili
2094 4060 2438 4118 comoediam
2480 4056 2986 4137 ἐκκεχοιριλωμένην
3005 4102 3023 4133 ,
3075 4062 3117 4117 i.
3162 4080 3217 4118 e.
3266 4082 3404 4118 cor-

1831 4158 2063 4223 ruptam
2088 4146 2488 4220 perditamque
2503 4164 2682 4220 opera
2708 4146 2959 4217 Choerili,
2982 4148 3405 4223 Ecphantidem

1835 4234 2137 4291 dominum
2190 4233 2509 4306 adjuvantis
2563 4235 2625 4289 in
2694 4234 3110 4309 componendis
3172 4234 3400 4293 fabulis·

1827 4324 2029 4396 Neque
2070 4322 2259 4377 bonus
2294 4333 2466 4397 poeta
2507 4321 2642 4392 suit,
2668 4322 2904 4396 opinor,
2944 4324 3067 4396 ipse
3099 4323 3309 4397 Ecph.‚
3346 4334 3405 4379 et

1823 4410 1995 4484 pejor
2021 4412 2190 4467 etiam
2215 4408 2521 4480 Choerilus,
2551 4409 2992 4483 aequiparandus
3038 4406 3396 4485 cognomini,

1827 4497 1901 4554 de
1922 4516 2039 4572 quo
2068 4499 2259 4555 Flacci
2290 4508 2419 4552 sunt
2441 4498 2567 4553 noti
2594 4514 2809 4553 versus.

1829 4703 2019 4761 drama
2045 4704 2385 4776 Megaricum
2416 4700 2615 4759 facere.

2586 4810 2638 4859 2.

1829 4942 1854 4967 ιι
1899 4917 2067 4983 Euie,
2112 4915 2309 4975 hedera
2356 4914 2609 4973 redimite
2664 4916 2834 4983 dem,
2878 4918 3055 4975 salve!
3100 4943 3123 4965 »
3179 4918 3397 4973 dicebat

2983 5008 2999 5073 [
3014 5002 3390 5077 EcphantideS.

2577 5114 2629 5162 3.

1964 5217 2267 5275 Androcies
2295 5232 2681 5275 crumenarum
2709 5226 2907 5274 sector.
