3809 5850
1515 352 1963 416 EPICRATES.

181 488 252 560 25
297 491 540 582 λάχανόν
565 515 662 566 τις
683 491 794 580 ἔφη
825 489 1184 580 στρογγύλον
1209 481 1362 551 εἶναι
1388 537 1406 571 ,

295 600 456 662 ποίαν
481 587 538 660 δ’
563 593 750 670 ἄλλος
777 644 796 676 ,
832 586 1078 684 δένδρον
1111 586 1169 658 δ’
1192 597 1416 684 ἕτερος.

297 705 486 770 Ταῦτα
501 697 560 768 δ’
583 701 817 767 ἀκούων
845 725 938 776 τις
975 699 1172 794 ἰατρὸς

291 812 512 884 Σικελᾶς
539 807 663 873 ἀπὸ
679 810 791 899 γᾶς

293 905 594 1007 κατέπαρδ’
614 918 813 979 αὐτῶν
848 919 928 990 ὡς
954 912 1314 1004 ληρούντων.

179 1021 250 1086 30
294 1048 346 1086 α.
373 1012 422 1087 fi
447 1045 556 1086 που
587 1013 801 1096 δεινῶς
831 1016 1206 1111 ὠργίσθησαν
1225 1065 1246 1100 ,

149 1207 158 1214 ,
217 1187 222 1190 .
291 1121 662 1217 χλευάζεσθαι
691 1116 750 1189 δ’
781 1118 1058 1195 ἐςόησαν·

292 1229 486 1328 τὸγὰρ
518 1235 580 1298 ἐν
613 1231 866 1324 λέσχαις
897 1219 1120 1296 ταῖσδε
1151 1228 1384 1294 τοιαυτὶ

288 1339 529 1430 ἀπρεπὲς
557 1343 766 1403 ποιεῖν.

291 1447 346 1526 β.
381 1435 532 1509 Οὐδ’
562 1445 850 1534 ἐμέλησεν
878 1447 1004 1515 τοῖς
1039 1438 1384 1530 μειρακίοις·

176 1544 244 1613 35
287 1553 315 1612 ὁ
339 1549 592 1632 Πλάτων,
617 1542 688 1614 δὲ
709 1549 919 1638 παρὼν
947 1537 1115 1610 οὐδὲν
1152 1540 1394 1635 ὀρινθεὶς
1421 1591 1440 1624 ,

285 1652 380 1718 καὶ
417 1655 587 1746 μα’λα
619 1653 822 1746 πρᾴως
841 1701 860 1736 ,
885 1644 1296 1740 ἀφορίζεσθαι,

283 1757 430 1836 τίνος
459 1759 586 1826 ἐστὶ
607 1760 810 1852 γένους
825 1809 843 1837 ,
867 1750 1106 1844 ἐπέταξ’
1128 1757 1330 1830 αὐτοῖς

283 1863 532 1958 (αὐτὸς)
561 1864 769 1931 πάλιν·
801 1863 858 1928 οἱ
889 1855 956 1926 δὲ
991 1853 1030 1925 δ
1037 1861 1256 1952 ιῇρουν.

173 1979 311 2031 Versu
333 1978 364 2033 3
399 1977 530 2032 libri
555 1979 666 2043 νῦν,
697 1974 857 2048 quod
903 1981 1274 2028 correxerunt
1305 1971 1464 2028 Pors.
1498 1981 1552 2024 et
1585 1971 1692 2024 Ei·-

173 2066 310 2124 furdt.
322 2065 506 2124 -versu
528 2063 564 2122 5
592 2064 768 2139 vulgo
800 2081 817 2121 ε

227 2178 534 2250 διερευνᾶται
559 2173 708 2252 παρὰ
737 2173 934 2245 τοῖσιν,

227 2263 336 2322 τάδε
359 2285 450 2341 μοι
477 2265 706 2328 πινυτῶς
721 2305 738 2334 ,
763 2260 813 2320 εἴ
838 2281 891 2318 τι
917 2256 1172 2322 κατιιδὼς

227 2351 355 2421 ἥκεις
368 2395 386 2425 ,
411 2350 558 2419 λέξον
575 2397 593 2425 ,
619 2349 750 2429 πρὸς
769 2357 865 2426 γᾶς
884 2347 914 2378 ⁴
933 2349 958 2374 ¹*

166 2475 366 2532 Mirifice
393 2479 492 2532 hic
515 2477 750 2532 turbant
773 2473 984 2546 critici,
1013 2471 1074 2526 in
1112 2470 1285 2545 plano
1321 2467 1484 2543 lapsi.
1525 2470 1591 2528 V.
1627 2467 1734 2548 zof

166 2563 238 2632 τὴν
257 2566 580 2642 absorptum
596 2563 824 2620 videtur
845 2580 880 2617 a
901 2558 1031 2629 -λην
1054 2559 1245 2613 vicino
1277 2578 1290 2612 :
1318 2561 1532 2634 quippe
1549 2558 1698 2613 simi·

166 2656 224 2708 1oe
249 2658 298 2710 in
321 2657 453 2714 Ms5.
484 2654 519 2711 λ
547 2665 604 2711 et
625 2675 656 2710 τ
678 2653 912 2720 litterae,
943 2665 1048 2704 nec
1083 2647 1256 2703 semel
1291 2657 1650 2702 commutata
1678 2663 1695 2704 ε

167 2745 381 2818 v.soph.
411 2745 612 2818 Antig.
651 2759 785 2809 121,
808 2739 995 2794 Thuc.
1031 2756 1088 2806 7,
1115 2733 1214 2804 56,
1245 2745 1351 2790 etc.
1369 2735 1442 2788 V.
1482 2751 1544 2790 ιι
1565 2733 1696 2790 libri

167 2832 472 2887 inconcinne
493 2823 840 2902 Ἀκαδημίας,
866 2824 938 2881 de
957 2842 1076 2896 quo
1098 2821 1308 2878 mendo
1333 2821 1408 2877 ad
1421 2819 1524 2880 Ar.
1539 2821 1694 2882 Nub.

167 2919 288 2990 9733
313 2921 406 2977 hic
437 2919 674 2995 quidem
703 2914 1025 2975 emendavit
1049 2909 1226 2971 Dind.
1260 2909 1340 2969 V.
1387 2928 1456 2965 ια
1491 2907 1700 2983 putido

165 3028 326 3067 errore
399 3012 613 3087 legitur
679 3004 886 3079 ἤκουσα
949 3002 1120 3079 λόγων
1179 2998 1396 3079 ἀφάτων
1462 2995 1692 3060 ἀτόπων.

167 3093 333 3174 Ἀραθζ
374 3102 438 3157 h.
481 3117 530 3154 e.
563 3096 742 3174 ἄφατα
782 3113 892 3171 pro
933 3091 1134 3171 ἄφατον
1149 3133 1165 3161 ,
1195 3093 1486 3147 intellecto
1522 3088 1634 3147 ἐστί
1679 3108 1694 3148 :

168 3202 208 3240 ¹.
227 3204 346 3247 ann.
371 3186 450 3245 ad
479 3190 579 3242 Ar.
619 3184 774 3241 Pluti
819 3183 963 3239 1081
1011 3193 1219 3237 nostrae
1247 3180 1340 3239 ed.
1369 3184 1436 3240 V.
1473 3178 1542 3235 ι5
1568 3181 1702 3237 libri

94 3300 97 3353 j
167 3271 305 3346 «ῥύσιν,
349 3275 705 3349 ineleganter
744 3271 982 3345 quidem
1021 3280 1154 3345 post
1191 3269 1502 3344 generatim
1545 3269 1696 3325 dicta

94 3356 96 3415 :
165 3360 478 3439 περὶφύσεως
501 3379 516 3419 t
539 3381 598 3421 v.
621 3378 749 3417 ann.
772 3358 848 3415 ad
875 3359 1053 3432 Soph.
1083 3358 1351 3416 Trachin.
1375 3363 1516 3431 914,
1545 3367 1602 3413 et
1628 3358 1701 3414 de

94 3440 96 3467 ³
165 3450 382 3505 confusis
428 3472 468 3505 α
512 3462 570 3506 et
595 3472 626 3506 υ
667 3448 874 3505 litteris
899 3467 1032 3507 ann.
1083 3447 1159 3503 ad
1207 3447 1416 3502 Eubuli
1463 3444 1604 3507 Κυὸ.
1638 3466 1697 3507 2.

163 3538 212 3589 V.
243 3554 309 3591 20
335 3526 426 3594 οἶν
458 3535 672 3609 adjecit
705 3537 828 3593 Jos.
873 3536 1148 3609 Scaliger,
1187 3550 1410 3589 versum
1437 3534 1698 3593 sarciens.

161 3623 398 3679 Heinekii
433 3621 748 3701 Πρώτιστον
774 3624 962 3678 minus
984 3622 1307 3677 verosimile
1327 3620 1574 3679 videtur.
1600 3624 1702 3678 Al·

163 3711 284 3765 latus
309 3726 504 3769 versus
532 3712 605 3766 ab
635 3711 932 3767 Eustathio
971 3729 1038 3784 p.
1083 3709 1225 3783 864,
1270 3707 1362 3779 31.
1392 3712 1462 3765 V.
1495 3728 1562 3765 αι
1609 3711 1701 3764 vi·-

164 3798 280 3854 tiose
303 3800 482 3858 codd.
513 3795 813 3867 ἐπέστησαν
837 3840 856 3856 .
895 3798 1238 3854 abstiterunt
1261 3796 1498 3869 juvenes
1517 3797 1705 3854 medi-

163 3890 329 3945 taturi.
349 3892 415 3947 V.
449 3886 527 3942 23
558 3876 678 3965 κᾷτ’
707 3884 950 3964 ἐξαίφνης
978 3887 1218 3943 Porsen.
1249 3903 1360 3958 pro
1395 3882 1698 3964 κάξαίφνης.

163 3976 213 4031 V.
235 3994 304 4049 ²9
319 3976 469 4031 idem
484 3972 799 4051 κατέπαρδ’,
825 3985 888 4029 ut
905 3974 1080 4033 Arist.
1101 3976 1228 4029 Pac.
1247 3971 1385 4030 525.
1407 3975 1590 4049 Vulgo
1605 3995 1700 4031 κα-

161 4060 416 4140 τεπέρδετ’,
450 4063 616 4138 quod
633 4082 824 4119 versus
844 4064 1081 4137 respuit.
1116 4065 1316 4117 Versus
1335 4060 1706 4119 30-33·a1teri

94 4166 96 4227 ξ
165 4150 534 4207 inter-locuturi
569 4150 906 4206 tribuendos
931 4169 1047 4207 esse
1072 4150 1216 4206 vidit
1253 4150 1478 4209 Cor-aes.
1517 4152 1585 4208 V.
1630 4150 1704 4207 32

94 4254 96 4265 ·
163 4239 331 4295 τοιαυτὶ
365 4240 612 4298 Meinek.
641 4258 749 4314 pro
783 4242 1023 4295 τοιαῦτα.
1057 4242 1124 4295 V.
1157 4238 1229 4293 33
1261 4240 1393 4294 libri
1431 4234 1702 4316 εὐπρεπὲς,

94 4452 96 4485 5
165 4410 220 4459 25
253 4406 472 4479 quidam
492 4404 656 4475 dixit,
681 4406 804 4462 olus
826 4378 1130 4462 rotundum
1156 4421 1304 4473 esse3

251 4496 494 4567 aliusque
515 4494 768 4561 herbam,
787 4502 845 4550 et
867 4493 1012 4550 alius
1038 4495 1308 4551 arborem.

249 4582 376 4637 Haec
393 4581 626 4639 audiens
653 4579 882 4654 quidam
911 4578 1162 4639 medicus

248 4686 276 4723 e
291 4670 472 4727 Sicilia

249 4756 492 4828 oppediit
518 4755 610 4824 iis,
637 4764 898 4829 tanquam
925 4756 1284 4827 nugantibus.

168 4838 223 4885 30
252 4852 302 4893 a.
339 4839 510 4897 Haud
537 4838 709 4896 dubie
737 4840 1089 4897 vehementer
1115 4840 1234 4897 irati
1261 4848 1392 4897 sunt

247 4932 300 4979 et
319 4924 653 4992 clamarunt,
673 4939 734 4981 se
754 4923 968 4981 irrideri
999 4944 1012 4981 :

253 5026 374 5066 nam
407 5013 462 5068 in
495 5012 586 5067 his
607 5012 984 5069 conciliabulis

253 5098 374 5153 talia
397 5098 586 5155 facere
615 5098 959 5156 indecorum.

253 5200 300 5238 ει.
331 5188 444 5241 Nec
464 5194 656 5242 tamen
677 5184 736 5241 id
764 5186 1026 5245 curabant
1037 5189 1298 5259 juveucs;

357 5293 656 5333 vase-emm
684 5296 956 5333 coltlconuu
986 5297 1138 5333 GRAEC·

3222 363 3339 414 5t3

1783 486 1944 560 quod
1974 485 2221 541 correxit
2250 484 2489 544 Casaub.
2520 485 2861 558 Transposui
2901 483 3016 540 duo
3042 486 3345 560 vocabula,

1780 593 2107 649 quanquam
2142 574 2215 630 de
2243 575 2407 630 brevi
2452 573 2666 646 syllaba
2718 573 2778 628 in
2818 571 2931 629 fine
2969 577 3234 649 anapaesti
3270 577 3348 650 as-

1782 663 1962 720 fertur
1985 663 2222 720 Seidler.
2250 662 2495 718 Dochm.
2526 679 2588 734 p.
2625 658 2721 718 80.
2756 663 2825 718 V.
2853 659 3059 721 35-38.
3086 661 3345 735 Trajecta

1781 752 1842 806 in
1866 750 1955 806 his
1982 750 2155 807 verba
2181 751 2295 806 suis
2323 767 2562 824 quaeque
2585 749 2725 803 locis
2750 750 3001 822 reposui,
3024 764 3081 805 et
3095 749 3345 806 hiantem

1781 840 2119 894 versiculum
2140 838 2361 912 explevi
2382 838 2457 913 τῷ
2484 835 2667 910 αὐτὸς,
2691 837 2862 891 etiam
2878 838 3163 892 sententiae
3189 847 3345 910 apt0,

1783 926 1877 980 cui
1905 924 2235 999 praecedens
2260 925 2441 980 simile
2484 923 2657 988 αὐτοῖς
2686 922 2913 978 videtur
2950 923 3210 992 obfuisse.
3248 925 3344 980 Le-

1781 1013 2020 1088 gebatur
2041 1023 2227 1069 autem

1863 1108 1891 1162 ὁ
1926 1105 2159 1166 Πλάτων
2188 1103 2243 1162 δὲ
2268 1103 2453 1184 παρὼν
2489 1103 2581 1163 καὶ
2606 1103 2754 1181 μάλα
2778 1103 2987 1185 πρᾴως,

1863 1193 2009 1252 οὐδὲν
2036 1193 2278 1271 ὀρινθεὶς,
2310 1191 2512 1260 ἐπέταξ’
2542 1193 2745 1258 αὐτοῖς’

1864 1281 2022 1340 πάλιν
2050 1280 2142 1360 [ἐξ
2173 1283 2341 1360 ἀρχῆς
2368 1281 2507 1339 add.
2541 1284 2695 1339 Pors.
2728 1284 2751 1355 ]

1865 1369 2199 1448 ἀφορίζεσθαι
2226 1368 2358 1434 τίνος
2386 1366 2495 1426 ἐστὶ
2521 1367 2713 1444 γένους·

1867 1460 1913 1516 οἱ
1943 1456 1997 1514 δὲ
2026 1455 2253 1536 διῄρουν.

2535 1563 2593 1604 2.

1866 1651 2027 1712 Idem
2074 1671 2167 1723 ιι,
2208 1671 2267 1728 p.
2299 1650 2435 1724 782,
2475 1655 2562 1710 F:
2608 1648 2799 1717 ἄκατος
2850 1648 3127 1730 ποτήριον,
3179 1650 3347 1719 ἐοικὸς

1789 1740 1978 1822 πλοίῳ.
2012 1738 2145 1800 Ἔτι.

1884 1895 1980 1906 —
2011 1848 2389 1922 Κατοίὲαλλε
2418 1853 2708 1938 τάκάτια,
2747 1849 3153 1920 καὶ*κυλίκια

1886 1943 2051 2053 αἴρου
2083 1957 2165 2027 τὰ
2196 1953 2379 2049 μείζω
2400 2008 2419 2044 ,
2450 1959 2625 2024 κεύθὺ
2653 1969 2761 2024 τοῦ
2798 1956 3125 2050 καρχησίου

1885 2063 2097 2132 ἄνελκε
2116 2069 2226 2139 τὴν
2259 2074 2463 2156 γραῦν,
2506 2067 2618 2137 τὴν
2648 2067 2785 2129 νέαν
2817 2062 2870 2130 τ’
2896 2064 3205 2155 ἐπουρίσας

1881 2176 2223 2266 πλήρωσον,
2258 2173 2507 2263 εὐτρεπῆ
2539 2195 2608 2236 τε
2634 2171 2736 2236 τὸν
2756 2171 2965 2253 κοντὸν
3005 2180 3183 2236 ποιοῦ
3206 2222 3223 2255 ,

1793 2272 1834 2344 5
1887 2278 1993 2344 καὶ
2018 2279 2152 2355 τοὺς
2184 2275 2388 2354 κάλως
2416 2277 2591 2342 ἔκλυε
2612 2323 2631 2362 ,
2664 2274 2771 2341 καὶ
2796 2274 2967 2369 χᾶλα
2993 2269 3185 2343 πόδα.

1798 2431 1822 2456 κ
1859 2405 1926 2460 ln
1952 2405 2037 2460 his
2055 2404 2231 2460 inesse
2254 2402 2682 2477 amphiboliam,
2702 2405 2945 2459 nauticis
2966 2402 3259 2457 vocabulis
3284 2402 3359 2458 ad

1791 2491 2186 2568 significandas
2208 2509 2298 2548 res
2324 2493 2495 2567 longe
2518 2492 2765 2548 diversas
2782 2491 3070 2562 adhibitis,
3094 2491 3362 2548 viderunt

1793 2583 2177 2638 Villebrunius
2193 2590 2249 2635 et
2262 2581 2557 2636 Jacobsius
2567 2579 2867 2637 Animadv.
2886 2579 2961 2636 ad
2982 2579 3114 2639 Ath.
3132 2597 3191 2656 p.
3214 2586 3357 2654 249,

1793 2671 2143 2744 quiquidem
2158 2687 2321 2724 versu
2342 2689 2363 2725 1
2388 2669 2615 2725 addidit
2636 2666 2725 2725 καὶ
2742 2671 2909 2726 metri
2926 2671 3128 2744 gratia.
3153 2693 3177 2719 n
3205 2671 3255 2723 E
3270 2671 3358 2729 M.

1792 2757 1953 2814 Idem
1974 2759 2145 2816 Mein.
2184 2759 2347 2814 malit
2380 2755 2671 2832 κυμὸία,
2716 2773 2927 2813 nomen
2967 2759 3137 2813 etiam
3176 2759 3361 2832 ipsum

1797 2846 2128 2919 nauticum3
2163 2846 2322 2920 quod
2350 2846 2558 2919 placet.
2596 2847 2695 2900 His
2712 2843 2989 2900 obscoenis
3017 2855 3075 2900 et
3107 2847 3361 2901 vetulam

1795 2944 1852 2988 et
1865 2933 2135 3005 juvenem
2160 2934 2426 2989 affectare
2449 2932 2688 3004 jubetur
2716 2932 2834 3002 ille,
2864 2950 3033 3005 quem
3056 2934 3363 3006 compellat

1793 3022 2099 3095 Epicrates.
2124 3024 2265 3093 Quae
2298 3040 2421 3076 non
2457 3022 2741 3076 excutiam
2765 3061 2783 3094 ,
2812 3019 2874 3075 id
2902 3030 3119 3075 tantum
3155 3021 3357 3076 obser—

1790 3126 1950 3179 vans,
1983 3110 2171 3164 verbis
2196 3105 2351 3164 κευθὺ
2381 3140 2450 3152 ——
2480 3105 2575 3176 τὴν
2602 3110 2768 3185 γραῦν
2793 3105 3099 3181 significari
3129 3108 3363 3162 sortasse

1794 3195 2207 3269 cunnilingum.
2236 3194 2312 3253 V.
2346 3196 2378 3251 3
2409 3193 2687 3271 ἐπουρίσας
2712 3193 2841 3251 cod.
2888 3196 2931 3248 E
2965 3204 3022 3249 et
3046 3194 3359 3251 Jacobsius.

1795 3284 1975 3357 Vulgo
1999 3279 2299 3359 ἑπηυρίσας.
2325 3284 2390 3337 V.
2418 3289 2449 3347 4
2480 3281 2704 3358 εὖτρεπῆ
2730 3281 2861 3338 cod.
2896 3282 2939 3337 Α
2971 3300 3080 3355 pro
3104 3283 3254 3356 vulg.
3279 3284 3362 3339 ἐν·

1795 3374 1985 3449 τρεπῆ.
2015 3372 2082 3426 V.
2114 3370 2147 3426 5
2179 3368 2351 3433 κάλως
2378 3370 2649 3429 Valcken.
2673 3387 2782 3444 pro
2802 3364 3010 3433 κοίλους.
3040 3394 3065 3421 ι
3098 3372 3365 3428 Dictione

1792 3460 1966 3537 χαλᾶν
2008 3455 2145 3515 πόδα
2178 3460 2420 3534 proprio
2453 3478 2619 3515 sensu
2646 3478 2779 3515 usus
2806 3469 2891 3514 est
2913 3468 3086 3533 poeta
3114 3460 3363 3516 incertus

1794 3545 1946 3604 Plut.
1974 3548 2174 3604 Moral.
2206 3566 2271 3622 p.
2300 3546 2435 3621 819,
2462 3548 2529 3617 B,
2560 3558 2619 3603 et
2646 3549 2843 3621 Eurip.
2867 3547 2967 3605 Or.
3000 3546 3132 3617 706.
3158 3549 3287 3602 Hoc
3314 3550 3355 3605 l.

1797 3633 1938 3708 quid
1964 3630 2237 3708 significet
2261 3636 2489 3708 tropice
2507 3674 2524 3703 ,
2552 3633 2800 3690 ostendit
2830 3643 3033 3689 notum
3066 3632 3210 3688 illud
3235 3652 3361 3689 ora-

1797 3724 1988 3777 culum
2023 3722 2199 3796 AEgeo
2236 3722 2429 3777 datum
2460 3722 2747 3796 Euripidis
2790 3720 2947 3777 Med.
2984 3722 3097 3787 642
3138 3740 3153 3776 ι
3199 3721 3362 3777 ἀσκοῦ

1799 3806 1862 3865 σὺ
1889 3808 1977 3865 τὸν
2014 3805 2312 3886 προῦχοντα
2349 3806 2425 3883 μὴ
2457 3808 2614 3866 λῦσαι
2647 3806 2802 3867 πόδα.
2844 3834 2864 3857 υ
2896 3812 2947 3864 Ε
2970 3812 3054 3864 M.

2556 3906 2675 3964 3..

1877 4002 2079 4057 Pollux
2100 4008 2154 4071 4,
2190 4018 2292 4057 121
2326 4020 2338 4055 :
2369 3998 2845 4078 πρωτόὸαθρον
2868 3998 2990 4058 Ἔτι.
3026 3998 3183 4077 φησὶν
3204 4001 3232 4055 ὁ
3262 4022 3365 4057 κω·

1801 4087 2277 4166 μωδοδιδάσκαλος.
2313 4089 2456 4147 cod.
2487 4090 2677 4146 Falck.
2712 4088 3074 4166 Φερεκράτης,
3108 4088 3270 4163 cujus
3309 4110 3363 4151 v.

1803 4180 1870 4238 fr.
1918 4174 2118 4236 incert.
2153 4178 2242 4250 73.

1812 4412 1878 4462 35
1918 4415 1973 4462 et
1996 4406 2151 4475 Blato
2175 4421 2431 4480 praesens,
2456 4406 2595 4463 nihil
2616 4414 2931 4465 commotus

1919 4502 1977 4550 et
2004 4492 2160 4549 valde
2186 4490 2454 4564 placiduS,
2486 4492 2715 4549 delinire

1841 4650 1844 4655 Ι
1916 4580 2075 4652 cujus
2098 4580 2313 4651 generis
2336 4586 2497 4645 esset,
2530 4578 2649 4635 illos
2661 4580 2822 4651 jussit

1914 4674 1933 4735 (
1954 4668 2093 4740 ipse)
2113 4669 2293 4725 denuo
2311 4686 2327 4736 ς
2346 4676 2401 4724 et
2426 4668 2500 4723 illi
2524 4668 2890 4741 inquirebant.

2562 4762 2614 4811 2.

1879 4846 2088 4899 Amore
2106 4843 2302 4910 acatia,
2334 4842 2665 4916 cymbiaque

1876 4929 2014 4986 affer
2045 4928 2274 5002 majora,
2299 4938 2356 4986 et
2382 4931 2569 4998 statim
2596 4930 2667 4987 ad
2694 4930 2875 4987 velum

1879 5017 2092 5075 attrahe
2118 5032 2287 5074 anum
2308 5036 2325 5087 ;
2350 5016 2811 5075 adolescentulam
2837 5032 2961 5073 vero
2990 5016 3233 5070 invectus

1879 5104 2025 5174 reple
2044 5122 2063 5172 ς
2085 5112 2421 5175 contumque
2437 5120 2657 5177 appara,

1806 5198 1838 5246 5
1874 5198 1927 5246 et
1946 5190 2204 5248 rudentes
2228 5192 2457 5257 exsolve,
2484 5188 2678 5263 pedem
2704 5189 2907 5245 laxans.

3094 5290 3150 5331 ιιι
