3809 5850
429 406 544 460 Ges

421 649 532 688 sec.
564 632 626 686 in
653 631 784 688 cod.
819 633 862 686 B
886 632 948 686 in
964 629 1080 686 fine
1100 651 1294 689 versus
1317 633 1542 692 addidit
1581 632 1806 712 βραχύν.

1177 747 1232 803 8.

497 855 736 916 Antiatt.
753 873 815 930 p.
852 862 950 930 94,
971 855 1004 912 5
1021 899 1042 928 ,
1063 854 1172 934 Ἑρ
1186 879 1219 932 γ
1236 878 1264 914 ο
1279 856 1512 916 δοτῶν;
1537 860 1609 923 ὣς
1627 859 1725 916 κάν
1753 862 1822 938 τῇ
1857 881 1985 916 συν·-

415 937 565 1018 ηθείᾳ
607 940 716 1014 (cf.
766 942 980 1002 Cratin.
1027 946 1267 1020 Panopt.
1327 943 1410 1022 9}-
1461 944 1582 1008 Ἄπ.
1632 946 1987 1024 Phrynichus

413 1027 609 1102 Eclog.
637 1033 758 1088 Att.
788 1049 846 1106 p.
879 1031 991 1099 344
1022 1050 1037 1091 :
1071 1030 1346 1110 ἑργοδότης
1371 1035 1430 1092 οὗ
1457 1039 1626 1092 κεῖται
1654 1036 1838 1113 (apud
1865 1039 1983 1096 Xe·

411 1115 764 1190 nophontem
793 1129 980 1176 tamen
1013 1122 1219 1197 legitur
1255 1122 1462 1198 Cyrop.
1505 1125 1564 1194 8,
1609 1142 1666 1196 a,
1713 1122 1799 1200 5).
1834 1123 1895 1183 τὸ
1926 1124 1980 1182 δὲ

410 1202 436 1259 ἕ
451 1203 778 1280 ργοδο·τ·εἷν
821 1205 970 1286 παρά
997 1229 1099 1266 τινι
1128 1209 1232 1266 τῶν
1259 1208 1523 1288 νεωτέρων
1554 1212 1824 1291 κωμῳδῶν
1845 1254 1863 1283 ,
1905 1201 1981 1279 οἷς

410 1289 500 1348 καὶ
529 1293 701 1360 abror<
730 1291 790 1352 οὔ
815 1294 1076 1353 πειστέον.

1055 1517 1334 1578 LXXXV.

907 1659 1445 1728 ANAXIPPUS.

481 1801 650 1856 Suida
690 1820 734 1862 s.
767 1820 823 1862 v.
858 1798 1168 1867 Ἀνάξιππος
1196 1813 1254 1859 et
1305 1802 1564 1859 Eudocia
1599 1804 1746 1859 Viol.
1781 1823 1843 1878 p.
1891 1804 1967 1859 60

401 1889 733 1946 testantibus
749 1932 765 1958 ‚
788 1890 1118 1966 Anaxippus
1130 1888 1328 1947 floruit
1342 1891 1688 1967 temporibus
1710 1892 1973 1966 Antigoni

399 1988 456 2032 et
499 1979 774 2033 Demetrii
820 1978 1156 2034 Poliorcetae
1175 2019 1193 2048 ‚
1239 1981 1338 2052 qui
1376 1980 1620 2034 Athenas
1668 1983 1974 2054 occupavit

399 2066 614 2141 olymp.
645 2085 666 2121 1
685 2066 776 2140 18,
803 2086 836 2122 α
863 2064 1026 2142 (ante
1049 2067 1254 2125 Christ.
1275 2078 1390 2124 nat.
1421 2066 1586 2142 306).
1615 2091 1639 2118 υ
1673 2069 1722 2122 E
1741 2069 1810 2122 M
1834 2111 1849 2137 ,
1871 2070 1972 2142 qni

393 2153 480 2207 his
511 2155 699 2227 aliqua
719 2154 787 2210 de
809 2157 986 2210 titulis
1013 2155 1334 2211 fabularum
1363 2155 1590 2228 subjicit
1614 2172 1675 2230 p.
1722 2155 1961 2230 469-70.
2070 2235 2077 2242 ἢ

754 2301 800 2358 l.
847 2301 1605 2362 ΕΓΚΛΛΥΠΤΟΜΕΝΟΣ.

469 2429 676 2486 Athen.
711 2447 771 2502 9,
802 2447 863 2502 p.
905 2427 1049 2499 403,
1092 2431 1136 2484 E
1170 2449 1183 2484 :
1223 2433 1454 2486 τοιοῦτον
1483 2429 1682 2506 (vulgo
1711 2427 1761 2486 τὶ
1789 2437 1963 2488 τοιοῦ-

339 2574 348 2582 ,
389 2537 498 2593 τον,
527 2535 634 2591 pro
654 2536 766 2590 quo
791 2516 1114 2590 scripserim
1142 2515 1370 2574 τοιοῦτόν
1399 2518 1483 2593 τι)
1521 2515 1720 2594 ἐξεῦρεν
1755 2520 1782 2574 ὁ
1815 2519 1963 2595 παρὰ

389 2599 690 2680 Ἀναξίππῳ
738 2601 841 2680 (sic
875 2605 1148 2664 Valcken.
1199 2617 1256 2662 et
1295 2605 1596 2664 Pici-sonus
1628 2625 1641 2659 :
1676 2607 1810 2662 libri
1844 2604 1961 2663 Ἀν-

387 2691 595 2770 θίππῳ)
627 2693 702 2768 τῷ
739 2692 959 2768 κωμικῷ
989 2690 1266 2770 μάγειρος,
1300 2689 1354 2756 ὃς
1388 2692 1441 2748 ἐν
1483 2693 1558 2769 τῷ
1587 2689 1957 2767 Ἐγκαλυπτο-

387 2777 527 2857 μένῳ
552 2775 729 2836 τοιάδε
757 2775 1074 2854 ὠγκώσατο,

531 2921 590 2962 α.
631 2895 833 2985 Σόφων
864 2889 1133 2987 Ᾱκαρνὰν
1171 2891 1276 2961 καὶ
1303 2885 1510 2971 ῥόδιος
1537 2892 1858 2986 Δαμόξενος

531 3002 777 3094 ἐγένονθ’
810 3006 1032 3067 ἑαυτῶν
1063 2998 1456 3093 συμμαθηταὶ
1491 3010 1600 3077 τῆς
1629 3004 1874 3093 τέχνης·

528 3099 806 3173 ἐδίδασκε
832 3100 890 3171 δ’
913 3110 1123 3184 αὐτοὺς
1153 3108 1528 3185 Σικελιώτης
1551 3098 1896 3183 Λοίὸδακος.

528 3212 725 3279 Οὗτοι
756 3210 838 3278 τὰ
867 3214 972 3304 μὲν
1000 3210 1234 3279 παλαιὰ
1264 3210 1367 3277 καὶ
1399 3212 1760 3305 Θρυλούμενα

431 3312 470 3383 5
527 3318 830 3409 ἀρτύματ’
866 3312 1180 3407 ἐξήλειψαν
1215 3321 1280 3383 ἐκ
1314 3327 1432 3383 τῶν
1461 3311 1735 3403 βιὸλίων,

525 3423 632 3489 καὶ
667 3426 778 3497 τὴν
820 3422 1010 3490 θυείαν
1037 3425 1331 3515 ἠφάνισαν
1359 3428 1428 3489 ἐκ
1457 3435 1566 3491 τοῦ
1603 3426 1784 3515 μέσου
1802 3473 1820 3508 ,

521 3528 648 3595 οἷον
677 3533 838 3622 λέγω
867 3532 1140 3621 κύμινον,
1181 3525 1311 3607 ὅξος
1329 3580 1348 3610 ,
1385 3531 1641 3621 σίλφιον,

986 3714 1346 3769 VELATUS.

480 3831 530 3871 n.
562 3815 782 3888 sophon
813 3816 1070 3871 Acarnan
1095 3823 1151 3871 et
1175 3815 1428 3873 Rhodius
1458 3818 1807 3871 Damoxenus

482 3915 593 3957 una
627 3900 914 3957 discebant
939 3909 1111 3958 artem
1135 3916 1290 3957 suam
1316 3942 1331 3969 ‚

485 3992 542 4042 et
564 3994 866 4060 praeeeptor
889 4002 1080 4043 eorum
1101 3984 1208 4043 fuit
1235 3985 1538 4043 Labdacus.

484 4078 531 4128 Η
540 4075 556 4127 i
587 4075 812 4146 antiqua
839 4082 894 4130 et
920 4072 1126 4147 ubique
1151 4082 1278 4131 nota

410 4168 443 4215 5
481 4160 830 4217 condimenta
856 4169 1232 4234 expunxerunt
1255 4160 1410 4216 libris
1427 4201 1442 4228 ‚

476 4257 530 4304 et
555 4250 875 4305 mortarium
895 4246 966 4305 de
989 4248 1168 4305 medio
1192 4248 1528 4304 sustulerunt

476 4334 598 4390 dieo
624 4334 906 4390 cuminum
927 4374 942 4401 ‚
967 4342 1181 4391 aestum
1200 4374 1215 4402 ‚
1237 4332 1498 4406 silphium
1521 4374 1537 4399 ,

480 4435 696 4478 caseum
715 4462 732 4489 ‚
753 4419 1102 4478 coriandrum
1122 4461 1137 4488 ,
1165 4419 1364 4493 quibus
1383 4416 1748 4477 condimentis
1767 4420 1948 4476 Satur-

487 4594 744 4649 utebatur
767 4592 839 4649 ad
865 4594 1048 4649 omnia
1065 4635 1080 4660 ‚
1111 4600 1164 4649 et
1188 4608 1250 4649 ex
1269 4592 1608 4666 simplicibus
1625 4607 1744 4649 esse

377 4692 439 4740 ιο
481 4681 845 4739 venditoribus
870 4680 1133 4753 opinabar
1159 4696 1285 4737 eum
1305 4723 1320 4747 ‚
1359 4681 1456 4752 qui
1495 4680 1604 4737 tale
1633 4678 1766 4751 quid
1793 4678 1942 4737 adhi-

483 4769 614 4839 lpsi‚
641 4776 810 4840 pater,
838 4782 994 4823 novae
1023 4767 1222 4839 patinae
1249 4781 1413 4823 eausa
1441 4766 1562 4823 oleo
1737 4766 1940 4835 [beret.

481 4854 854 4911 vehementem
881 4854 1060 4926 ignem
1075 4895 1091 4922 ‚
1112 4868 1216 4909 neo
1235 4868 1378 4924 saepe
1394 4852 1730 4910 sufflandum
1744 4894 1761 4924 ,

1472 403 1712 464 NovAE
1757 405 2171 469 coMOEmAE
2218 413 2625 486 aemoniae,

422 543 602 598 simile
646 541 832 598 fraudi
871 543 1054 599 fuerit.
1111 547 1294 601 Minus
1341 549 1738 604 verosimiliter
1789 567 1989 605 manns

2234 547 2435 640 τυρὸν,
2472 549 2769 640 κορίαννον
2793 604 2812 633 ,
2850 545 2936 628 οἷς
2968 556 2999 617 ὁ
3022 553 3247 645 Κρόνος
3275 557 3587 650 ἀρτύμασιν

2230 657 2453 745 ἐχρᾶτο
2470 703 2490 739 ,
2521 653 2703 720 πάντ’
2737 655 2981 746 ἀφεῖλον
3002 653 3159 722 εἷναί
3181 655 3237 724 θ’
3264 659 3545 731 ὑπέλαὸον

2097 779 2179 824 ιο
2230 759 2333 824 τὸν
2379 765 2513 838 τοῖς
2555 763 2851 838 τοιούτοις
2878 767 3292 838 παντοπώλην
3318 772 3617 860 χρώμενον·

2225 865 2403 932 αὐτοὶ
2437 858 2497 932 δ’
2512 861 2761 933 *ἔλαιον
2786 863 3146 936 &londria
3165 877 3405 959 καινὴν,
3430 877 3617 969 πάτερ,

2223 982 2335 1064 πῦρ
2362 980 2423 1038 τ’
2460 967 2561 1050 ὀξὺ
2588 973 2695 1039 καὶ
2726 977 2809 1064 μὴ
2836 977 3136 1054 πολλάκις
3162 983 3501 1070 φυσώμενον

2226 1075 2455 1144 ἐποίουν
2479 1075 2649 1170 (ἀπὸ
2676 1080 2891 1146 τούτου
2924 1086 3045 1146 πᾶν
3072 1083 3146 1148 τὸ
3176 1075 3427 1150 δεῖπνον
3456 1091 3620 1179 εὔτρε-

3460 1191 3619 1269 πέςἺ·

2220 1287 2395 1357 οὗτοί
2415 1316 2484 1356 τε
2502 1299 2740 1384 πρῶτον
2760 1283 2993 1382 δάκρυα
3020 1293 3125 1358 καὶ
3154 1299 3435 1386 πταρμὸν
3460 1269 3623 1364 πολύν

2086 1391 2167 1462 15
2218 1397 2339 1463 ἀπὸ
2368 1406 2481 1474 τῆς
2512 1392 2813 1488 τραπέζης
2840 1391 2992 1463 *καὶ
3019 1399 3237 1464 σίαλον
3260 1403 3584 1496 ἀπήγαγον,

2218 1512 2342 1570 τῶν
2376 1499 2439 1570 τ’
2470 1504 2783 1570 ἐσθιόντων
2822 1505 3205 1597 ἀπεκάθηραν
3236 1511 3377 1587 τοὺς
3408 1511 3617 1602 πόρους.

2216 1603 2271 1674 ὸ
2302 1611 2409 1700 μὲν
2441 1608 2539 1676 οὖν
2576 1601 2779 1686 Ῥόδιος
2811 1612 2964 1676 πιών
2997 1607 3118 1677 τιν’
3154 1611 3363 1704 ἅλμην
3393 1614 3621 1683 ἀπέθανε

2212 1711 2423 1807 (παρὰ
2468 1719 2582 1791 τὴν
2626 1718 2796 1808 φύσιν
2830 1712 2945 1808 γὰρ
2979 1717 3054 1784 τὸ
3086 1720 3281 1786 ποτὸν
3308 1717 3445 1812 ἦν),
3492 1716 3622 1812 μέλ’

3348 1826 3615 1904 εἰκότως·

2210 1940 2243 2000 ὁ
2290 1933 2505 2026 Σόφων
2530 1928 2597 2003 δὲ
2618 1941 2822 2002 πᾶσαν
2851 1940 2964 2010 τὴν
2996 1933 3204 2003 ἰωνίαν
3238 1941 3373 2029 ἔχει
3392 1995 3409 2026 ,
3729 1925 3730 1932 ¹

2067 2063 2158 2107 20
2211 2044 2348 2134 ἐμὸς
2372 2043 2681 2135 γενόμενος
2702 2091 2720 2128 ,
2756 2037 2805 2106 ὦ
2836 2043 3056 2135 πάτερ,
3092 2035 3492 2124 διδάσκαλος·

2208 2147 2433 2222 καύτὸς
2448 2153 2782 2239 φιλοσοφῶ,
2805 2155 3177 2214 καταλιπεῖν
3192 2154 3617 2246 συγγράμματα

2209 2243 2483 2318 σπεύδων
2513 2254 2777 2344 ἐμαυτοῦ
2804 2252 2981 2320 καινὰ
3007 2264 3119 2330 τῆς
3139 2257 3380 2347 τέχνης.
3404 2263 3465 2342 β.
3500 2260 3619 2323 Πα-

3480 2389 3612 2446 παι,

2208 2472 2309 2560 ἐμὲ
2338 2469 2706 2562 κατακόψεις
2731 2520 2752 2555 ,
2788 2476 2899 2560 οὐχ
2936 2470 2969 2537 ὃ
2996 2471 3152 2538 θύειν
3198 2473 3528 2568 μέλλομενέ

2207 2600 2265 2640 α.
2304 2576 2427 2641 Τὸν
2456 2575 2657 2667 ὄρθρον
2692 2579 2753 2642 ἐν
2785 2583 2924 2655 ταῖς
2957 2579 3129 2671 χερσί
3156 2575 3219 2670 μ’
3244 2579 3377 2668 ὄψει
3412 2578 3605 2666 βιὲλία

2059 2677 2147 2748 25
2201 2682 2421 2771 ἔχοντα
2445 2733 2463 2767 ,
2490 2681 2595 2748 καὶ
2611 2677 2914 2761 ζητοῦντα
2938 2682 3020 2749 τὰ
3047 2681 3214 2750 κατὰ
3246 2689 3363 2761 τὴν
3390 2692 3611 2777 τέχνην·

2202 2777 2371 2852 οὐδέν
2396 2791 2457 2879 γ’
2492 2779 2843 2878 ἐνεδρεύσω,
2876 2781 3173 2880 διαφέρων
3202 2786 3267 2856 τ’
3300 2785 3621 2858 Ᾱσπενδίου

2198 2891 2391 2982 γεύσω
2426 2887 2507 2972 cf,
2531 2887 2633 2957 ἐὰν
2659 2895 2841 2986 βούλῃ
2880 2919 2949 2986 γε
2967 2944 2986 2979 ,
3010 2904 3135 2961 τῶν
3168 2899 3513 2989 εὑρημένων.

2200 2999 2289 3061 Οὐ
2324 2994 2525 3061 ταύτὰ
2548 2996 2833 3091 προσάγω
2860 3003 3047 3066 πᾶσιν
3082 2998 3175 3065 ἀεὶ
3204 3004 3530 3091 βρώματα,

2196 3095 2511 3195 τεταγμέν’
2544 3102 2707 3179 εὐθύς
2737 3101 2871 3169 ἐστι’
2892 3129 2993 3195 μοι
3016 3104 3163 3196 πρὸς
3182 3106 3293 3170 τὸν
3324 3106 3479 3190 βίον,

2051 3202 2143 3273 30
2196 3208 2345 3299 ἕτερ’
2380 3208 2513 3273 ἔστι
2550 3216 2679 3284 τοῖς
2716 3212 2923 3299 ἐρῶσι,
2952 3209 3057 3274 καὶ
3091 3218 3221 3286 τοῖς
3248 3214 3618 3305 φιλοσόφοις,

2193 3311 2296 3377 καὶ
2325 3318 2455 3390 τοῖς
2487 3316 2805 3391 τελώναις.
2830 3316 3163 3409 Μειράκιον
3187 3320 3483 3411 ἐρωμένην

2192 3421 2335 3513 ἔχον
2368 3423 2661 3513 πατρῴαν
2680 3420 2883 3489 οὐσίαν
2912 3421 3215 3489 κατεσθίει
3234 3449 3249 3463 ·

2192 3528 2397 3610 τούτῳ
2430 3526 2743 3618 παρέθηκα
2776 3524 2997 3603 σηπίας
3022 3525 3129 3593 καὶ
3152 3519 3437 3605 τευθίδας
3458 3580 3477 3611 ,

2152 3710 2275 3764 Jam
2294 3706 2546 3764 Rhodius
2565 3716 2755 3780 potata
2776 3706 3015 3780 quadam
3041 3710 3214 3765 muria
3238 3717 3491 3767 mortuus
3511 3718 3587 3764 est

2152 3794 2443 3862 (naturalis
2468 3796 2615 3852 enim
2640 3811 2749 3851 non
2766 3794 2871 3852 fuit
2904 3796 3109 3867 potio),
3142 3812 3367 3869 promis
3386 3812 3619 3852 eonsen-

3410 3890 3615 3953 [tauee.

2145 3985 2365 4058 Sopbon
2393 3992 2577 4042 autem
2596 3992 2767 4042 totam
2790 3986 2997 4043 ioniam
3016 3996 3253 4059 oempat
3267 4030 3283 4055 ,

2040 4076 2109 4127 20
2142 4072 2235 4144 qui
2260 4086 2415 4128 meus
2445 4079 2748 4144 praeeeptor
2766 4069 2902 4141 fuit,
2922 4080 3091 4144 pater.

2146 4158 2323 4214 Etiam
2353 4159 2465 4228 ipse
2494 4157 2867 4230 philosophor‚
2896 4158 3100 4231 scripta
3118 4158 3433 4231 relinquere

2148 4260 2267 4301 mea
2284 4238 2672 4303 studens'nova
2697 4244 2768 4303 de
2794 4254 2922 4303 arte.
2958 4246 3014 4301 b.
3044 4250 3239 4318 Peme,

2146 4348 2235 4387 me
2262 4332 2515 4389 eneeabis
2532 4372 2547 4399 ‚
2576 4346 2689 4387 non
2716 4330 2771 4387 id
2790 4374 2807 4399 ‚
2830 4331 2983 4404 quod
3001 4332 3337 4389 immolaturi
3366 4348 3582 4391 suiuus.

2145 4435 2195 4475 a.
2233 4419 2346 4476 Sub
2374 4427 2558 4476 ortum
2582 4419 2639 4474 in
2664 4419 2919 4476 manibus
2948 4435 3037 4477 me
3058 4419 3265 4477 videbis
3294 4421 3469 4479 libros

1812 4510 1948 4573 [nus
2038 4512 2106 4563 25
2146 4504 2445 4577 habentem,
2470 4512 2527 4561 et
2556 4504 2925 4577 inquirentem
2950 4506 3007 4561 in
3028 4522 3116 4562 res
3136 4506 3287 4563 artis,

2144 4592 2289 4667 Nihil
2310 4591 2623 4656 insidiabor‚
2640 4599 2721 4657 et,
2750 4590 3033 4647 dissimilis
3056 4590 3350 4662 Aspendim

2146 4689 2365 4751 gustare
2382 4687 2437 4736 te
2458 4676 2661 4737 faciam
2676 4718 2694 4751 ,
2726 4680 2773 4737 si
2804 4680 2882 4735 vis
2898 4721 2915 4748 ,
2940 4680 3181 4737 inventa.

2142 4768 2263 4821 Non
2292 4764 2481 4821 eadem
2506 4780 2721 4837 semper
2738 4764 2999 4822 omnibus
3017 4765 3221 4822 cibaria
3240 4764 3419 4821 offero
3453 4784 3467 4797 ·

2142 4851 2389 4908 ordinata
2406 4853 2591 4907 statim
2616 4851 2683 4907 ad
2712 4851 2881 4907 vitam
2906 4851 3035 4907 mihi
3056 4860 3215 4917 sunt,

481 4940 755 4997 faciebant
771 4946 868 5009 (ex
889 4942 990 4997 hoc
1009 4940 1190 4997 omnis
1205 4946 1498 5012 apparatus
1507 4955 1680 4996 coenae
1695 4939 1941 5011 pendet);
2038 4944 2105 4993 30
2142 4935 2291 4994 alind
2316 4937 2628 4993 amantibus
2645 4978 2663 5004 ,
2682 4945 2741 4993 et
2762 4936 3127 5010 philosophis,

479 5026 644 5100 hique
665 5027 906 5103 primum
928 5027 1183 5085 lacrimas
1207 5034 1264 5082 et
1283 5033 1709 5083 sternutamenta
1741 5026 1911 5081 multa

377 5118 439 5171 15
478 5112 708 5169 salivosa
734 5112 1081 5169 abducebant
1105 5130 1134 5168 a
1167 5126 1353 5168 mensa

479 5206 532 5251 et
558 5197 894 5269 epulantium
925 5214 1088 5255 venas
1113 5200 1431 5271 purgabant..

2140 5032 2197 5081 et
2224 5025 2596 5094 portitoribus.
2632 5023 2965 5083 Adolescens
2986 5026 3219 5082 amicam

2144 5110 2349 5167 habens
2369 5112 2569 5183 patrias
2584 5127 2717 5184 opes
2737 5111 2999 5178 coine-‘liu

2146 5198 2271 5253 huie
2296 5214 2569 5269 apponere
2590 5198 2739 5256 soleo
2759 5200 2933 5272 sepias
2948 5240 2963 5265 ‚
2992 5198 3271 5270 loligines·‚
