3809 5850
407 451 520 500 518

401 573 622 646 (strab.
655 571 724 641 6,
751 589 808 645 p.
848 577 991 638 404,
1037 572 1110 638 B,
1151 580 1200 625 et
1233 571 1414 642 Heyn.
1446 569 1652 642 Opusc.
1681 569 1862 626 Acad.
1901 589 1969 643 α,

399 681 462 735 p.
503 666 604 724 14¹
631 667 687 734 ),
713 677 1007 732 quumque
1042 659 1131 713 Al.
1159 658 1451 711 minimum
1479 655 1553 711 ad
1577 658 1793 732 olymp.
1827 659 1968 727 123,

406 770 428 806 ι
463 749 626 827 (ante
659 749 786 806 Chr.
828 759 944 804 nat.
981 746 1124 818 287)
1165 757 1384 802 aetatem
1411 747 1781 822 produxerit,
1811 767 1972 804 com-

397 837 566 892 pletis
592 855 686 892 sex
711 854 882 911 supra
921 845 1146 890 centum
1177 835 1336 889 annis
1367 833 1446 908 (ν.
1474 835 1973 909 Hypobolimaeum

399 925 684 990 fabulam,
720 926 865 982 Plut.
889 924 976 977 De
1003 922 1230 978 defectu
1257 940 1414 978 orac.
1443 941 1504 997 p.
1539 930 1676 990 420,
1723 923 1790 994 E,
1819 924 1973 979 Clin-

400 1013 524 1068 toni
553 1014 696 1069 Fast.
728 1030 784 1085 p.
818 1010 924 1079 187
957 1010 1130 1083 Kr.)‚
1163 1012 1293 1064 satis
1320 1011 1609 1084 probabili
1635 1010 1864 1066 ratione
1885 1010 1973 1067 ef-

399 1099 609 1166 ficitur,
651 1101 864 1154 natales
882 1097 1002 1170 ejus
1023 1097 1272 1154 incidere
1303 1099 1362 1152 in
1389 1100 1615 1154 initium
1639 1099 1977 1172 olympiadis

402 1207 500 1260 97,
526 1197 584 1242 et
607 1195 896 1261 parentes,
920 1195 1076 1240 metu
1093 1187 1454 1250 Lucanorum
1475 1226 1492 1254 ‚
1517 1185 1771 1258 ejusdem
1791 1187 1979 1259 olym·

401 1275 588 1350 piadis
630 1293 781 1334 anuo
813 1293 886 1342 a,
927 1291 1038 1328 una
1086 1292 1220 1329 cum
1258 1271 1472 1342 filiolo,
1507 1275 1690 1349 patria
1737 1275 1973 1344 relicta,

401 1363 636 1420 Athenis
657 1361 1005 1419 domicilium
1026 1361 1355 1418 collocasse.
1385 1362 1474 1418 lbi
1493 1363 1664 1420 etiam
1685 1361 1832 1418 obiit
1850 1361 1973 1430 AL,

403 1463 462 1506 et
489 1450 720 1524 quidem
741 1495 761 1518 ,
795 1461 857 1505 ut
881 1450 1034 1506 fama
1060 1449 1168 1504 fuit
1185 1491 1204 1522 ‚
1234 1452 1294 1506 in
1320 1451 1538 1507 theatro
1562 1463 1620 1507 et
1643 1459 1973 1508 coronatus.

404 1534 590 1612 (Plut.
621 1539 706 1594 De
746 1538 892 1594 senis
923 1536 1138 1592 admin.
1180 1538 1326 1611 reip.
1365 1557 1427 1612 p.
1469 1536 1616 1606 785,
1661 1539 1752 1595 B:
1794 1535 1977 1606 Φιλή-

403 1645 538 1696 μονα
567 1622 654 1681 τὸν
679 1622 935 1698 κωμικὸν,
961 1623 1052 1680 καὶ
1079 1619 1284 1692 Ἄλεξιν
1311 1624 1402 1681 ἐπὶ
1427 1627 1521 1693 τῆς
1551 1627 1748 1694 σκηνῆς
1785 1625 1978 1698 ἀγωνι-

404 1710 648 1788 ζομένους
693 1709 784 1768 καὶ
813 1710 1255 1787 στεφανουμένους
1295 1714 1324 1768 ὁ
1371 1712 1589 1777 θάνατος
1627 1710 1973 1788 κατέλαὸεν.)

400 1803 488 1857 De
517 1801 719 1856 ceteris
753 1800 864 1855 viri
892 1801 1062 1856 rebus
1091 1801 1410 1856 domesticis
1451 1803 1590 1856 nihil
1619 1812 1977 1876 compertum

402 1888 696 1956 habemus,
717 1890 826 1943 nisi
846 1887 1006 1960 quod
1028 1888 1326 1946 Menandri
1345 1900 1573 1958 patruus
1591 1889 1755 1944 fuisse
1772 1889 1973 1960 fertur,

403 1973 700 2048 liliumque
731 1975 1078 2049 Stephanum
1101 2014 1117 2043 ,
1151 1977 1320 2030 etiam
1347 1977 1530 2050 ipsum
1567 1976 1974 2032 comoediarum

402 2063 738 2138 scriptorem
753 2104 768 2132 ‚
789 2063 1047 2120 habuisse
1069 2061 1382 2119 secundum
1409 2063 1638 2119 Suidam
1661 2065 1698 2118 l.
1723 2064 1764 2122 l.
1789 2075 1846 2118 et
1867 2065 1976 2118 Eu-

403 2151 629 2208 dociam
659 2171 716 2226 p.
747 2152 852 2222 603
877 2169 990 2224 qua
1021 2163 1206 2207 tamen
1234 2153 1294 2206 in
1325 2170 1387 2208 re
1414 2163 1604 2226 potest
1625 2161 1690 2206 ut
1713 2152 1799 2209 Al.
1819 2171 1975 2206 com-

403 2250 649 2295 mutatus
693 2241 763 2294 sit
803 2258 934 2295 cum
979 2241 1346 2315 Antiphane,
1395 2241 1556 2312 cujus
1594 2239 1666 2296 de
1691 2237 1811 2296 filio
1845 2242 1973 2295 Stc-

402 2327 596 2400 phano
633 2327 784 2382 idem
832 2337 1026 2382 narrat
1060 2331 1394 2400 Anonymus
1437 2331 1522 2383 De
1567 2329 1726 2384 Com.
1767 2346 1827 2400 p.
1873 2347 1973 2396 xv,

403 2415 571 2469 simul
596 2414 871 2482 reserens,
895 2413 1206 2468 nonnullos
1237 2413 1610 2469 Menandrum
1639 2416 1711 2468 ab
1741 2415 1976 2470 Alexide

403 2501 707 2556 educatum
730 2499 951 2557 dixisse.
970 2501 1424 2557 Consentaneum
1439 2511 1538 2570 est,
1562 2512 1815 2577 poetam,
1835 2522 1975 2576 pro-

401 2589 530 2661 prie
561 2587 762 2644 mediae
794 2588 1087 2644 comoediae
1107 2629 1122 2656 ,
1169 2607 1200 2642 a
1231 2589 1574 2662 quibusdam
1603 2591 1774 2644 etiam
1813 2609 1975 2645 novae

403 2678 688 2731 accenseri
719 2684 960 2749 propter
985 2675 1424 2749 longaevitatem.
1455 2676 1698 2732 Fabulas
1719 2676 1977 2732 docuisse

400 2763 736 2836 perhibetur
763 2781 796 2818 a
821 2761 1000 2818 Suida
1029 2761 1142 2827 245
1163 2805 1180 2836 ,
1211 2765 1268 2816 in
1303 2763 1510 2836 quibus
1531 2763 1854 2838 complures
1871 2764 1979 2818 ad-

403 2849 687 2905 dubitatas
731 2869 764 2905 a
809 2850 1130 2920 veteribus;
1175 2849 1664 2924 quemadmodum
1709 2850 1972 2919 suerunt,

404 2938 503 3010 qui
542 2938 833 3011 ‘Antidoto
884 2935 1233 3015 Πραντόχορον
1277 2948 1336 2993 et
1375 2923 1630 3009 Ὁμοῖαν,
1667 2938 1975 3012 Antiphani

404 3036 594 3081 autem
620 3020 883 3096 Ἄντειαν,
931 3022 1256 3101 Ἀλείπτριαν
1288 3037 1361 3101 ,εἰ
1400 3020 1608 3081 ”Υπνον
1641 3026 1975 3085 tribuerent.

405 3114 470 3165 l'n
496 3122 648 3167 tanta
668 3112 988 3169 dramatum
1011 3112 1374 3169 multitudine
1389 3154 1406 3181 ,
1432 3131 1678 3186 quorum
1700 3115 1975 3169 nonnulla

401 3199 574 3255 latine
595 3218 756 3256 versa
789 3201 958 3257 fuisse
989 3212 1193 3257 auctor
1223 3210 1308 3256 est
1330 3200 1545 3256 Gellius
1567 3204 1638 3258 N.
1667 3206 1736 3257 A.
1765 3222 1826 3271 α,
1861 3201 1935 3257 23
1954 3242 1971 3271 ‚

401 3306 510 3343 non
537 3299 620 3343 est
641 3291 846 3344 mirum
865 3330 880 3355 ‚
909 3289 1112 3345 Alexin
1137 3288 1376 3345 subinde
1399 3289 1630 3345 eosdem
1652 3308 1845 3345 versus
1884 3291 1972 3345 di-

399 3377 578 3431 versis
609 3377 752 3432 locis
785 3394 1112 3451 usurpasse,
1147 3388 1207 3433 et
1236 3376 1378 3432 alios
1413 3396 1646 3452 quoque
1683 3378 1975 3434 interdum

401 3472 626 3537 poetas,
664 3482 720 3521 v.
765 3482 815 3521 c.
863 3464 1148 3519 Eubulum
1199 3464 1288 3539 (v.
1341 3466 1473 3522 Ath.
1525 3485 1578 3540 1,
1619 3485 1680 3540 p.
1711 3466 1808 3535 25,
1849 3464 1927 3541 F)
1954 3506 1970 3535 ,

403 3552 772 3627 exscripsisse.
807 3554 1273 3629 Fragmentorum
1297 3552 1464 3627 hujus
1482 3554 1695 3612 Comici
1717 3573 1782 3611 ea
1805 3554 1972 3613 iudo-

400 3640 481 3694 les
511 3651 620 3713 est,
649 3642 800 3697 utin
826 3642 892 3697 iis
916 3654 975 3719 et
999 3643 1211 3717 ingenii
1233 3640 1464 3698 ubertas
1482 3684 1498 3713 ,
1531 3655 1587 3699 et
1613 3645 1822 3699 mirum
1861 3646 1973 3701 ele·

401 3730 607 3801 gantiae
683 3731 978 3803 omnisque
1042 3729 1264 3804 generis
1330 3731 1663 3786 facetiarum
1725 3732 1975 3787 studium

403 3828 733 3889 appareant.
750 3820 836 3873 De
855 3819 1173 3873 recentiore
1191 3836 1402 3873 vocum
1421 3818 1777 3890 quarundam
1795 3820 1975 3875 forma

403 3912 461 3953 et
481 3920 586 3957 usu
613 3904 674 3959 in
701 3905 840 3960 locis
861 3905 1094 3979 singulis
1115 3904 1360 3962 dicetur.
1393 3928 1419 3954 n
1451 3906 1502 3959 Ε
1532 3906 1710 3960 Mee'n.
1730 3947 1747 3979 ,
1775 3910 1874 3981 qui
1904 3908 1974 3963 de

399 3990 744 4063 singularum
803 3992 1124 4048 fabularum
1183 3992 1358 4047 titulis
1415 3995 1642 4068 egregie
1715 3994 1976 4051 disseruit

403 4075 544 4134 llist.
575 4082 704 4137 crit.
734 4080 894 4138 Com.
923 4099 988 4154 p.
1015 4078 1299 4150 377-1003.

943 4224 988 4281 Ι.
1036 4222 1439 4282 ΑΓΚΥΛΙΩΝ.

491 4382 514 4405 ιι
551 4360 795 4432 Tempus
823 4357 1028 4413 fabulae
1058 4360 1280 4433 scriptae
1318 4362 1534 4416 indicat
1567 4364 1814 4418 Platonis
1841 4366 1971 4419 irri-

399 4443 515 4513 sio,
548 4462 672 4517 quae
698 4446 879 4500 movit
918 4445 1246 4501 Clintonum
1288 4448 1436 4502 Fast.
1477 4450 1704 4507 Hellen.
1743 4470 1803 4524 p.
1839 4470 1972 4527 127,

397 4542 464 4585 ut
489 4532 861 4605 Aneylionem
880 4552 1010 4588 cum
1035 4536 1236 4589 ceteris
1255 4534 1478 4609 sabulis,
1503 4538 1562 4590 in
1586 4538 1791 4610 quibus
1811 4559 1973 4595 men-

401 4621 485 4674 tio
535 4618 602 4673 fit
640 4619 966 4693 philosophi
1007 4618 1154 4695 (scil.
1183 4622 1511 4697 MeropIde,
1549 4625 1967 4699 Olympiodoro

396 4692 796 4781 et⁰Parasito),
825 4708 898 4763 ad
926 4710 1143 4783 olymp.
1185 4710 1289 4765 106
1320 4710 1478 4785 (ante
1507 4712 1636 4769 chr.
1671 4726 1788 4771 nat.
1826 4714 1968 4773 355-

399 4793 550 4870 359)
577 4794 830 4857 referret.
857 4798 941 4853 De
969 4809 1308 4872 argumento
1347 4799 1618 4857 dramatis
1641 4802 1714 4861 cf.
1755 4804 1969 4863 Eubuli

395 4884 794 4957 Ancylionem.
827 4908 850 4933 n
889 4886 940 4939 E
965 4886 1054 4939 M.

413 4999 487 5010 ,ν-

1017 5051 1361 5108 ANCYLIO.

395 5150 658 5221 Loqueris
675 5150 741 5205 de
764 5151 926 5207 rebus
949 5166 1084 5224 quas
1109 5154 1281 5209 nescis
1301 5195 1317 5220 ,
1343 5170 1616 5227 congenei-

395 5235 640 5293 Platonis
656 5276 672 5305 ,
696 5254 1105 5313 cognoscensque
1129 5242 1332 5297 nitrum
1356 5250 1412 5299 et
1435 5252 1640 5316 cepam.

1322 465 1330 472 ·
1421 437 1694 496 MEDIAE
1745 435 2156 498 COMOEDlAE
2200 437 2613 510 RELlQUlAE.

2140 572 2425 645 Diogenes
2450 573 2637 627 Laert.
2670 568 2729 637 3,
2764 587 2863 638 27,
2904 568 2975 624 de
3014 569 3245 624 Platone
3276 587 3289 622 ε
3325 570 3525 633 τοιοῦτος
3550 569 3587 624 δ’

2066 653 2138 714 ὧν
2166 651 2309 732 ὅμως
2330 653 2575 736 ἐσκώφθη
2614 654 2715 713 ὑπὸ
2741 657 2844 712 τῶν
2868 657 3187 730 κωμικῶν...
3220 651 3411 722 Ἄλεξις
3432 657 3591 734 Μερο-

2064 743 2246 803 πίδι...
2272 743 2363 802 καὶ
2404 746 2457 802 ἐν
2486 741 2825 822 Ἀγκυλίωνι,

2080 907 2091 918 ·
2164 864 2369 949 Λέγεις
2395 859 2527 951 περὶ
2552 856 2633 924 ὧν
2669 863 2775 925 οὐκ
2807 854 3011 941 οἶσθα,
3052 866 3353 950 συγγενῶς
3375 861 3581 948 τρέχω»

2160 965 2484 1048 Πλάτωνι,
2518 963 2623 1030 καὶ
2648 965 2863 1058 γνώσει
2896 959 3101 1052 λίτρον
3136 962 3244 1028 καὶ
3272 963 3565 1054 κρόμμυον.

2066 1118 2091 1144 ι
2118 1092 2390 1166 Συγγενῶς
2428 1087 2628 1169 τρέχων
2662 1087 2910 1148 Πλάτωνι
2952 1087 3255 1166 significat,
3284 1093 3495 1164 opinor,
3536 1099 3605 1144 si·-

2068 1183 2212 1234 milis
2240 1181 2466 1236 Platoni
2480 1223 2501 1248 ,
2532 1190 2595 1235 ut
2622 1177 2881 1236 Πυθοκλεῖ
2910 1173 3001 1234 ἶσα
3029 1175 3229 1254 βαίνειν
3256 1178 3459 1234 dicitur
3482 1191 3601 1232 noto

2070 1267 2403 1344 proverbio,
2426 1265 2499 1324 de
2521 1286 2639 1341 quo
2668 1267 2996 1344 Buttmann.
3024 1267 3085 1319 in
3106 1265 3496 1322 Friedemanni
3516 1270 3601 1320 Mi-

2068 1355 2227 1409 scell.
2251 1373 2310 1422 α,
2350 1373 2401 1429 1,
2424 1371 2485 1434 p.
2519 1351 2614 1424 50,
2635 1371 2740 1408 nos
2763 1354 2837 1409 ad
2864 1351 3164 1408 Menandri
3184 1352 3387 1426 fragm.
3412 1373 3468 1427 p.
3492 1357 3603 1417 260,

2068 1452 2126 1498 et
2150 1443 2406 1498 similiter
2434 1440 2588 1515 apud
2614 1441 2822 1499 Athen.
2858 1439 2947 1510 15,
2984 1459 3049 1516 p.
3079 1439 3221 1510 683,
3260 1441 3326 1512 Ε,
3354 1442 3607 1496 Nicander

2070 1529 2217 1588 dixit
2242 1529 2558 1607 ἷσοδρομεῖν.
2582 1531 2815 1586 Photius
2834 1532 2974 1587 Lex.
2994 1547 3053 1603 p.
3078 1526 3187 1584 551
3210 1568 3233 1596 ,
3256 1528 3293 1584 8
3312 1567 3333 1598 ,
3357 1526 3599 1606 Συνᾴδων;

2070 1615 2369 1698 ἁρμόττων,
2400 1638 2435 1674 σ
2448 1639 2515 1674 υν
2531 1639 2562 1672 τ
2578 1639 2606 1695 ρ
2620 1616 2691 1694 ἐχ
2705 1638 2787 1672 ων
2835 1614 2964 1690 (τινὶ
2979 1658 2997 1689 ,
3028 1621 3357 1690 conspircms
3376 1638 3501 1694 ‘cunt
3518 1621 3606 1670 ale-

2069 1727 2205 1781 (μισ,
2230 1720 2296 1763 ut
2318 1721 2453 1764 tunc
2478 1707 2887 1782 loquebantur,
2910 1705 3135 1762 labente
3150 1705 3605 1782 graeeitate),6;.10-

2070 1799 2272 1874 φωνῶν,
2326 1809 2435 1856 etc.
2481 1797 2570 1855 Cf.
2624 1795 3030 1870 VVyttenbach.
3060 1795 3140 1850 ad
3184 1783 3337 1853 Plu't.
3387 1799 3469 1851 De
3510 1817 3605 1851 sm

2070 1905 2229 1942 num.
2260 1886 2419 1940 vind.
2468 1905 2532 1959 p.
2582 1903 2677 1955 70·
2718 1881 2906 1959 Λίτρον
2942 1879 3033 1938 καὶ
3075 1880 3381 1960 κρόμμυον,
3420 1885 3609 1940 videtur

2068 1973 2506 2046 proverbialiter
2528 1972 2745 2028 dictum
2772 1971 2941 2028 fixisse
2956 1969 3039 2026 de·
3054 1972 3122 2026 iis
3152 1971 3255 2044 qui
3278 1973 3472 2028 omnia
3490 1974 3609 2029 scire

2070 2073 2353 2136 satagunt.
2378 2064 2465 2119 De
2492 2062 2795 2118 Platonicis
2810 2061 2889 2121 cf.
2920 2061 3198 2134 Epicratis
3216 2063 3431 2121 Incert.
3464 2083 3505 2119 1.
3526 2060 3606 2120 Af-

2068 2171 2215 2226 τρον,
2243 2151 2583 2224 antiquioris
2610 2151 2875 2208 atticismi
2912 2149 3127 2218 forma,
3172 2167 3285 2224 pro
3320 2169 3437 2224 qua
3468 2149 3603 2228 νίτρον

2072 2237 2377 2292 Alexandri
2420 2239 2497 2295 M.
2536 2238 2767 2294 demum
2808 2237 3165 2311 temporibus
3208 2239 3503 2296 invaluisse
3534 2258 3609 2294 su-

2068 2326 2319 2398 spicatur
2339 2326 2591 2384 Lobeck.
2622 2327 2831 2399 Phryn.
2856 2343 2915 2400 p.
2952 2322 3089 2399 395.
3128 2349 3154 2375 n
3184 2327 3237 2380 E
3262 2327 3359 2385 M.
3399 2331 3551 2384 Versu
3576 2345 3607 2380 τι

2070 2409 2205 2468 libri
2234 2410 2429 2489 γνώσῃ.

2390 2543 2463 2601 ll.
2510 2543 2791 2602 ΑΙὩΝΙΣ
2831 2539 2867 2612 ἢ
2910 2541 3319 2601 ΙΠΙΠΣΚΟΣ.

2154 2660 2369 2725 Agonis
2398 2665 2519 2711 erat
2538 2674 2743 2712 nomen
2766 2656 3081 2712 meretricis
3102 2654 3362 2730 (Suidas,
3386 2655 3563 2731 Ἀγωνίς
3588 2673 3600 2712 ;

2069 2737 2234 2813 ὄνομα
2282 2739 2552 2819 ἑταίρας),
2602 2740 2874 2808 Ἱππίσκος
2917 2753 3107 2798 autem
3142 2737 3439 2800 muliebris
3476 2745 3604 2798 vesti-

2068 2829 2243 2883 menti
2268 2847 2475 2904 genus3
2500 2849 2556 2890 v.
2586 2832 2790 2887 Pollux
2821 2850 2876 2901 7,
2908 2831 3002 2898 13,
3030 2841 3087 2886 et
3120 2833 3393 2907 Hesych„
3426 2833 3597 2890 cratin.

2062 2915 2210 2989 jun„
2246 2919 2553 2994 Omphales
2586 2919 2659 2977 fr.
2698 2938 2757 2977 α.
2788 2920 3066 2977 Fabulam
3086 2920 3247 2979 eirca
3268 2924 3478 3000 olymp.
3504 2942 3595 2996 ¹⁰9

2073 3018 2259 3063 actam
2282 3008 2464 3064 videri
2484 3008 2731 3065 ostendit
2762 3008 3012 3069 Meinek.

2148 3228 2353 3289 Athen.
2384 3230 2443 3301 8,
2464 3250 2525 3305 p.
2552 3230 2686 3305 339,
2706 3231 2772 3306 C,
2792 3231 2869 3289 de
2892 3232 3127 3309 Misgola
3154 3194 3483 3311 Collytensi‚
3498 3236 3599 3311 pul·

2070 3315 2337 3371 chrorum
2360 3320 2809 3377 citharoedorum
2836 3322 3063 3399 perdito
3084 3334 3344 3380 amatore
3362 3370 3379 3395 ‚
3396 3327 3598 3380 testimo-

2068 3405 2165 3508 nia
2185 3407 2533 3483 scriptorum
2558 3407 2800 3467 afferens
2825 3430 2839 3465 ε
2867 3406 2985 3467 Ἀλ.
3014 3407 3069 3465 δὲ
3098 3412 3153 3467 ἐν
3177 3408 3409 3488 Ἀγωνίδι
3446 3408 3599 3481 ἢῚπ-

2070 3510 2271 3573 πισκῳ,

2168 3593 2221 3675 ᾗ
2252 3620 2475 3704 μῆτερ,
2512 3613 2757 3680 ἱκετεύω
2796 3639 2900 3697 σε,
2936 3617 3020 3705 μὴ
3050 3612 3270 3680 ’πίσειέ
3300 3640 3399 3705 μοι

2166 3716 2269 3781 τὸν
2298 3718 2627 3809 Μισγόλαν
2648 3743 2661 3757 ·
2706 3722 2773 3785 οὐ
2803 3711 2870 3785 δὲ
2900 3712 3227 3811 κιθαρῳδός
3254 3718 3373 3810 εἰμ’
3405 3720 3529 3811 ἐγώ.

2070 3840 2307 3900 Versum
2347 3860 2369 3897 1
2406 3842 2695 3919 Euripidis
2717 3862 2855 3913 esse,
2877 3845 2979 3902 Or.
3010 3851 3155 3920 249,
3183 3845 3331 3901 vidit
3350 3848 3519 3919 Toup.
3540 3840 3595 3896 ad

2069 3932 2393 4005 Longinum
2440 3931 2532 4001 15,
2572 3952 2628 3987 2.
2672 3932 2857 3989 codd.
2900 3934 2994 3988 ΑΡ
3018 3930 3095 4006 μὴ
3125 3930 3347 3991 πείσειε.
3378 3936 3535 3989 Versu
3566 3948 3591 3983 2

2069 4018 2200 4073 libri
2253 4018 2311 4075 οὗ
2349 4016 2451 4097 γὰρ
2486 4024 2611 4092 xio„
2652 4039 2793 4077 voce
2824 4021 3112 4095 praecipua
3163 4026 3270 4081 κιθ.
3300 4032 3419 4077 tota
3448 4020 3595 4103 posita

2067 4106 2131 4159 in
2156 4104 2331 4181 thesi3
2359 4106 2517 4181 quod
2548 4108 2720 4165 nefas.
2768 4108 2851 4165 De
2892 4104 2947 4164 δὲ
2984 4110 3227 4180 causali,
3272 4108 3509 4183 itemque
3540 4104 3594 4157 de

2068 4188 2167 4269 γὰρ
2200 4202 2258 4247 et
2290 4191 2345 4249 δὲ
2382 4196 2583 4267 saepius
2622 4193 2901 4269 confusis,
2944 4214 3037 4251 res
3066 4208 3228 4255 nota.
3276 4200 3364 4253 De
3398 4192 3591 4267 Misgola
3676 4260 3678 4273 ἰ

2068 4280 2239 4335 Mein.
2282 4284 2557 4356 praete'rea
2586 4282 2778 4338 laudat
2812 4284 3193 4357 Antiphanem
3229 4284 3591 4341 Piscator-ibus·

2067 4368 2377 4426 Timoclem
2394 4372 2720 4447 Sapphone,
2746 4372 3141 4433 AEschinemC.
3168 4375 3447 4429 Timarcb.
3466 4390 3513 4445 p·
3534 4368 3587 4421 55

2068 4456 2288 4528 Reisk„
2312 4461 2479 4514 etiam
2498 4462 2570 4515 ab
2595 4451 2723 4535 ipso
2746 4462 2875 4519 Ath.
2896 4473 3417 4518 commemoratum.
3439 4461 3589 4513 -Euw

2067 4544 2196 4599 dem
2220 4546 2278 4600 in
2301 4547 2475 4621 longo
2499 4564 2733 4605 recensu
2760 4549 3055 4605 hominum
3079 4546 3140 4606 τὸ
3167 4547 3325 4627 ἄρρεν
3346 4544 3587 4607 διωκόντων

2054 4652 2196 4687 .cum
2218 4630 2461 4692 Chabria
2486 4634 3063 4713 conjungitLibanius
3080 4638 3193 4694 Pro
3208 4640 3387 4695 saltat.
3408 4656 3459 4710 p.
3480 4632 3585 4699 5⁰⁰2

2070 4722 2117 4776 D
2152 4738 2166 4777 :
2212 4719 2548 4796 Εὔμνηστος,
2590 4726 2779 4801 Λάϊος,
2820 4723 3168 4803 Θράσυλλος,
3215 4719 3583 4801 'Amazonia-w,

2066 4806 2399 4885 Παμμένης,
2424 4810 2807 4889 Δημοκράτης,
2852 4810 3129 4891 Χαὸρίας,
3166 4812 3449 4889 Μισγέλαος
3472 4807 3579 4883 (1¹41-

2064 4895 2123 4955 Μ
2131 4897 2367 4972 ισγόλαος
2390 4902 2479 4956 vel
2505 4898 2806 4977 Μισγόλας)
2830 4944 2847 4971 ,
2884 4900 3121 4968 Καλλίας
3148 4946 3165 4974 ,
3202 4898 3435 4979 Κριτίας,
3466 4896 3579 4952 ”²⁴⁴⁴

2428 5066 2699 5125 Aooms
2736 5066 2817 5123 vel
2856 5068 3268 5137 EQUULEUS.

2056 5164 2105 5219 Ο
2140 5172 2330 5229 mater,
2356 5175 2556 5235 orote,
2582 5183 2653 5224 ne
2679 5168 2947 5241 impingas
2978 5168 3112 5224 mihi

2058 5252 2336 5324 Misgolam
2374 5272 2387 5309 :
2422 5270 2596 5327 neque
2618 5258 2766 5313 enim
2795 5273 2897 5331 ego
2922 5272 3045 5313 sum
3070 5256 3403 5313 citharoedus.
