3809 5850
1612 381 2008 444 nummus,
2182 363 2188 370 '
2610 371 2617 380 ’
2776 342 2786 368 ’
3339 390 3411 440 ω

171 523 688 598 ἀποκοτταῧισμοῖς,
721 524 974 594 itemque
1005 523 1060 574 in
1081 531 1298 575 rectam
1335 504 1488 572 vium
1525 517 1750 572 rediens

173 617 492 690 Hesychius
527 615 569 668 l.
603 615 668 684 l.,
717 607 750 678 ἢ
779 612 812 679 ἡ
845 605 1037 682 καμπὴ
1063 609 1154 664 τοῦ
1195 607 1528 682 ἀγκῶνος·...
1557 606 1606 662 οἱ
1649 601 1754 682 γὰρ

169 703 286 768 τοὺς
313 699 611 764 κοττάὸους
632 694 938 776 προΐέμενοι
963 695 1058 764 τὴν
1092 691 1258 760 δεξιὰν
1288 700 1444 771 χεῖρα
1474 691 1755 768 ἧγκύλουν,

173 791 490 854 κυκλοῦντες
517 785 682 856 αὐτὴν
709 787 781 850 ὡς
810 785 929 854 ἐνῆν
959 777 1408 861 πρεπωδέστατα,
1441 780 1534 838 καὶ
1567 803 1756 855 σεμνυ-

173 879 388 954 νόμενοι
430 879 504 942 ὥς
543 878 626 954 ἐφ’
676 873 750 930 ἑνὶ
787 875 892 930 τῶν
941 873 1135 929 καλῶν.
1179 897 1204 922 α
1242 870 1467 945 Itaque,
1511 895 1536 920 s
1572 872 1760 943 inquit

173 969 384 1041 Mein„
431 991 457 1017 «ι
485 965 584 1020 ἀπ’
619 958 854 1038 ἀγκύλης
882 958 1040 1034 (scil.
1073 957 1241 1036 χειρὸς
1265 959 1282 1036 )
1310 953 1422 1028 ἵησι
1451 968 1530 1014 est
1571 964 1754 1012 incur-

173 1060 326 1114 vata
353 1073 530 1110 manu
551 1056 812 1126 projicit,
843 1073 868 1099 ν
905 1060 1014 1105 etc.
1035 1079 1118 1092 —
1141 1052 1318 1104 Versu
1351 1055 1380 1112 4
1411 1049 1502 1104 Cr.
1544 1047 1758 1120 Euripi-

177 1144 310 1199 dem
331 1143 508 1212 ridet‚
534 1137 895 1197 Sthenoboeae
921 1136 1237 1211 fragmento
1263 1135 1298 1190 6
1327 1137 1607 1195 dicentem
1635 1154 1648 1188 :

265 1252 446 1312 Πεσὸν
466 1251 525 1310 δέ
547 1274 626 1308 νιν
654 1248 871 1322 λέληθεν
894 1247 1040 1306 οῦδὲν
1066 1249 1125 1305 ἐκ
1147 1245 1318 1325 χερὸς,

259 1342 381 1398 ἀλλ’
409 1337 558 1404 εὐθὺς
581 1338 720 1417 αὖδᾷ
750 1365 773 1388 ιι
803 1338 880 1414 τῷ
910 1334 1167 1414 Κορινθίῳ
1186 1332 1342 1414 ξένῳί
1373 1359 1400 1385 a·

183 1432 599 1507 Aristophanes
632 1445 870 1504 quoque
892 1426 1118 1483 Thesm.
1153 1425 1265 1493 403
1297 1445 1312 1480 :

1015 1539 1131 1600 Κᾶν
1160 1539 1365 1618 ἒκὸἄλῃ

262 1633 452 1698 σκεῦός
483 1655 532 1688 τι
557 1630 697 1689 κατὰ
720 1628 816 1700 τὴν
847 1627 1014 1686 οἷκίαν
1041 1627 1365 1704 πλανωμένη
1387 1671 1403 1704 ,

263 1719 399 1800 ἀνὴρ
430 1723 626 1800 ἐρωτᾷ,
651 1721 728 1798 τῷ
757 1716 1014 1794 κατέαγεν
1031 1721 1066 1788 ἡ
1091 1716 1298 1794 χύτρας
1351 1763 1358 1770 .

257 1811 354 1868 οὐκ
381 1809 494 1868 ἔσθ’
521 1807 662 1875 ὅπως
687 1809 748 1866 οὗ
776 1810 850 1885 τῷ
877 1803 1134 1886 Κορινθίῳ
1166 1803 1313 1884 ξένῳ.

933 1940 954 1974 ι
971 1941 1000 1990 7
1014 1964 1025 1974 .

255 2039 424 2098 Idem
463 2037 556 2105 13,
578 2056 638 2111 p.
667 2035 804 2105 566,
831 2036 876 2090 F
914 2053 928 2089 ε
961 2032 1050 2090 καὶ
1077 2033 1104 2090 ὁ
1135 2029 1460 2102 Κύνουλκος,
1486 2055 1512 2081 α
1537 2026 1761 2106 Ταύτῃ

176 2125 286 2183 καὶ
327 2126 444 2182 τολ
465 2132 588 2204 μᾷς
631 2120 704 2180 σὺ
751 2121 904 2196 λέγε
922 2144 979 2178 ιν
1029 2117 1515 2200 ῥοδοδάκτυλος
1555 2107 1759 2193 οὖσα,

176 2211 318 2270 κατὰ
350 2211 441 2269 τὸν
471 2212 762 2289 Κρατῖνον,
795 2207 968 2266 ἀλλὰ
1004 2206 1329 2284 βολίτινον
1371 2203 1538 2284 ἔχων
1569 2203 1759 2262 θάτε-

179 2324 206 2378 ρ
225 2323 298 2357 ον
347 2297 630 2363 σκέλος.
683 2324 708 2348 υ
743 2295 919 2355 Ταυτὶ
963 2297 1148 2352 Dobr.
1179 2295 1254 2350 ad
1284 2295 1574 2370 Aristoph.
1608 2295 1758 2348 Plut.

175 2389 330 2460 5553
361 2407 484 2463 quo
503 2397 738 2462 recepto
761 2387 893 2442 satis
919 2387 1249 2440 habuerunt
1275 2384 1450 2439 verba
1477 2378 1651 2440 Ταυτὶ
1687 2415 1764 2425 -

176 2468 310 2535 οὖσα
343 2493 682 2551 excerpere,
721 2486 998 2548 tanquam
1033 2473 1281 2536 Cratini,
1321 2472 1590 2548 neglectis
1615 2471 1759 2526 reli-

177 2568 311 2641 quis
347 2560 490 2620 ἀλλὰ
511 2593 589 2606 —-
610 2558 820 2633 σκέλος,
847 2581 974 2636 quae
995 2562 1082 2616 vel
1109 2562 1222 2634 sic,
1249 2562 1294 2615 si
1315 2561 1493 2616 modo
1523 2559 1760 2629 scribaS,

179 2667 244 2710 ut
267 2662 720 2710 consentaneum
742 2663 849 2720 est,
876 2647 1094 2728 ἔχουσα,
1121 2659 1334 2705 coeunt
1359 2651 1419 2702 in
1440 2650 1721 2707 senarium
1745 2665 1760 2706 :

275 2765 486 2834 Ταυτὶ
519 2765 624 2832 καὶ
663 2770 900 2856 τολμᾷς
951 2766 1022 2830 σὺ
1063 2765 1264 2856 λέγειν
1319 2754 1764 2853 ῥοδοδάκτυλος

1596 2895 1761 2950 ουσα,

273 2968 450 3037 ἀλλὰ
476 2968 788 3054 βολίτινον
809 2969 1036 3057 ἔχουσα
1055 2966 1299 3059 θάτερον
1333 2968 1568 3047 σκέλος;

178 3102 454 3155 Ceterum
480 3127 560 3139 -
588 3097 680 3152 CA
709 3095 868 3151 haud
909 3095 1085 3150 dubie
1133 3094 1524 3149 oblitteratum
1553 3105 1636 3149 est
1671 3114 1764 3151 se-
1867 3152 1875 3160 ,

175 3196 398 3261 quente
423 3184 530 3243 ΘΑ
555 3216 638 3227 -
658 3184 852 3253 simili,
886 3183 1044 3257 qnod
1065 3180 1508 3257 significavimus
1527 3200 1661 3237 ann.
1689 3182 1765 3239 ad

175 3275 464 3347 hymnum
485 3272 860 3328 Homericum
882 3273 942 3326 in
965 3273 1117 3327 Pana
1140 3290 1198 3325 v.
1224 3277 1320 3335 4ο.
1340 3271 1660 3344 Compellat
1679 3271 1766 3327 his

175 3363 378 3417 verbis
415 3362 611 3417 nescio
657 3362 788 3434 quis
833 3362 1144 3434 Empusam
1187 3361 1305 3415 sive
1333 3360 1588 3415 Hecaten
1632 3378 1646 3415 z
1691 3360 1764 3419 cs.

175 3454 330 3508 Ran.
355 3452 480 3523 289
506 3468 654 3524 seq„
681 3449 882 3525 ibique
905 3460 1195 3505 annotata.

933 3559 1026 3619 18.
1059 3574 1072 3585 '

259 3676 426 3731 Idem
444 3674 529 3731 ib.
551 3692 614 3748 p.
647 3672 786 3747 596,
807 3674 877 3743 B,
896 3673 968 3728 de
990 3673 1242 3729 Doricha
1256 3674 1576 3743 meretrice,
1597 3691 1767 3747 quam

175 3763 440 3838 deperiit
485 3762 806 3834 CharaxuS,
843 3762 1168 3835 sapphonis
1213 3762 1390 3817 frater
1430 3782 1442 3815 :
1487 3758 1768 3837 Ἡρόδοτος

183 3854 260 3923 (2,
295 3872 312 3906 ι
327 3852 408 3917 34
441 3849 590 3923 seq.)
607 3847 652 3904 δ’
665 3846 1106 3917 αὗτὴνῬοδῶπιν
1123 3848 1292 3920 καλεῖ,
1307 3850 1506 3923 ἀγνοῶν
1521 3846 1600 3904 ὅτι
1617 3847 1768 3927 ἑτέρα

181 3940 276 4007 τίς
289 3936 556 4016 Δωρίχης
583 3934 722 3993 ἐστὶν
751 3934 906 4004 αὕτη,
924 3938 958 4005 ἡ
985 3934 1207 4001 καὶτοὺς
1233 3934 1575 4014 περιὸοήτους
1597 3935 1767 3995 ὀδελί·

183 4048 336 4093 σκους
360 4028 628 4083 ἀναθεῖσα
653 4025 708 4082 ἐν
728 4024 948 4102 Δελφοῖς
964 4068 979 4094 ,
1007 4016 1080 4081 ὧν
1107 4022 1372 4100 μέμνηται
1397 4028 1502 4100 Κρ.
1530 4024 1616 4082 διὰ
1649 4024 1769 4083 τού-

181 4136 306 4174 των.
339 4115 570 4171 Cratini
599 4113 776 4169 verba
803 4104 1158 4185 exciderunt,
1176 4117 1310 4188 nisi,
1341 4126 1404 4169 ut
1428 4134 1612 4189 nuper
1632 4136 1768 4171 con·

173 4203 316 4277 jecit
338 4202 690 4277 MeinekiuS,
714 4202 928 4257 scribas
971 4196 1058 4257 διὰ
1095 4199 1408 4260 Πλούτων
1425 4246 1442 4273 ,
1472 4216 1612 4258 noto
1639 4224 1766 4260 usu.

179 4290 564 4366 Rhodopidis
592 4291 890 4346 donarium
921 4303 1333 4347 commemorat
1360 4292 1528 4347 etiam
1557 4294 1772 4347 Plutar-

2588 531 2677 585 ¹9·

1928 636 2086 692 Idem
2125 634 2214 704 15,
2250 629 2311 709 ῥ’.
2347 633 2486 704 676,
2530 636 2571 689 F
2607 655 2617 687 :
2666 629 2826 698 δεῖξαι
2857 631 2951 688 οὐκ
2994 630 3157 710 ἔχεις,
3188 631 3267 690 ὅτι
3300 632 3412 690 δια-

1847 720 2141 798 λελυμένως
2156 745 2231 788 τις
2254 719 2427 798 εἴρηκε
2454 717 2617 798 ῥόδων
2642 718 2897 798 στέφανον
2919 717 3009 775 καὶ
3028 718 3119 776 ἴων
3142 718 3415 800 στέφανον·

1846 809 1907 867 τὸ
1930 809 2031 886 γὰρ
2061 807 2206 888 παρὰ
2242 805 2485 887 Κρατίνῳ
2514 804 2651 864 κατὰ
2680 802 2897 862 παιδιὰν
2923 805 3126 884 εἴρηται
3164 834 3187 859 α
3216 809 3269 868 N
3287 832 3319 864 α
3336 831 3414 884 ρ-

1849 920 1953 954 κισ
1970 919 2001 954 σ
2018 896 2151 954 ίνου
2168 919 2191 961 ς
2220 897 2288 953 ὄλ
2304 896 2321 952 ί
2337 917 2544 960 σκους.
2570 921 2597 947 n
2618 897 2793 952 Nihili
2808 897 2928 951 haec
2942 917 3078 971 vox,
3096 899 3187 954 cui
3208 900 3415 954 substi-

1849 987 2047 1041 tuebat
2065 985 2303 1042 Casaub.
2317 981 2600 1062 ναρκίσσου
2620 981 2993 1060 στεφανίσκους
3009 985 3084 1061 (ί),
3098 984 3413 1062 Schweigh.

1847 1071 2087 1137 ὀλίσὸους
2120 1074 2219 1149 (Ρ),
2256 1073 2433 1148 possis
2468 1073 2637 1128 etiam
2676 1073 2748 1131 N.
2798 1070 3064 1149 ὄχίσκους,
3110 1079 3417 1130 narcissina

1849 1165 2159 1230 curricula,
2192 1164 2231 1218 i.
2282 1179 2331 1217 e.
2360 1161 2531 1234 plena
2574 1163 2985 1230 narcissorum,
3026 1161 3119 1218 vel
3159 1165 3230 1219 N.
3272 1160 3415 1238 ὀσχί-

1851 1269 2023 1318 σκους,
2054 1251 2391 1306 narcissinos
2415 1252 2694 1318 ramulam
2724 1249 2996 1322 licuitque
3021 1267 3154 1306 sane
3182 1251 3415 1307 Comico

1851 1336 2061 1412 fingere
2098 1337 2217 1391 baec
2258 1335 2629 1394 deminutiva.
2672 1339 2759 1392 De
2790 1337 2845 1410 λ,
2880 1356 2941 1412 χ,
2973 1357 3045 1413 σχ
3085 1338 3335 1393 confusis
3364 1357 3415 1394 ν.

1851 1425 1929 1480 ad
1950 1426 2154 1482 Athen.
2188 1443 2209 1480 1
2228 1442 2277 1495 1,
2301 1443 2361 1498 p,
2392 1431 2530 1499 497,
2556 1429 2629 1495 Α,
2655 1427 2715 1478 in
2744 1425 3019 1481 Noctibus
3035 1428 3241 1482 nostris
3266 1427 3419 1482 Nau-

1854 1514 2098 1570 craticis.

2590 1643 2680 1680 20.

1933 1747 2045 1802 Dio
2094 1747 2527 1820 Chrysostomus
2573 1746 2731 1802 Orat.
2784 1742 2877 1815 56,
2913 1747 3029 1801 vol.
3080 1765 3137 1816 2,
3185 1767 3246 1822 p.
3304 1766 3419 1822 290
3514 1817 3525 1829 α

1853 1833 2045 1891 Reisk.
2078 1853 2093 1888 ε
2122 1830 2157 1902 ἢ
2180 1833 2277 1890 οὐκ
2301 1829 2595 1907 ἀνέγνωκας
2618 1833 2769 1888 τοῦτο
2794 1829 2853 1888 τὸ
2879 1829 2999 1897 ἔπος
3022 1832 3302 1913 Κρατίνου·

1954 1962 2191 2048 Ποιμῆν
2215 1957 2503 2040 καθέστη,
2534 1955 2845 2041 καίπόλος,
2876 1957 2979 2021 καὶ
3014 1957 3319 2040 βουκόλος.

1855 2095 2019 2154 Libri
2044 2091 2271 2163 καθέστη
2302 2090 2539 2166 αἰπόλος,
2576 2114 2609 2148 κ
2648 2094 2838 2148 littera
2864 2093 3067 2152 hausta
3096 2094 3169 2150 ab
3196 2116 3231 2150 α
3258 2095 3423 2150 simili

1853 2185 2071 2252 vicina3
2102 2184 2307 2238 frustra
2334 2181 2533 2250 Valck.
2566 2180 2639 2236 ad
2661 2182 2877 2242 Gallim.
2903 2181 3062 2256 Eleg.
3091 2201 3151 2257 p.
3188 2181 3288 2257 75,
3320 2202 3423 2238 κα-

1851 2267 2061 2345 τέστης,
2086 2271 2289 2345 Bergk.
2312 2281 2369 2324 et·
2392 2270 2561 2324 Mein.
2585 2264 2866 2338 καθέστηκ’
2905 2269 3026 2328 αἷπ.
3055 2266 3264 2342 Ποιμὴν
3291 2288 3425 2347 pro-

1853 2361 1979 2434 prie
2024 2359 2225 2427 dictus,
2270 2367 2338 2412 ut
2380 2354 2671 2412 interdum
2722 2367 2920 2428 pastor
2960 2365 3157 2430 pastor
3205 2357 3423 2416 ovium.

1855 2447 2255 2520 Fragmentum
2278 2444 2353 2502 ad
2377 2445 2652 2500 Bubulcos
2686 2444 2861 2500 refert
2888 2444 3181 2519 Bergkius.

2596 2584 2690 2621 21.

1940 2694 2268 2764 Anonymus
2314 2690 2468 2766 apud
2510 2691 2841 2747 Crumerum
2888 2690 3109 2746 Anecd.
3142 2692 3325 2747 Oxon.
3368 2691 3425 2762 3,

1854 2799 1914 2855 p.
1950 2781 2058 2854 195
2101 2801 2117 2835 .·
2155 2778 2381 2838 Πλάτων
2412 2775 2500 2853 δὲ,
2532 2779 2631 2856 οὐχ
2670 2780 2697 2834 δ
2724 2777 3031 2857 φιλόσοφος,
3063 2777 3179 2834 ἀλλ’
3205 2780 3233 2834 ὁ
3262 2800 3428 2854 κοιμι-

1855 2867 2117 2939 κώτατος,
2154 2855 2201 2947 ᾧ
2228 2866 2318 2924 καὶ
2366 2867 2625 2947 Κρατῖνον
2663 2856 2779 2924 οἶδα
2821 2862 3137 2947 συνᾴδοντα,
3180 2865 3431 2945 ἀορίστως

1855 2954 1943 3013 ἐπὶ
1974 2954 2269 3035 συγγενείας
2296 2954 2559 3031 λαμὸοίνει
2584 2954 2677 3026 τὴν
2709 2952 2741 3011 ὅ
2756 2978 2796 3031 μ
2813 2976 2846 3012 α
2866 2978 2881 3011 ι
2898 2977 2938 3030 μ
2954 2978 3016 3021 ος
3040 2952 3199 3021 λέξιν.

2597 3104 2693 3143 22.

1939 3210 2123 3281 Etym.
2165 3209 2242 3262 M.
2288 3226 2351 3281 p.
2409 3205 2556 3275 183,
2598 3204 2701 3277 45,
2742 3202 3029 3276 Βαδάκτης
3079 3224 3093 3261 :
3139 3202 3431 3283 ὀρχηστὴς,

1855 3293 2045 3364 λάλος,
2077 3294 2371 3369 μανιώδης,
2414 3291 2731 3372 βακχευτής.
2762 3291 2973 3369 λέγεται
3004 3290 3058 3350 δὲ
3087 3292 3179 3350 καὶ
3212 3295 3241 3350 ὁ
3278 3292 3422 3351 Πάν.

1861 3385 1959 3459 Κρ.
2022 3409 2046 3432 ιι
2083 3384 2330 3458 Χαῖρε,
2386 3379 2781 3458 χρυσόκερω
2838 3378 3151 3457 βαὸοίκτα
3208 3379 3433 3450 κήλων

1825 3508 1838 3519 -
1861 3470 2020 3529 Πάν.
2054 3495 2077 3520 u
2105 3466 2253 3547 παρὰ
2286 3468 2347 3525 τὸ
2378 3466 2555 3545 βάζω,
2599 3466 2661 3524 τὸ
2701 3468 2875 3536 λαλῶ,
2914 3464 3089 3543 βάξω,
3132 3464 3429 3545 βέὸαγμαι,

1862 3560 2158 3639 βέὸακται,
2204 3557 2507 3637 βαὸοίκτης,
2548 3560 2578 3614 ὁ
2614 3554 2786 3615 πολλὰ
2828 3558 3026 3626 λαλῶν,
3062 3555 3307 3637 φλύαρος.
3340 3560 3432 3615 Sic

1859 3654 1991 3707 item
2023 3650 2343 3723 Hephaestio
2383 3666 2510 3722 cap.
2546 3665 2634 3715 ιο,
2653 3666 2714 3721 p.
2748 3644 2846 3713 56,
2874 3646 3115 3701 alterum
3143 3644 3240 3700 ille
3276 3664 3431 3700 com-

1857 3741 2019 3814 plens
2042 3756 2265 3793 versum
2294 3737 2448 3791 hisce
2468 3806 2471 3809 γ
2494 3731 2827 3809 Πελασγικὸν
2870 3729 3055 3809 Ἀργος
3104 3730 3431 3808 ἐμὸατεύων,

1859 3829 1917 3883 in
1944 3828 2171 3901 priore,
2204 3821 2383 3901 Χαῖρ’,
2412 3810 2456 3879 ὦ
2485 3819 2835 3901 χρυσόκερως.
2884 3823 3069 3897 Igitur
3096 3824 3191 3878 Cr.
3226 3823 3433 3879 dixerit

1960 3966 2167 4053 Χαῖρ’,
2196 3954 2242 4022 ὦ
2271 3956 2637 4051 χρυσόκερως
2675 3950 2953 4041 §agnina
2980 3957 3189 4027 κη’λων

1960 4066 2096 4132 Πὰν
2112 4080 2153 4150 ,’
2172 4063 2559 4156 Πελασγικὸν
2590 4053 2781 4154 Ᾰργος
2815 4056 3187 4153 ἐμὲατεύωνί

1863 4211 2101 4283 Elegans
2128 4208 2279 4262 enim
2308 4224 2439 4260 usus
2468 4216 2549 4260 est
2588 4204 2927 4258 nominativi
2954 4221 3063 4277 pro
3104 4200 3367 4255 vocativo
3418 4216 3428 4253 :

1859 4295 2026 4350 Iliad.
2062 4314 2155 4365 17,
2180 4301 2290 4361 142
2315 4314 2331 4348 :
2354 4287 2574 4368 Ἕκτωρ
2596 4278 2725 4354 εἶδος
2747 4286 2947 4366 ἄριστε.
2973 4288 3174 4361 Odys&
3201 4290 3259 4355 3,
3281 4285 3392 4340 313
3416 4304 3429 4339 t

181 4381 326 4435 chus
348 4382 446 4436 De
475 4398 634 4435 orac.
669 4378 785 4439 der.
823 4398 884 4455 p.
929 4388 1067 4449 400,
1098 4382 1141 4436 F
1179 4400 1192 4434 2
1227 4380 1330 4436 τῶν
1373 4378 1652 4437 Ἀκανθίων
1683 4379 1773 4438 καὶ
1862 4378 1955 4437 καὶ
1992 4378 2075 4452 σὺ,
2104 4378 2275 4459 φίλος,
2304 4376 2377 4453 μὴ
2405 4374 2537 4447 δηθὰ
2563 4376 2736 4453 δόμων
2763 4374 2867 4433 ἄπο
2889 4376 3009 4445 τῆλ’
3033 4372 3294 4449 ἀλάλησο,
3320 4383 3430 4432 etc.

185 4466 466 4544 Βρασίδου
495 4467 846 4543 παρελθοῦσιν
867 4456 1006 4524 οἶκον
1035 4470 1161 4541 ἡμῖν
1190 4466 1375 4533 ἔδειξεν
1396 4470 1424 4525 ὁ
1453 4466 1770 4547 περιηγητὴς

179 4552 428 4631 χωρίον,
461 4554 516 4610 ἐν
549 4544 594 4632 ᾧ
639 4552 961 4618 Ῥοδώπιδος
999 4553 1196 4612 ἔκειντό
1229 4576 1357 4613 ποτε
1398 4554 1659 4613 ὀὸελίσκοι
1690 4579 1768 4613 σι-

187 4644 356 4719 δηροῖ.
387 4646 462 4700 V.
496 4644 761 4699 Grauerti
785 4644 1011 4698 Dissert.
1035 4643 1108 4698 de
1137 4644 1348 4719 AEsopo
1373 4666 1435 4720 p.
1469 4665 1490 4699 ι
1510 4666 1532 4699 1
1548 4666 1578 4716 7
1604 4666 1766 4721 seqq.

951 4849 1034 4898 17.

195 4934 330 4987 nme
357 4930 530 4985 etiam
555 4936 618 4985 tu
650 4924 818 4983 audes
844 4927 1050 4994 dicere,
1077 4930 1246 4986 roseis
1270 4930 1490 5001 quidem
1513 4930 1722 5003 ἀὶςίιίε,

195 5018 290 5074 sed
311 5020 578 5074 limosum
605 5016 812 5072 habens
832 5018 1064 5075 alterum
1087 5016 1280 5091 pedem
1295 5021 1320 5072 ἓ

949 5111 1036 5159 20.

204 5192 394 5245 Pastor
419 5188 658 5250 adstitit,
680 5195 728 5243 et
754 5191 1057 5261 caprarius,
1089 5198 1140 5247 et
1167 5189 1454 5247 bubulcus

1866 4466 2080 4540 Κήλων,
2106 4472 2355 4535 telorum,
2396 4469 2530 4541 quia
2549 4476 2887 4521 venatorum
2917 4482 3149 4537 quoque
3176 4462 3314 4516 deus
3335 4461 3436 4515 ha-

1863 4559 2013 4613 bitus
2039 4570 2120 4613 est
2150 4560 2267 4613 Pan
2288 4596 2305 4625 ‚
2350 4555 2511 4629 quod
2533 4554 2807 4626 intelligas
2840 4572 2909 4607 ex
2938 4552 2985 4609 H
2994 4569 3167 4624 ymno
3196 4552 3433 4605 Homer.

1871 4666 1965 4719 19,
2022 4645 2091 4701 13
2146 4644 2343 4720 (θῆρας
2390 4640 2629 4718 ἐναίρων,
2695 4636 2845 4715 Πάν)
2868 4686 2885 4711 ,
2927 4642 3211 4696 Theocrit.
3268 4638 3434 4712 Idyll.

2604 4850 2694 4899 21.

1869 4933 2335 5004 consanguineus.

2608 5023 2694 5071 22.

1871 5104 2027 5160 Salve
2043 5147 2055 5169 ,
2078 5103 2259 5159 aureis
2281 5103 2539 5160 cornibus
2568 5103 2835 5159 bacchans
2863 5108 3085 5157 venator

1879 5194 1987 5247 Pan
2012 5230 2025 5257 ,
2060 5189 2396 5262 Pelasgic-um
2428 5194 2597 5259 Argos
2623 5188 2949 5245 ascendens!
