3809 5850
431 433 540 486 132

520 555 663 652 Φέρε
686 585 783 626 νυν
820 562 1033 654 ἀγῆλω
1064 564 1203 639 τοὺς
1228 563 1390 639 θεοὺς
1428 563 1577 629 ἰοῦσ’
1606 567 1748 650 ἔσω,

529 665 635 736 καὶ
668 665 977 758 θυμιάσω,
1013 677 1124 733 τοῦ
1161 668 1371 736 τέκνου
1400 673 1801 761 σεσωσμένου.

422 809 666 881 Hesych.
683 850 700 878 ‚
746 808 980 865 fortasse
1016 827 1086 865 ex
1124 811 1235 866 hoc
1279 813 1320 868 l.
1340 855 1357 886 ,
1395 808 1601 886 Ἀγήλω
1645 829 1661 870 :
1708 811 1987 887 κοσμήσω.

418 897 602 957 codd.
626 901 737 956 νῦν.
762 896 965 952 Suidas
982 891 1117 960 οἵους
1136 894 1239 973 ἐγώ
1254 941 1271 970 ,
1289 899 1424 957 cod.
1442 918 1684 975 gramm.
1706 897 1841 965 οἵους
1863 899 1991 977 ἐγώ,

416 985 597 1044 schol.
624 987 823 1059 Eurip.
856 983 1010 1043 Med.
1054 986 1203 1044 1016
1240 986 1426 1064 (995),
1458 989 1558 1061 qui
1584 991 1840 1062 priorem
1865 1009 1993 1046 ver-

414 1092 539 1128 sum
573 1074 737 1144 citat,
765 1072 897 1130 ἶοῢσ’
922 1070 1046 1130 Ισω.
1077 1100 1100 1124 α
1136 1076 1456 1148 Hyperboli
1484 1088 1725 1133 matrem
1746 1079 1865 1134 haec
1889 1079 1991 1134 lo-

416 1171 607 1216 cutam
630 1179 778 1230 esse,
802 1171 1043 1236 propter
1068 1160 1251 1216 filium
1266 1161 1491 1234 judicio
1514 1165 1837 1222 absolutum
1858 1185 1991 1242 gra—

416 1248 522 1304 tias
547 1259 803 1305 aemam
836 1248 948 1305 diis
967 1289 985 1319 ,
1014 1269 1135 1306 non
1161 1252 1355 1325 inepte
1382 1250 1750 1325 conjecerunt
1775 1255 1985 1328 Bergk.

414 1346 474 1392 et
505 1337 774 1394 Fritzsch.
808 1339 937 1394 Act.
963 1339 1165 1396 societ.
1194 1356 1288 1413 gr.
1333 1340 1452 1398 vol.
1487 1359 1543 1410 1,
1587 1360 1652 1415 p.
1705 1339 1835 1398 138.
1866 1341 1985 1416 Hy-

361 1419 369 1426 ’
412 1425 725 1498 perbolum
751 1425 1044 1500 vapulasse
1072 1443 1107 1481 a
1130 1437 1321 1502 poeta,
1349 1438 1586 1484 testatur
1612 1429 1795 1486 schol.
1826 1429 1983 1488 Nub.

416 1509 531 1582 557
564 1531 579 1566 :
605 1507 915 1588 Ἕρμιππος
934 1510 1113 1588 δρᾶμα
1136 1512 1232 1569 οὐκ
1260 1510 1504 1583 ἐποίησεν
1534 1513 1604 1578 εἰς
1627 1511 1955 1594 Ὗπέρὸολον
1971 1537 1985 1551 ·

412 1595 548 1656 ἔοικε
567 1596 621 1656 δὲ
644 1597 1097 1679 (Aristophanes)
1119 1598 1179 1658 τὸ
1196 1601 1267 1666 εἰς
1286 1597 1378 1667 τὰς
1398 1598 1779 1680 Ἀρτοπώλιδας
1800 1601 1986 1680 λεχθὲν

414 1686 535 1744 κατ’
562 1685 720 1744 αὐτοῦ
756 1684 1054 1762 σημαίνειν.
1088 1713 1114 1740 ¹·
1141 1691 1323 1746 Mct'n.

1172 1828 1224 1866 2.

414 1927 423 1934 '
492 1929 698 1985 Pollux
725 1947 945 2000 7,.αοα
993 1948 1008 1984 t
1040 1925 1351 2006 Ἕρμιππος
1380 1925 1434 1986 δὲ
1480 1931 1535 1987 ἐν
1563 1931 1668 1995 τοῖς
1710 1929 1985 2009 Κοθόρνοις

408 2017 817 2094 πορνοτελῶναι.
859 2017 889 2074 ὁ
939 2013 1092 2082 αὐτὸς
1137 2018 1190 2074 ἐν
1236 2015 1377 2096 Ἀρτ.
1410 2015 1567 2096 φησὶν
1610 2043 1635 2069 α
1665 2019 1735 2084 ὡς
1768 2016 1980 2097 σαπρὰ,

407 2100 604 2180 πόρνη,
648 2099 741 2160 καὶ
768 2100 1053 2183 κάπραινα.
1098 2129 1123 2156 ι
1154 2103 1295 2179 Quae
1315 2106 1589 2183 Bergkius
1619 2106 1972 2166 Commentt.

406 2209 467 2265 p.
502 2189 638 2260 314.
671 2210 743 2249 ex
782 2194 1041 2250 Palatino
1082 2204 1140 2250 et
1181 2195 1620 2270 Falckenburgii
1639 2194 1867 2265 codice,
1919 2196 1979 2250 in

406 2279 615 2351 quibus
662 2280 873 2354 legitur
915 2277 1215 2351 Φιλωνίδης
1248 2281 1357 2358 (ita
1386 2279 1490 2358 F.)
1534 2280 1589 2340 δὲ
1619 2283 1673 2340 ἐν
1710 2279 1817 2348 τοῖς
1845 2281 1977 2342 Κοθ.

406 2385 591 2444 πορν.·
644 2364 958 2445 Ἕρμιππος
997 2365 1053 2426 δὲ
1102 2371 1209 2446 (ita
1248 2372 1316 2429 F.
1360 2381 1419 2427 et
1456 2369 1559 2446 P.)
1602 2369 1655 2426 ἐν
1697 2367 1839 2448 Ἀρτ.
1888 2368 1979 2427 καὶ

406 2452 709 2532 πασιπόρνη
752 2454 883 2533 φησὶ
920 2453 1011 2513 καὶ
1044 2453 1340 2535 κάπραινα,
1370 2468 1659 2532 assumpto
1687 2460 1858 2515 etiam
1900 2459 1978 2538 τῷ

406 2538 585 2619 σαπρὰ
613 2561 685 2598 ex
707 2542 875 2600 editis
900 2545 1075 2616 libris,
1102 2547 1183 2601 ita
1208 2547 1457 2601 restituit

500 2671 626 2736 Καὶ
658 2671 1023 2764 πασιπόρνη,
1056 2672 1160 2738 καὶ
1192 2673 1513 2766 κάπραινα,
1559 2672 1662 2739 καὶ
1697 2673 1915 2767 σαπρά·

404 2817 695 2892 magisque
732 2819 902 2874 etiam
943 2837 1003 2874 se
1040 2819 1292 2894 probare
1320 2821 1401 2876 ait
1434 2808 1515 2878 ’Ὦ
1542 2840 1677 2878 πασ.
1712 2831 1849 2892 etc„
1880 2823 1975 2878 cui

403 2903 669 2979 equidem
695 2907 1046 2981 praetulerim
1067 2907 1180 2964 hoc
1205 2904 1298 2973 Ὡς
1335 2930 1485 2980 πασ.,
1508 2919 1749 2987 propter
1772 2907 1975 2967 confu-

401 2994 625 3050 sionem
653 2996 1069 3051 vocabulorum
1097 2993 1188 3051 καὶ
1217 3006 1273 3051 et
1303 2996 1401 3065 ὡς,
1426 2996 1523 3053 hic
1550 3008 1605 3054 et
1631 2999 1747 3054 illic
1774 2999 1974 3057 obser-

401 3092 591 3138 vatam
620 3084 683 3138 in
724 3083 904 3141 libris.
944 3082 1235 3140 Bekkerus
1275 3084 1455 3141 edidit
1494 3082 1585 3141 καὶ
1613 3092 1743 3142 πᾶσι
1777 3086 1968 3167 πόρνη.

408 3194 432 3219 α
463 3172 549 3227 Ita
585 3172 779 3227 nescio
820 3173 947 3246 quis
971 3173 1295 3247 Hyperboli
1324 3184 1567 3229 matrem
1588 3174 1846 3248 increpat
1862 3215 1879 3244 ‚
1904 3188 1971 3233 ut

400 3258 607 3314 eodem
634 3258 887 3317 Pollucis
909 3260 1042 3316 loco
1070 3259 1359 3334 Euripidis
1384 3262 1589 3336 poesin
1616 3257 1972 3334 Phrynichus

397 3348 459 3402 in
494 3342 665 3403 Musis
688 3344 881 3422 (Ἀλλ’,
912 3335 958 3404 ὦ
984 3344 1277 3426 κάπραινα,
1307 3346 1397 3405 καὶ
1428 3345 1700 3427 περίπολι,
1728 3344 1820 3420 καὶ
1844 3346 1968 3425 δρο-

396 3430 554 3511 μάς).
586 3432 781 3512 Σαπρὰ
818 3447 902 3492 est
927 3440 1145 3495 vetula.
1166 3462 1212 3487 ·»
1246 3438 1428 3496 Mem.
1462 3440 1550 3493 De
1575 3438 1689 3492 hoc
1718 3436 1796 3494 cf.
1823 3436 1967 3491 Phe-

396 3524 629 3579 recratis
654 3524 863 3581 Incert.
903 3523 1003 3589 64.

1102 3638 1153 3692 3.
1200 3646 1258 3703 4.

472 3749 685 3806 Athen.
727 3750 786 3817 3,
812 3768 871 3823 p.
905 3768 1037 3823 119,
1076 3748 1121 3808 C
1147 3767 1162 3807 :
1191 3746 1331 3813 ἰδίως
1368 3748 1414 3805 δ’
1457 3746 1845 3825 ἐσχημάτισται
1873 3744 1968 3824 (τὸ

392 3832 639 3913 τάριχος)
688 3832 821 3911 παρ’
854 3832 1146 3913 Ἑρμίππῳ
1194 3836 1246 3891 ἐν
1278 3832 1417 3913 Ἀρτ.
1459 3861 1485 3884 οι
1540 3832 1669 3893 Καὶ
1697 3832 1966 3911 τάριχος

392 3919 616 3980 πίονα.
646 3945 672 3972 n
696 3922 877 3977 Simili
899 3922 1259 3979 barbarismo
1287 3924 1498 3997 Scytha
1518 3924 1747 3981 Thesm.
1784 3942 1806 3977 1
1824 3921 1962 3994 187,

391 4007 453 4066 τὸ
496 4004 657 4083 πυγή.
705 4032 730 4059 «ι
771 4010 905 4064 Haec
942 4009 1155 4066 dixerit
1197 4022 1379 4067 mater
1408 4008 1758 4085 Hyperboli,
1790 4026 1963 4083 quam

392 4096 638 4153 barbare
664 4096 999 4171 loquentem
1022 4097 1325 4155 induxerat
1354 4101 1554 4155 Herm.
1586 4098 1807 4153 Eodem
1831 4116 1965 4171 per-

392 4186 575 4241 tinent
616 4185 733 4241 haec
778 4184 1043 4259 Hesychii
1087 4204 1103 4244 :
1145 4187 1412 4245 Δοκικῶ
1462 4207 1474 4241 z
1522 4183 1638 4243 ἀντὶ
1677 4188 1766 4243 τοῦ
1802 4185 1960 4245 δοκῶ.

391 4268 569 4338 ἔπαιξε
598 4271 653 4329 δὲ
681 4268 855 4350 Ἕρμ.
884 4274 937 4331 ἐν
962 4272 1102 4352 Ἀρτ.
1134 4276 1245 4331 Pro
1274 4274 1466 4331 δοκικῶ
1494 4275 1679 4332 codex
1702 4272 1913 4343 ὃοκηκῶ
1945 4294 1958 4329 :

388 4360 534 4416 illud
560 4361 877 4417 litterarum
912 4364 1083 4419 series
1123 4365 1415 4436 requirere
1446 4363 1695 4421 videtur.
1733 4387 1757 4413 υ
1791 4364 1843 4419 Ε
1869 4363 1957 4417 M.

590 4615 970 4672 MULIERES
1006 4618 1259 4673 PANEM
1297 4618 1744 4674 VENDENTES.

1146 4708 1170 4757 1
1185 4744 1198 4757 .

388 4792 507 4857 Age
527 4785 711 4858 igitur,
744 4788 1041 4846 venerabor
1067 4788 1221 4857 deos,
1251 4787 1483 4845 domum
1510 4750 1756 4863 ing-ressa
1774 4831 1791 4858 ‚

390 4872 743 4947 suffiamque,
768 4884 989 4950 propter
1008 4886 1283 4936 servatum
1304 4877 1499 4935 fllium.
1790 4962 1806 5034 Ι
1842 4962 1897 5020 ,ἀ

1144 4970 1199 5022 2.
1815 4971 1857 5020 tn
1898 4976 1952 5021 a.

386 5048 661 5121 Quoniam
686 5052 815 5119 (es)
854 5050 1101 5109 omnium
1126 5052 1397 5125 meretrix,
1422 5059 1479 5111 et
1498 5066 1595 5111 sus
1618 5050 1754 5119 fera,
1778 5058 1833 5108 et
1854 5066 1954 5123 pu-

1144 5144 1197 5195 3.

390 5224 455 5278 Et
480 5223 873 5281 salsamentum
904 5226 1141 5298 pinguis.

1418 430 1829 493 coMOEmAE
1866 429 2196 497 VETERIS
2237 432 2656 512 RELIQUIAE.

2844 573 2898 630 5.

2163 690 2359 749 Schol.
2390 691 2684 766 Aristoph.
2713 696 2815 748 Av.
2854 691 3030 765 1556,
3060 696 3134 752 de
3159 695 3440 756 Pisandro
3474 719 3492 760 :
3527 689 3592 772 ἦν
3609 701 3660 760 δὲ

2082 772 2142 832 τὸ
2183 777 2340 850 σῶμα
2379 775 2630 848 εὖεκτὴς,
2673 779 2744 843 ὡς
2785 773 2958 857 Ἕρμ.
2991 781 3047 838 ἐν
3076 779 3217 860 Ἀρτ.
3263 783 3288 807 ¹*
3311 811 3339 836 ι
3379 784 3660 848 Ἐνέὸαιιι

2083 866 2205 940 σιγῇ
2261 861 2584 943 Πείσανδρος
2629 864 2796 943 με’γας
2847 865 3031 942 αὐτὸς,
3073 867 3254 951 ὥσπερ
3299 875 3660 936 Διονυσίοισιν

2081 950 2205 1008 οὑπὶ
2249 953 2354 1008 τῶν
2405 949 2604 1028 ξύλων,
2643 953 2823 1022 ἐλαίας
2871 953 3062 1034 ἔρεισιν
3105 956 3222 1018 ὄνον
3265 961 3577 1035 κανθήλιον.
3630 991 3656 1016 ¹·

2081 1041 2336 1098 Scribam

2179 1155 2444 1257 ἓμὸαινε
2469 1160 2821 1260 Πεισάνδρῳ
2855 1171 2926 1234 mi
2958 1195 3028 1262 γε
3055 1176 3204 1263 σῖγ’,
3235 1173 3416 1252 αὐτὸς
3437 1177 3660 1270 μέγας,

2168 1271 2416 1363 χῶσπερ
2454 1272 2850 1340 Διονυσίοισιν
2887 1273 3031 1341 οὑπὶ
3068 1286 3160 1362 τῷ
3202 1270 3400 1365 ξύλῳ,

2177 1375 2397 1454 ἐλάσας
2425 1377 2652 1468 ἔρεισον
2686 1375 2810 1445 ὅντ’
2843 1377 2974 1446 ὄνον
3011 1377 3368 1454 κανθήλιονέ

2079 1505 2146 1560 111
2167 1505 2254 1562 his
2279 1505 2456 1565 Mein.
2487 1501 2707 1586 χῶσπερ
2735 1520 2792 1565 et
2820 1507 3012 1576 ἐλάσας
3033 1507 3231 1588 ἔρεισον
3249 1555 3268 1582 ,
3303 1533 3411 1570 nos
3437 1527 3498 1572 et
3521 1535 3656 1572 sen-

2079 1596 2260 1650 tentiae
2273 1605 2332 1650 et
2343 1596 2510 1651 metri
2533 1613 2702 1652 causa
2716 1595 3030 1676 Πεισάνδρῳ
3044 1595 3108 1654 σύ
3129 1621 3188 1672 γε
3203 1597 3306 1678 σῖγ’
3321 1603 3466 1680 εῐτῷ
3487 1600 3650 1682 ξύλῳ,

2077 1691 2134 1734 et
2159 1675 2263 1739 ὄντ’
2291 1677 2404 1738 ὄνον
2419 1725 2436 1753 ,
2465 1701 2592 1756 quae
2614 1702 2707 1740 me
2730 1683 2894 1740 facile
2920 1686 3304 1759 probaturum
3329 1706 3448 1744 esse
3471 1709 3649 1764 spero

2073 1768 2503 1844 palaeographiae
2537 1781 2595 1826 et
2631 1771 3003 1828 librariorum
3029 1775 3386 1850 negligentiae
3419 1780 3650 1851 peritis.

2075 1851 2155 1912 Τὸ
2199 1852 2346 1920 ξύλον
2385 1857 2772 1932 intelligebam
2811 1861 3078 1917 arborem
3097 1903 3114 1932 ,
3157 1881 3331 1936 quam
3369 1863 3520 1920 festo
3549 1866 3654 1922 illo

2075 1941 2170 1999 die
2197 1945 2401 2020 aliquis
2447 1946 2846 2003 conscenderit
2884 1966 2954 2005 ex
2981 1967 3144 2005 more
3155 1969 3174 2020 3
3211 1950 3371 2022 cujus
3411 1955 3654 2026 quidem

2073 2033 2159 2086 rei
2191 2033 2300 2089 alia
2333 2034 2592 2108 exempla
2617 2053 2738 2090 non
2765 2035 2955 2092 habeo
3001 2038 3064 2094 in
3101 2049 3400 2113 promptu.
3452 2043 3656 2100 Potest

2073 2137 2336 2195 quoque,
2375 2130 2443 2176 ut
2481 2120 2706 2178 dicatur
2747 2133 2805 2179 et
2835 2126 3071 2202 proprie
3099 2137 3157 2182 et
3185 2125 3460 2202 figurate,
3493 2126 3647 2196 ξυλο-

2072 2204 2251 2272 κόπος.
2283 2209 2478 2265 Primo
2504 2227 2672 2266 versu
2695 2211 2944 2271 Meinek.
2987 2209 3252 2287 Ἔμὸαινε
3281 2213 3374 2284 δή·
3405 2215 3650 2276 Πείσαν-

2072 2291 2188 2370 δρος
2213 2295 2241 2350 ὁ
2269 2292 2435 2371 μέγας
2459 2294 2651 2355 οὑτοσί.

2819 2415 2881 2473 6.

2154 2520 2362 2576 Pollux
2396 2541 2449 2593 7,
2492 2523 2600 2598 198
2632 2541 2646 2582 t
2673 2521 2876 2602 εἴρηται
2903 2521 3004 2604 γὰρ
3031 2528 3066 2596 ἡ
3090 2523 3416 2604 γελγόπωλις
3440 2530 3494 2588 ἕν
3519 2537 3646 2591 Δω-

2069 2605 2464 2688 νυσαλεξάνδρῳ
2508 2611 2806 2689 Κρατίνου,
2849 2610 3028 2691 ὥσπερ
3069 2615 3120 2672 ἐν
3156 2606 3299 2696 ’xpm
3330 2613 3646 2696 Ἑρμίππου

2067 2692 2128 2752 τὸ
2156 2695 2618 2772 γελγοπωλεῖν.

2591 2851 2699 2910 111.
2745 2853 3109 2914 ΔΗΜΟΤΑῙ.

2147 3136 2350 3192 Pollux
2379 3152 2440 3209 9,
2475 3154 2544 3207 71
2589 3154 2604 3191 :
2645 3131 2730 3204 εἴη
2767 3132 2813 3191 δ’
2841 3131 2905 3191 ἂν
2949 3130 3040 3191 καὶ
3085 3132 3417 3210 σῦμὸολον
3463 3138 3640 3217 βραχὺ

2065 3220 2090 3247 ⁴⁵
2116 3218 2458 3295 νομισμάτων
2475 3262 2492 3294 ,
2519 3219 2780 3297 ἡμίτομόν
2806 3244 2858 3281 τι
2887 3220 3223 3298 νομίσματος.
3249 3225 3278 3281 ὁ
3307 3228 3435 3303 γοῦν
3457 3224 3637 3307 Ἕρμ.

2062 3310 2117 3368 ἐν
2146 3307 2516 3389 Φορμοφόροις
2537 3306 2680 3387 λέγει
2696 3354 2714 3387 ,
2744 3352 2842 3371 ....
2865 3310 2919 3369 ἐν
2947 3308 3002 3369 δὲ
3029 3310 3135 3379 τοῖς
3161 3310 3436 3387 Δημόταις

2159 3438 2356 3533 Οἴμοι
2387 3466 2455 3506 τι
2485 3432 2689 3535 δράσω
2707 3490 2726 3526 ,
2751 3436 3047 3533 σῦμόολον
3080 3446 3481 3536 κεκαρμένος;

2061 3566 2312 3646 κεκάρθαι
2339 3566 2475 3625 ἔοικε
2497 3566 2558 3625 τὸ
2583 3565 2752 3643 ἥμισυ
2767 3610 2784 3639 ,
2807 3563 2944 3625 ὥστε
2966 3565 3002 3637 ἢ
3027 3566 3087 3625 ἐκ
3113 3566 3333 3647 θατέρου
3363 3568 3526 3644 μόνον
3549 3592 3637 3627 τε·

2059 3658 2332 3715 τυπῶσθαι
2355 3659 2507 3715 τοῦτο
2531 3654 2609 3713 δεῖ
2635 3654 2695 3714 τὸ
2727 3653 3069 3731 νομισμάτιον
3092 3660 3354 3733 νοεῖσθαι,
3380 3654 3418 3729 ἢ
3448 3648 3637 3737 διῃρῗνῖ-
3753 3714 3755 3732 2

2059 3746 2178 3799 σθαι
2197 3788 2212 3815 ,
2253 3738 2392 3800 ὥστε
2435 3740 2576 3819 ἔχειν
2616 3740 2676 3800 τὸ
2704 3740 2861 3821 με’ρος
2899 3742 3177 3822 ἑκάτερον,
3205 3743 3294 3803 τόν
3321 3766 3380 3802 τε
3419 3746 3636 3823 πιπρά-

2058 3852 2249 3889 σκοντα
2279 3826 2369 3888 καὶ
2397 3829 2486 3887 τὸν
2515 3828 2809 3906 ὠνούμενον
2825 3876 2842 3903 ,
2876 3831 2964 3889 ἐπὶ
3011 3829 3266 3911 συμὸόλῳ
3301 3836 3489 3891 τοῦτον
3533 3832 3636 3909 μέν

2055 3940 2105 3975 τι
2134 3916 2529 3997 προειληφέναι,
2553 3916 2641 3976 τὸν
2666 3915 2721 3977 δὲ
2746 3917 3122 3997 ἐνοφείλεσθαι.
3154 3922 3344 3977 Prima
3377 3922 3638 3979 Pollucis
3749 3982 3751 4003 ἶ

2055 4009 2228 4065 verba
2255 4008 2411 4065 haud
2441 4008 2618 4065 dubie
2657 4008 2861 4065 affecta
2883 4020 3044 4078 sunt,
3067 4009 3348 4086 siquidem
3372 4012 3636 4065 tautolo-

2055 4097 2206 4168 giam
2237 4095 2523 4151 debuisset
2549 4096 2775 4165 Hcrm„
2807 4094 3106 4152 inferciens
3137 4091 3310 4175 βραχὺ
3329 4136 3348 4171 ,
3373 4096 3481 4151 ubi
3507 4096 3634 4151 sus-

2053 4182 2285 4239 ficiebat
2309 4181 2676 4259 νομισμάτιον,
2697 4183 2860 4257 quod
2881 4192 2963 4239 est
2988 4179 3159 4260 βραχὺ
3188 4181 3450 4257 νόμισμα.
3479 4186 3636 4241 Sane
3745 4192 3747 4215 ²

2054 4271 2416 4327 scribendum
2457 4282 2598 4346 puto
2643 4267 2814 4349 βραχὺ
2855 4268 3092 4347 νόμισμά
3133 4292 3227 4343 τι,
3259 4266 3326 4328 δν
3359 4272 3632 4346 ἡμίτομόν
3743 4300 3745 4305 ·

2053 4380 2188 4423 τινος
2222 4356 2564 4434 νομίσματος.

2048 4706 2361 4780 Aggredere
2375 4714 2432 4763 tu
2455 4706 2678 4780 quidem
2691 4626 2860 4764 silen⁵s
2877 4706 3222 4773 Pisandrum.
3243 4706 3358 4780 ipse
3375 4709 3622 4777 grandis,

2047 4804 2103 4853 et
2125 4796 2270 4853 velut
2295 4796 2727 4854 Bacchanalibus
2751 4794 2844 4854 ille
2865 4794 3112 4853 arborem
3131 4836 3147 4863 ‚

2048 4882 2326 4955 pulsatum
2345 4880 2528 4950 allide,
2552 4898 2728 4955 quum
2751 4883 2823 4939 sit
2841 4880 3184 4939 cantiierius!

2604 4972 3054 5027 POPULARES.

2045 5146 2145 5201 Nae
2169 5142 2329 5212 milii,
2359 5143 2491 5216 quid
2513 5157 2672 5216 agam
2698 5062 2948 5216 syniliolo
2971 5140 3308 5199 comminuto
3323 5142 3352 5195 ἓ
