3809 5850
443 415 560 466 ⁴8⁰

1201 549 1256 586 2.

524 647 724 703 Pollux
741 665 796 717 7,
814 643 886 710 46
909 661 924 702 t
953 639 1064 710 ιίδη
1089 639 1144 698 δὲ
1162 637 1397 710 ἐσθήτων
1413 637 1668 719 ἀνδρικῶν
1695 635 1804 713 μὴν
1823 635 2016 715 (men-

445 735 584 791 dose
609 734 784 794 codd.
811 731 942 807 μὲν)
983 725 1276 808 χλαμὺς,
1317 731 1352 798 ἡ
1386 725 1482 804 μὲν
1529 725 1919 802 ὁλόλευκος,
1946 726 2019 791 ὥς

446 822 627 882 ‘mm
655 817 1215 900 κωμῳδιοδιδάσκαλος
1239 815 1534 892 ὠνόμασεν.

1129 1088 1333 1148 XLIX.

1048 1247 1410 1316 AMPHIS.

530 1437 555 1465 ι
586 1414 753 1469 Hunc
786 1427 909 1465 non
941 1409 1150 1466 veteris
1173 1408 1467 1466 comoediae
1493 1409 1680 1484 poetis
1703 1407 2019 1466 secundum

451 1499 782 1560 Fabricium
823 1498 970 1557 Bihl.
1001 1498 1103 1556 Gr.
1143 1517 1203 1566 ιι,
1229 1517 1291 1572 p.
1331 1503 1474 1567 410,
1499 1497 1598 1553 sed
1623 1493 1803 1570 μέσοις
1829 1516 2017 1554 annu—

449 1587 784 1648 merandum
793 1605 930 1658 esse,
944 1596 1150 1662 praeter
1161 1596 1496 1664 argumenta
1505 1585 1824 1644 dramatum
1837 1597 2019 1645 osten·

451 1679 540 1734 dit
577 1677 782 1736 Pollux
825 1695 882 1747 1,
923 1677 1060 1748 233,
1097 1676 1196 1732 ubi
1238 1675 1453 1745 dicens,
1480 1675 1684 1732 mediae
1723 1676 2019 1734 comoediae

451 1769 754 1842 scriptores
778 1764 1094 1820 distinxisse
1121 1765 1269 1820 inter
1295 1759 1582 1836 συκάμινος
1619 1773 1678 1819 et
1700 1760 2017 1840 συκάμινον,

453 1856 756 1932 respexisse
787 1852 1016 1908 videtur
1035 1851 1335 1928 Amphidis
1365 1851 1578 1910 Incert.
1613 1850 1674 1909 6.
1706 1851 1790 1909 cf.
1817 1853 2021 1910 Pollux

456 1963 512 2014 7,
544 1961 637 2014 17.
661 1938 944 1998 Praeterea
983 1941 1266 2010 Platonis,
1302 1939 1542 2015 Sinopes
1563 1981 1582 2016 ,
1611 1939 1854 2010 Nannii,
1879 1941 2021 1997 alio·

453 2048 730 2106 rumque,
781 2046 1030 2103 quorum
1071 2027 1340 2102 frequens
1378 2027 1476 2084 illa
1512 2036 1675 2084 aetate
1712 2029 2019 2100 memoria,

454 2119 729 2193 aeqnalem
752 2135 885 2174 eum
907 2116 1078 2172 fuisse
1105 2116 1278 2173 docet
1303 2116 1585 2191 Diogenes
1599 2117 1792 2174 Laert.
1825 2115 1884 2187 3,
1923 2135 2021 2192 27,

453 2216 514 2262 et
536 2205 744 2261 Athen.
799 2203 895 2277 13,
923 2223 982 2278 p.
1011 2202 1156 2274 567,
1186 2201 1265 2272 F,
1296 2213 1354 2258 et
1379 2203 1644 2277 Phrynen
1671 2221 2025 2261 commemo—

457 2310 589 2349 rans
615 2291 695 2348 ib.
733 2310 795 2367 p.
847 2289 982 2362 591,
1017 2292 1108 2362 D,
1136 2292 1314 2345 vitam
1356 2291 1654 2346 minimum
1689 2290 1766 2347 ad
1805 2292 2021 2366 olymp.

465 2401 572 2438 112
617 2380 783 2456 (ante
827 2380 963 2438 Chr.
999 2387 1116 2436 nat.
1164 2375 1463 2456 331·328)
1505 2379 1798 2455 produxit.
1842 2381 2025 2438 Athe-

455 2471 710 2526 niensem
728 2467 872 2524 dicit
889 2465 1093 2524 Suidas
1105 2485 1162 2525 v.
1181 2458 1394 2544 Ἄμφις.
1409 2467 1634 2524 Nomen
1652 2467 1764 2524 viri
1783 2467 2025 2527 subinde

460 2559 520 2612 in
545 2553 769 2635 Ἀμφίας
793 2565 848 2612 et
886 2549 1062 2630 Ἀγίας
1085 2564 1366 2609 mutatum
1393 2564 1504 2624 est,
1530 2553 1687 2610 velut
1717 2555 1937 2612 Polluc.
1963 2557 2022 2627 3,

464 2643 536 2702 36
579 2664 594 2700 :
643 2639 817 2715 Ἀγίας
859 2641 996 2716 (Ms.
1035 2637 1287 2718 Ἀμφίας)
1321 2639 1350 2695 ὁ
1389 2637 1654 2715 κωμικὸς,
1693 2652 1752 2697 et
1789 2641 2026 2700 fortasse

460 2733 701 2790 Antiatt.
721 2749 778 2804 p.
809 2748 833 2785 1
848 2729 946 2799 13,
973 2725 1186 2798 Πυξίον,
1207 2722 1339 2784 ὅπου
1363 2726 1410 2785 οἱ
1435 2725 1696 2806 ζωγράφοι
1715 2727 2023 2808 γράφουσιν.

463 2817 640 2897 Ἁγίας
682 2813 984 2895 Ζωγράφῳ.
1029 2818 1368 2890 Quanquam
1400 2825 1590 2891 potest
1629 2826 1696 2871 ut
1729 2811 1923 2896 Ἄμφις
1969 2829 2027 2873 et

462 2905 681 2985 Ἀμφίας
698 2907 910 2985 (Thuc.
943 2912 1001 2976 4,
1034 2923 1057 2962 1
1073 2903 1174 2981 19)
1197 2905 1426 2961 nonnisi
1443 2903 1676 2961 diversa
1699 2904 1895 2963 formae
1913 2904 2027 2963 sint

461 2996 719 3071 ejusdem
751 2994 1026 3066 nominis,
1052 2994 1202 3051 sicut
1234 2988 1432 3059 Ἕλπις
1473 3001 1531 3048 et
1558 2988 1816 3063 Ἐλπίας,
1864 2996 2028 3061 Λῦσις

461 3098 520 3143 et
547 3082 782 3157 Λυσίας,
805 3080 1014 3147 Μάντις
1051 3093 1108 3139 et
1139 3078 1420 3151 Μαντίας,
1449 3076 1642 3145 Τέλλις
1668 3092 1727 3136 et
1765 3080 2025 3155 Τελλίας,

465 3174 690 3247 aliaque
733 3168 1065 3242 hujusmodi
1109 3170 1343 3225 nomina
1380 3168 1702 3225 indistincte
1737 3169 2025 3231 dicuntur.

461 3292 544 3307 -
564 3262 912 3319 Fabulamm
932 3259 1080 3315 tituli
1093 3266 1394 3331 supersunt
1412 3258 1612 3332 viginti
1629 3275 1722 3315 sex
1741 3277 1758 3327 ;
1783 3257 2027 3317 duarum

465 3350 782 3425 fragmenta
836 3348 992 3403 nulla
1044 3356 1375 3421 supersunt,
1437 3341 1679 3411 Ἀκκοῦς.
1735 3356 1794 3402 et
1855 3344 2027 3405 ’Λλιι-

464 3435 674 3515 πτρίας.
703 3461 728 3489 υ
766 3438 818 3492 E
837 3436 1018 3493 Mein.
1049 3431 1195 3493 Hist.
1231 3434 1358 3491 crit.
1386 3434 1570 3503 Com„
1608 3434 1711 3491 ubi
1737 3452 1795 3493 v.
1829 3434 2029 3511 dispu-

466 3534 678 3581 tantem
708 3523 782 3580 de
805 3523 979 3579 titulis
995 3522 1104 3577 illis
1125 3540 1186 3595 p.
1222 3526 1336 3587 404
1361 3537 1520 3595 seqq.

1024 3648 1074 3707 1.
1131 3645 1471 3707 ΑΘΑΜΑΣ.

544 3784 752 3842 Athen.
793 3779 884 3849 13,
911 3797 971 3855 p.
1000 3778 1150 3855 559,
1180 3782 1228 3837 A
1258 3800 1271 3833 :
1303 3772 1498 3857 ’Ἀμφις
1534 3779 1580 3836 δ’
1619 3782 1672 3837 ἐν
1716 3779 2024 3857 Ἀθάμαντι,

563 3894 697 3964 Εἶτ’
735 3899 802 3961 οὗ
827 3894 1102 3987 γυναικός
1135 3897 1298 3959 ἐστιν
1332 3898 1741 3989 εὐνοϊκώτερον

561 4010 832 4129 γαμετῆς
863 3996 1103 4091 ἑταίρα;
1134 4002 1290 4065 πολυ
1314 4024 1408 4091 γε,
1436 3999 1540 4065 καὶ
1573 4000 1720 4090 μάλ’
1761 4001 2027 4081 εἰκότως.

569 4102 620 4171 1‘1
653 4106 761 4196 μὲν
789 4104 1027 4194 ἀνόμων
1043 4101 1155 4197 γὰρ
1173 4110 1602 4227 καταφρονοῦσ’
1635 4098 1808 4173 ἔνδον
1839 4110 2025 4198 μένει·

566 4216 602 4282 ἡ
635 4202 691 4274 δ
725 4200 910 4293 οἶδεν,
937 4206 1086 4274 ὅτι
1057 4234 1095 4280 η
1129 4233 1256 4285 τοις
1283 4209 1525 4299 τρόποις
1550 4214 1804 4289 ὠνητέος

475 4310 515 4383 5
569 4312 926 4402 ἅνθρωπός’
901 4337 1090 4395 εστιν,
1121 4310 1157 4386 ἢ
1193 4314 1335 4403 πρὸς
1356 4310 1545 4379 ἄλλον
1575 4316 1841 4382 ἀπιτέον.

1063 4494 1440 4549 ATHAMAS.

545 4654 788 4712 Tandem
813 4669 928 4709 non
949 4662 1034 4711 est
1060 4653 1383 4726 prudentior
1400 4656 1572 4728 nupta

548 4741 771 4797 muliere
801 4740 1022 4797 amica?
1049 4739 1212 4813 longe
1230 4740 1473 4814 quidem,
1512 4754 1568 4805 et
1583 4744 1638 4804 id
1668 4759 1885 4817 prorsus
1910 4762 2041 4804 con-

1503 4834 1801 4899 [sentaneo
1827 4831 1989 4889 modo
2022 4852 2034 4887 ε

547 4930 674 4971 nam
703 4913 873 4971 altera
891 4912 1192 4985 illegitimis
1213 4916 1544 4987 contemptis
1577 4918 1726 4974 intus
1749 4926 1965 4986 manet;

547 5002 714 5059 altera
743 5016 872 5057 vero
905 5002 1029 5069 scit,
1055 5008 1151 5057 aut
1181 5001 1427 5058 moribus
1445 5004 1738 5061 emendum
1767 5022 1880 5062 esse

479 5096 512 5145 5
549 5088 825 5145 hominem
846 5129 861 5156 ,
887 5095 983 5144 aut
1003 5085 1076 5144 ad
1094 5087 1262 5145 alium
1287 5088 1388 5162 ipsi
1409 5090 1742 5148 abeundum.

1463 396 1739 456 MssmAE
1789 393 2199 456 COMOEmAE
2240 390 2659 466 RELlQUlAE.

2107 525 2282 581 Versu
2316 523 2347 579 3
2379 523 2508 579 libri
2542 525 2574 592 ἡ
2600 520 2695 598 μὲν
2737 517 2881 599 νόμῳ
2920 535 3056 594 etc„
3083 523 3469 598 trepidantibus
3494 531 3577 583 viris
3694 575 3696 600 ,

2112 611 2317 670 doctis.
2348 613 2613 667 Per-versa
2632 611 2905 667 canterus
2926 612 3207 666 sententia
3225 609 3407 686 νόμων,
3429 617 3575 686 legun.

2110 699 2318 772 quibus
2338 697 2574 755 confidit
2600 709 2810 772 nupta,
2839 698 3051 755 nedum
3080 717 3177 754 eas
3207 711 3435 775 spernat.
3460 704 3585 758 Immo

2110 787 2143 844 d
2162 784 2374 862 νόμων
2390 829 2407 856 ,
2452 789 2855 861 ιἸΙςὶεὶηιοι-ιηη
2874 827 2892 856 ,
2926 788 3361 863 concubinatus,
3384 791 3487 844 vita
3510 809 3587 846 me·
3692 793 3696 846 ἶ

2107 874 2366 931 retriciae.
2394 875 2563 930 Forte
2585 875 2757 948 periit
2774 871 2831 942 ἃ,
2858 874 3040 930 simile
3065 896 3092 930 ν
3115 876 3341 952 littera,
3358 895 3457 952 qua
3478 879 3531 934 de
3548 897 3589 936 re
3696 907 3698 914 ·

2112 959 2187 1016 ad
2208 960 2542 1036 Antiphanis
2560 955 2710 1036 Ἄγρ.
2740 979 2793 1019 1.
2812 961 2899 1018 cf.
2920 961 3095 1018 etiam
3113 961 3421 1039 Γυναικοκρ.
3444 967 3590 1039 Vulga—
3693 987 3699 1022 ·.

2114 1059 2235 1104 tum
2256 1045 2401 1127 νόμῳ
2422 1049 2503 1106 ita
2532 1049 2782 1124 explicat
2811 1048 3045 1106 Grotius
3077 1069 3093 1105 :
3122 1075 3149 1098 α
3174 1069 3375 1106 uxores
3396 1053 3597 1126 superba
3694 1077 3699 1088 ·

2110 1153 2225 1192 esse
2264 1136 2453 1211 legum
2483 1133 2727 1205 fiducia,
2766 1155 2891 1212 quae
2932 1137 3147 1194 dimitti
3178 1149 3367 1196 vetant
3386 1141 3479 1194 nisi
3506 1140 3600 1194 dote
3696 1187 3698 1194 .

2110 1223 2355 1282 reddIta.
2382 1249 2406 1274 ι·

2618 1335 2693 1394 11.
2738 1335 3173 1395 ΑΛΚΜΑΙΩΝ.

2192 1476 2352 1531 Hanc
2382 1473 2754 1544 comoediam,
2794 1476 3013 1550 pariter
3042 1493 3109 1531 ac
3146 1473 3493 1532 Mnesimachi
3514 1491 3606 1546 cog·

2111 1564 2433 1632 nominem,
2474 1581 2593 1620 non
2634 1562 2710 1620 ad
2752 1562 3077 1620 fabulosum
3098 1564 3271 1620 illum
3294 1565 3605 1620 Almaeonem
3700 1603 3702 1612 ,

2114 1661 2373 1728 spectare
2390 1694 2409 1726 ,
2435 1652 2534 1708 sed
2572 1651 2649 1708 ad
2688 1652 3109 1727 Pythagoreum
3148 1653 3542 1728 philosophum,
3560 1651 3610 1706 de

2112 1757 2229 1814 quo
2252 1749 2454 1815 praeter
2479 1740 2621 1796 alios
2640 1739 2814 1814 Diog.
2838 1741 3026 1796 Laert.
3044 1739 3105 1810 8,
3138 1739 3251 1812 37,
3278 1751 3451 1798 censet
3466 1742 3611 1808 mern

2110 1827 2212 1884 sed
2236 1826 2359 1900 ejus
2382 1827 2656 1884 dramatis
2677 1844 2793 1883 una
2820 1827 3225 1884 tantummodo
3258 1847 3372 1884 vox
3398 1839 3609 1903 strperest,

2112 1933 2187 1972 ex
2206 1933 2319 1990 qua
2346 1915 2489 1992 quid
2516 1917 2579 1971 in
2603 1915 2877 1972 utramvis
2892 1927 3117 1990 partem
3140 1914 3395 1973 efficias?

2194 2131 2399 2192 Pollux
2425 2152 2515 2204 xo,
2544 2153 2686 2206 170:
2712 2132 2804 2190 καὶ
2834 2133 3199 2214 περιθᾶτην
3228 2134 3285 2193 δὲ
3310 2137 3415 2210 (sc.
3438 2133 3606 2208 κόμηνὶ,

2114 2221 2185 2288 ὥς
2203 2221 2262 2278 ’ἐν
2288 2218 2541 2300 Ἄμφιδος
2566 2219 2887 2298 Ἀλκμαίωνι
2930 2221 3021 2280 καὶ
3056 2220 3376 2302 Μενάνδρου
3406 2221 3611 2297 Ὀλυνθίας.
3704 2245 3707 2282 ι

2519 2383 2625 2444 111.
2669 2384 3271 2448 ΑΜΠΕΔΟΥΡῙῸΣ.

2196 2611 2449 2670 Stobaeus
2476 2613 2673 2672 Floril.
2702 2613 2801 2682 60,
2830 2633 2881 2684 1,
2906 2631 3039 2670 eum
3066 2615 3335 2673 lemmate
3358 2608 3567 2692 Ἄμφιδος
3584 2607 3617 2673 ἒξ

2118 2697 2505 2778 Ἀμπιλουργοῦ
2530 2718 2563 2757 e
2590 2701 2724 2760 cod.
2750 2705 2820 2758 A.

2216 2823 2347 2886 Οὐκ
2372 2821 2542 2886 ἔστιν
2576 2810 2747 2886 οὐδὲν
2781 2819 3038 2911 ἀτυχίας
3054 2821 3422 2912 ἀνθρωπίνης

2216 2925 2587 3018 παραμύθιον
2617 2927 2981 3018 γλυκύτερον
3012 2930 3075 2993 ἐν
3106 2927 3227 3011 βίῳ
3255 2930 3475 3017 τέχνης·

2218 3030 2317 3097 ἐπὶ
2336 3042 2443 3098 τοῦ
2467 3030 2818 3123 μαθήματος
2842 3030 2955 3126 γὰρ
2976 3036 3247 3111 ἑστηκὼς
3272 3038 3305 3098 ὁ
3330 3041 3451 3107 νοῦς

2219 3140 2400 3203 αὑτοῦ
2425 3136 2643 3210 λέληθε
2664 3140 3028 3230 παραπλέων
3061 3136 3171 3215 τὰς
3196 3136 3499 3229 συμφοράς.

2120 3266 2299 3321 Versu
2328 3270 2361 3330 l,
2382 3262 2515 3319 libri
2540 3262 2722 3323 αὗτοῧ.
2745 3265 2991 3324 Meinek.
3014 3264 3175 3321 malit
3196 3263 3369 3333 αὑτόν,
3384 3261 3471 3319 sed
3488 3257 3627 3333 aptius

2122 3348 2395 3423 conjungi
2422 3350 2579 3407 dicas
2598 3351 2773 3409 verba
2798 3352 2955 3409 αὑτοῦ
2976 3348 3069 3417 τὰς
3088 3350 3372 3431 συμφοράς.

2876 3482 2933 3520 2·

2204 3569 2292 3623 lb.
2325 3574 2459 3643 104,
2492 3568 2555 3639 6,
2577 3586 2707 3623 cum
2732 3567 2936 3624 eodem
2956 3568 3239 3627 lemmate.

2156 3704 2165 3715 ·
2223 3676 2303 3749 Ἑν
2331 3680 2417 3761 οἷς
2444 3678 2515 3749 ἂν
2542 3683 2819 3777 ἀτυχήσῃ
2854 3710 2949 3761 τις
2974 3680 3281 3777 ἅνθρωπος
3310 3682 3525 3763 τόποις,

2221 3793 2443 3862 ἥκιστα
2468 3790 2705 3866 τούτοις
2728 3784 3085 3868 πλησιάζων
3124 3782 3364 3863 ἥδεται.

2128 3916 2421 3986 Phaedrus,
2448 3918 2655 3973 citante
2679 3918 3056 3975 Valckenario
3082 3916 3100 3994 (
3128 3937 3150 3973 1
3171 3960 3190 3992 ‚
3224 3918 3325 3992 18)
3351 3934 3369 3975 τ

2204 4014 2385 4069 Nemo
2418 4012 2663 4069 libenter
2686 4014 2915 4083 recolit,
2944 4016 3045 4090 qui
3066 4016 3222 4086 laesig
3248 4015 3450 4071 locum.

2886 4126 2937 4183 3.

2204 4249 2405 4321 Pollux
2433 4267 2493 4326 9,
2518 4249 2594 4308 88
2620 4266 2637 4309 :
2670 4248 2819 4329 παρὰ
2842 4248 3019 4325 μέντοι
3046 4258 3153 4317 τοῖς
3181 4254 3431 4330 Δωριεῦσι
3464 4244 3545 4303 καὶ
3566 4241 3639 4309 (ἳὶ

2124 4332 2375 4417 τὸκὲρμα
2414 4336 2555 4396 ἐστὶν
2598 4335 2897 4416 εἰρημένον.
2946 4336 3089 4417 εὖροι
3128 4336 3175 4397 δ’
3210 4338 3276 4397 ἄν
3312 4360 3381 4403 τις
3418 4332 3536 4393 αὗτὸ
3568 4346 3639 4384 1⁸¹

2752 4506 3072 4561 VlNlTOR.

2129 4674 2357 4733 Nullum
2383 4684 2463 4732 est
2488 4674 2746 4734 humanae
2768 4600 3093 4737 calainitatis

2130 4762 2385 4817 solatium
2414 4760 2633 4820 dulcius
2658 4764 2714 4820 in
2740 4764 2847 4821 vita
2870 4780 3035 4838 quam
3066 4780 3155 4821 ars
3182 4784 3195 4819 :

2131 4848 2332 4920 quippe
2368 4847 2609 4905 scientiae
2636 4864 2793 4906 mens
2822 4851 3075 4907 insistens

2130 4934 2271 4989 clam
2302 4950 2357 4991 se
2378 4936 2491 5008 ipsa
2510 4936 2811 4995 infortunia
2830 4954 2928 4997 sua
2948 4940 3375 5013 praeternavigat.

2130 5106 2339 5177 Quibus
2359 5106 2417 5162 in
2436 5106 2575 5165 locis
2596 5107 2766 5167 homo
2785 5031 2983 5183 aliqziis
3002 5110 3145 5168 male
3164 5110 3365 5179 habuit,

2134 5195 2199 5250 iis
2224 5212 2483 5269 perquam
2511 5198 2715 5255 invitus
2740 5200 3153 5273 appropinquat.
3166 5238 3207 5257 .-
