3809 5850
480 459 593 508 222

574 579 815 646 πάντων
862 579 1213 672 ἀνθρώπων·
1266 571 1375 644 δύο
1429 572 1489 645 δ’
1552 581 1731 646 αὐτὸν
1792 573 2034 672 δαίμον’

1775 691 2038 770 ὀλεῖτον,

1472 446 1883 506 COMOEmAE
1929 447 2251 509 VETEms
2294 450 2712 524 BELlQmAE.

2877 604 2937 654 ‘7-
3725 645 3727 658 .

2211 690 2385 748 Haud
2407 691 2582 748 dubie
2609 693 2683 750 ad
2711 693 2858 750 hanc
2885 695 3140 750 fabulam
3165 699 3396 772 respicit
3423 717 3700 773 gramma-

571 798 609 866 ἡ
670 793 775 883 μὲν
816 793 1177 884 ἐλαυνομένη
1227 790 1487 884 λαθρίοις
1544 793 1849 884 ἐρετμοῖς,
1900 797 1933 857 ὀ
1975 783 2036 856 δ’
2133 777 2277 834 ‘5⁰⁰⁸
2317 778 2562 836 Bekkffl'i
2604 800 2664 855 P·
2707 780 2822 847 346
2857 799 2874 840 ²
2907 784 3032 842 init.
3085 781 3322 850 '‘⁸35⁹‘oe
3355 787 3729 874 Ψθρῑκρᾶτης,

1754 899 2038 964 ἐλαύνων.

472 1020 613 1099 λέγει
639 1019 695 1080 δὲ
719 1020 1023 1102 Ἀφροδίτην
1049 1021 1141 1080 καὶ
1154 1021 1431 1082 Διόνυσον·
1454 1021 1739 1103 ἀμφότεροι
1764 1021 1867 1102 γὰρ
1895 1023 2040 1104 ἤρων

471 1113 562 1168 τοῦ
592 1109 878 1177 Ἀδώνιδος.
934 1137 959 1164 α
992 1116 1169 1170 Versu
1214 1111 1246 1168 3
1294 1132 1427 1168 cum
1469 1111 1774 1169 Dindorfio
1818 1125 2042 1170 secutus

472 1219 595 1254 sum
615 1201 865 1256 Jacobsii
892 1198 1275 1272 conjecturam
1301 1218 1318 1258 ε
1352 1200 1485 1256 libri
1512 1201 1663 1256 enim
1698 1197 1919 1277 ἔχειτον,
1947 1205 2041 1259 VL

462 1284 681 1366 ἔχητον.
712 1289 971 1345 Fortasse
1006 1299 1197 1344 tamen
1231 1299 1463 1364 prestat
1492 1287 1710 1358 ἑλεῖτον,
1740 1307 1914 1362 quam
1951 1289 2038 1345 fu·

473 1379 586 1433 turi
624 1377 869 1433 sormam
885 1415 905 1447 ,
938 1376 1201 1451 Euripidi
1230 1388 1403 1450 atque
1442 1375 1808 1450 Aristophani
1846 1388 2001 1434 recte
2020 1417 2036 1447 ,

472 1475 538 1520 ut
570 1465 823 1540 videtur,
866 1463 1281 1538 abjudicatam,
1314 1475 1505 1520 tamen
1540 1483 1575 1521 a
1611 1465 1854 1533 Nostro,
1886 1465 2043 1538 apud

472 1571 643 1626 quem
668 1554 834 1628 plura
860 1555 1101 1610 labentis
1138 1554 1435 1630 graecitatis
1461 1552 1695 1627 vestigia
1720 1551 2041 1628 deprehen·

470 1639 683 1695 duntur
720 1639 865 1716 (qua
910 1641 981 1698 de
1019 1660 1085 1698 re
1134 1643 1295 1698 aliter
1334 1641 1617 1715 judicavit
1654 1641 1903 1698 Cobetus
1921 1683 1940 1716 ,
1986 1651 2044 1697 et

468 1745 598 1783 meo
621 1728 840 1800 judicio
872 1739 1049 1786 recte.
1091 1729 1260 1785 Both.
1282 1729 1334 1803 ),
1372 1747 1491 1783 non
1522 1728 1763 1784 alienam
1797 1740 2040 1802 putave-

468 1816 600 1872 rim.
628 1817 775 1872 Usus
815 1833 880 1870 ea
923 1825 1009 1872 est
1046 1817 1216 1872 etiam
1258 1814 1657 1886 Timostratus,
1705 1815 1908 1874 mediae
1951 1817 2044 1872 vel

467 1921 629 1958 novae
656 1903 946 1960 comoediae
972 1914 1144 1980 poeta
1163 1945 1180 1975 ,
1206 1905 1440 1962 Antiatt.
1472 1923 1533 1978 p.
1562 1903 1639 1958 80
1657 1944 1672 1973 ,
1703 1923 1791 1962 ι2.
1820 1905 2044 1960 Recen-

470 1992 680 2047 tiorum
704 1992 1051 2066 scriptorum
1093 1992 1350 2067 exempla
1392 1991 1624 2066 collegit
1665 1991 1920 2048 Lobeck.
1968 1989 2040 2046 ad

468 2080 791 2136 Buttmanni
814 2081 1064 2138 Gramm.
1092 2098 1150 2157 2,
1181 2100 1241 2155 p.
1278 2099 1409 2140 100.
1438 2104 1462 2130 n
1490 2081 1543 2135 E
1563 2081 1649 2136 M.

1223 2213 1283 2253 2.

547 2304 781 2362 Photius
812 2323 873 2378 p.
915 2303 1032 2360 623
1053 2345 1072 2375 ,
1110 2302 1170 2378 5,
1200 2314 1259 2360 et
1284 2303 1488 2361 Suidas
1508 2343 1525 2373 ,
1552 2299 1831 2379 Ὑπέρου
1860 2323 2038 2380 περι-

466 2387 681 2466 τροπή
716 2410 729 2445 :
770 2388 860 2448 ἐπὶ
885 2391 988 2447 τῶν
1030 2385 1201 2446 ταύτὰ
1228 2387 1511 2448 ποιούντων
1542 2386 1635 2446 καὶ
1668 2387 1831 2465 μηδὲν
1858 2410 2040 2468 περαι-

468 2476 754 2539 νόντων....
784 2479 891 2538 Πλ.
922 2476 1031 2539 Ἀδ.

568 2603 709 2674 Εἶτ’
739 2611 852 2700 οὐχ
882 2610 1096 2701 ὑπέρου
1130 2633 1232 2698 μοι
1264 2612 1588 2700 περιτροπὴ
1632 2609 1983 2702 γενήσεται,

468 2755 679 2811 Vitiose
711 2753 866 2830 apud
888 2753 1127 2810 Suidam
1150 2749 1387 2829 γένηται.

1226 2877 1279 2936 3.

544 3008 703 3064 Idem
732 3027 795 3083 p.
826 3006 974 3082 225,
1014 3008 1119 3074 26,
1160 3001 1585 3082 Αιπομαρτύριον
1628 3025 1641 3059 :
1692 3004 1914 3071 Λυσίας.
1944 3004 2037 3063 καὶ

466 3092 868 3161 λιποτάξιον
895 3089 1235 3169 Δημοσθένης
1268 3092 1322 3150 ἐν
1358 3092 1435 3170 τῷ
1469 3089 1607 3149 κατὰ
1652 3090 1898 3166 Μειδίου,
1943 3092 2035 3150 καὶ

432 3222 451 3237 ·
470 3186 576 3244 Πλ.
610 3185 665 3242 ἐν
688 3182 795 3243 Ἀδ.
826 3185 974 3241 Male
996 3182 1180 3240 codex
1206 3179 1556 3248 λειποτᾶξιον.

1222 3318 1279 3377 l..

538 3445 791 3502 Gramm.
828 3442 1067 3501 Bekkeri
1098 3441 1316 3501 Anecd.
1350 3460 1407 3514 Ρ.
1441 3446 1555 3511 472
1590 3460 1604 3495 :
1638 3436 2031 3516 Ἀφοδεῦσαι

468 3531 573 3591 Πλ.
617 3530 728 3592 Ἀδ.
766 3528 1014 3609 σημαίνει
1036 3528 1119 3587 δὲ.
1141 3572 1157 3585 .
1178 3572 1224 3589 ..
1268 3530 1484 3604 Supple
1512 3529 1874 3597 ἀποπατῆσαι.
1911 3530 2034 3585 Sui·

460 3618 560 3675 das
580 3662 599 3690 ,
627 3618 933 3698 Ἅφοδέῦσαι
964 3638 981 3678 :
1019 3618 1131 3678 Πλ.
1164 3615 1401 3677 Ἀδώνισι
1438 3615 1609 3695 (sic),
1642 3613 1735 3673 καὶ
1760 3611 1976 3693 Ἄφοδος
2003 3618 2032 3674 ὁ

460 3704 749 3773 ἀπόπατος.

1220 3814 1275 3874 5.

538 3933 737 3987 Pollux
760 3950 853 4001 ιο,
888 3937 995 3996 104
1034 3950 1047 3985 :
1076 3926 1168 3986 καὶ
1198 3930 1561 4007 τυροκνῆστις,
1591 3926 1655 3997 ἣν
1692 3924 1781 3984 καὶ
1806 3924 2026 3997 κύὸηλιν

456 4019 723 4089 καλοῦσιν,
741 4008 812 4075 ὧν
834 4020 867 4087 ἡ
896 4017 991 4094 μὲν
1021 4018 1315 4094 τυροκνῆ
1331 4012 1437 4073 στί
1452 4040 1475 4081 ς
1503 4015 1639 4071 ἐστιν
1670 4014 1722 4070 ἐν
1746 4013 2028 4082 Πλάτωνος

456 4104 506 4163 Ἀ
514 4104 685 4163 δώνιδι
694 4152 707 4165 .

1208 4217 1243 4273 6
1252 4259 1267 4273 .

534 4348 725 4406 schol.
749 4347 1039 4421 Aristoph.
1072 4348 1234 4420 Vesp.
1268 4344 1419 4401 1310
1453 4365 1464 4397 :
1494 4346 1521 4399 ὁ
1551 4342 1603 4399 δὲ
1631 4342 1821 4422 «ἐχυρὸς
1853 4345 2023 4419 (Mei-

453 4437 583 4493 nek.
636 4436 879 4508 conjecit
927 4432 1196 4511 ἁχυρμός)
1240 4434 1367 4509 παρ’
1417 4428 1667 4489 Εὐπόλιδι
1726 4432 1779 4487 ἐν
1828 4433 2022 4509 Χρυσῷ

2130 854 2273 921 εἶπεν
2302 863 2418 923 ἀντὶ
2452 870 2544 924 τοῦ
2577 865 2842 933 Ἀδώνιδος
2871 871 2984 944 (ἲ).
3013 867 3156 946 λέγει
3195 871 3251 929 δὲ
3275 870 3372 942 τὴν
3407 877 3696 944 αἰτιατικὴν

2129 949 2233 1008 τὸν
2255 949 2437 1009 Ἀδών
2455 975 2553 1012 ιον
2585 955 2788 1030 (Mein.
2811 954 3078 1028 Ἄδωνιν).
3107 957 3242 1017 οὕτω
3269 959 3324 1017 δὲ
3353 959 3454 1018 καὶ
3485 961 3698 1020 Πλάτων

2129 1037 2220 1096 καὶ
2267 1041 2522 1118 Κρατῖνος
2561 1043 2662 1118 (fr.
2699 1048 2814 1104 inc.
2857 1047 2995 1123 37),
3025 1045 3164 1104 ἀλλὰ
3201 1047 3292 1105 καὶ
3331 1047 3698 1132 Ἀριστοφάνης
3729 1067 3731 1080 ³

2130 1124 2220 1184 καὶ
2253 1126 2438 1205 ἕτεροι.
2470 1126 2683 1208 λέγουσι
2705 1129 2758 1190 δὲ
2793 1129 2886 1190 καὶ
2916 1129 2978 1194 Ἄ
3000 1134 3194 1192 δωνιν
3236 1134 3390 1194 αὐτὸν
3427 1139 3698 1204 πολλάκις.

2129 1216 2442 1274 Meinelu‘us
2471 1215 2698 1278 Ἄδωνα.
2731 1224 2916 1279 Immo
2938 1265 2955 1293 ,
2985 1225 3093 1280 nisi
3131 1243 3486 1302 magnopere
3522 1227 3698 1298 fallor,
3731 1245 3733 1248 ⁴

2126 1315 2417 1378 postrema
2460 1314 2538 1364 sic
2580 1321 2710 1365 sunt
2744 1310 2986 1385 legenda
3021 1333 3033 1366 :
3071 1311 3208 1369 ἀλλὰ
3236 1313 3328 1371 καὶ
3359 1313 3588 1394 ’Apte-c.,
3621 1317 3700 1375 καὶ

2130 1387 2330 1470 ἕτεροι,
2362 1391 2577 1472 λέγουσι
2605 1393 2676 1464 δὴ
2717 1394 2810 1453 καὶ
2837 1391 3058 1456 Ἄδωνιν
3092 1397 3246 1457 αὐτὸν
3275 1401 3436 1462 πολλ.
3733 1399 3735 1412 '

2889 1509 2946 1572 8.

2209 1615 2437 1687 sanias,
2467 1614 2615 1696 Ὦρα
2672 1639 2686 1674 :
2726 1618 2949 1698 φροντίς.
3013 1619 3152 1679 ἔνθεν
3193 1622 3446 1703 ὀλίγωρον
3495 1625 3700 1704 λέγομεν

2130 1700 2218 1758 τὸν
2245 1702 2426 1778 ὀλίγην
2454 1704 2698 1784 φροντίδα
2723 1705 2931 1785 ἔχοντα.
2965 1710 3076 1768 Πλ.
3112 1708 3371 1770 Ἀδώνιδι·

2227 1817 2368 1910 Περὶ
2393 1826 2514 1884 τῶν
2543 1810 2612 1884 δὲ
2637 1826 2902 1914 πλευρῶν
2940 1815 3227 1916 οὐδεμίαν
3261 1829 3418 1918 ὥραν
3439 1830 3526 1922 ἔχ
3529 1857 3608 1901 ει.

2130 1947 2272 2002 Nam
2321 1947 2637 2022 probabilis
2679 1949 2797 2004 haec
2821 1949 3174 2022 .conjectura
3205 1953 3542 2028 Gaissordi3
3578 1960 3698 2015 libri

2132 2032 2364 2092 Πλάτων
2392 2033 2528 2092 ὁδῶν
2550 2033 2667 2108 καὶ,
2698 2064 2720 2086 ιι
2745 2038 2853 2092 nisi
2885 2037 3107 2114 (inquit
3133 2039 3343 2118 Mein.)
3375 2044 3438 2101 id
3456 2058 3548 2104 est
3585 2067 3648 2104 ex
3675 2050 3700 2103 ὁ

2129 2120 2360 2196 κωμικός
2384 2134 2742 2198 corruptum.
2779 2149 2802 2173 ι·

2567 2277 2647 2338 11.
2695 2279 2774 2338 Al
2816 2279 2948 2340 ΑΦ’
2990 2281 3242 2340 ΙΕΡΩΝ.

2209 2417 2296 2476 lta
2313 2418 2431 2473 haec
2455 2417 2643 2473 fabula
2662 2430 2903 2474 vocatur
2931 2419 3085 2493 apud
3108 2421 3312 2478 Athen.
3349 2441 3449 2499 ιο,
3475 2445 3539 2499 p.
3567 2431 3694 2502 446,

2127 2507 2196 2576 Ε,
2220 2506 2510 2561 Pollucem
2540 2525 2598 2576 7,
2623 2505 2718 2576 57,
2743 2507 3083 2580 Hesychium
3111 2527 3165 2566 ν.
3193 2505 3512 2578 Ἀοπαλιεῦς
3529 2559 3546 2586 ,
3571 2515 3628 2573 h.
3651 2537 3694 2573 e.

2127 2597 2434 2668 interprete
2447 2595 2712 2650 Reinesio
2735 2599 2871 2653 Var.
2893 2597 3054 2654 Lect.
3085 2596 3141 2664 3,
3169 2617 3224 2668 7,
3248 2600 3530 2656 Mulieres
3555 2624 3596 2658 a
3613 2625 3695 2660 sa-

2125 2688 2236 2738 cris
2261 2685 2549 2737 redeuntes
2564 2722 2580 2751 ‚
2613 2682 2772 2756 quod
2787 2683 3007 2758 placuit
3032 2685 3202 2740 etiam
3219 2686 3466 2743 Alberto
3491 2691 3568 2746 ad
3598 2695 3694 2748 He-

2125 2772 2282 2844 sych.
2317 2789 2370 2840 1,
2398 2788 2460 2844 p.
2498 2769 2637 2846 576,
2674 2788 2774 2840 27,
2805 2780 2864 2826 et
2885 2771 3218 2828 Casaubono
3249 2773 3324 2828 ad
3350 2777 3493 2834 Ath.
3529 2780 3570 2837 1.
3623 2799 3693 2849 c.,

2127 2860 2225 2914 ubi
2257 2870 2448 2914 tamen
2473 2876 2579 2914 nee
2603 2859 2750 2913 nolit
2776 2859 3012 2935 intelligi
3051 2858 3404 2938 ἱεροδούλως,
3445 2869 3698 2924 mulieres

2124 2950 2230 3004 deo
2245 2990 2263 3021 ,
2289 2949 2378 3004 νεὶ
2401 2949 2550 3017 deoe,
2579 2966 2792 3007 sacras.
2833 2948 2902 3004 Id
2927 2951 3117 3003 minus
3143 2950 3451 3024 probabile
3475 2956 3698 3013 videtur

2125 3033 2426 3093 Meinekio.
2457 3036 2729 3093 Mendose
2755 3035 2978 3109 Suidas,
3001 3037 3278 3107 Ειιάοοίει,
3299 3042 3696 3115 Andronicus,

2129 3120 2409 3201 Ἄφιέρων,
2444 3126 2680 3181 Antiatt.
2711 3142 2772 3197 p.
2814 3125 2946 3192 106,
2975 3123 3203 3182 Πλάτων
3233 3123 3582 3206 Ἀφιεροῧντι.

2202 3357 2406 3413 Athen.
2450 3375 2538 3427 ιο,
2565 3376 2627 3431 Ρ.
2664 3355 2799 3426 446,
2831 3358 2878 3413 Ε
2906 3377 2920 3412 :
2953 3353 3115 3415 ἐνίοτε
3143 3356 3196 3414 δὲ
3221 3358 3310 3415 καὶ
3349 3361 3698 3423 συστέλλουσι

2122 3441 2183 3500 τὸ
2213 3442 2334 3521 ι(ἰῐι
2357 3446 2549 3501 futuro
2577 3441 2858 3519 ἐκπίομαι)
2880 3484 2898 3515 ,
2924 3445 2994 3508 ὣς
3015 3444 3122 3505 Πλ.
3153 3446 3208 3501 ἐν
3226 3448 3360 3513 Ταῖς
3387 3448 3483 3527 ἀφ’
3505 3453 3658 3529 ἱερῶν

2235 3551 2386 3627 Οὐδ’
2421 3563 2591 3635 ὅστις
2625 3564 2808 3637 αὐτῆς
2837 3560 3109 3626 ἐκπίεται
3139 3561 3215 3627 τὰ
3245 3568 3564 3657 χρήματα.

2127 3693 2226 3747 His
2247 3692 2434 3747 notari
2459 3691 2686 3748 videtur
2709 3692 2902 3747 nescio
2925 3693 3052 3765 quis
3073 3690 3420 3767 demagogus
3437 3706 3546 3750 aut
3565 3696 3698 3751 belli

2125 3780 2241 3836 dux
2292 3798 2491 3837 avarus
2529 3780 2800 3854 justoque
2847 3782 3252 3855 sumptuosior.
3315 3806 3338 3829 α
3391 3782 3486 3838 Ad
3537 3783 3698 3853 αὐτῆς

2121 3869 2324 3944 Bergk.
2353 3869 2695 3925 Commentt.
2721 3887 2784 3942 p.
2812 3866 2950 3937 381,
2980 3868 3246 3923 subaudit
3269 3864 3494 3933 πόλεως.
3541 3896 3564 3921 n
3601 3874 3688 3931 M.

2877 3990 2932 4029 2.

2198 4086 2399 4141 Pollux
2438 4104 2526 4155 ιο,
2560 4102 2710 4157 190:
2739 4080 3177 4160 ἐπιπόρπαμα
3205 4080 3498 4161 2220«qu
3531 4084 3694 4153 σκευὴ

2119 4172 2210 4250 (h.
2242 4193 2290 4230 e.
2324 4174 2514 4231 vestis,
2539 4170 2657 4247 M.)
2679 4216 2695 4243 ‚
2727 4173 2796 4235 ὣς
2832 4170 2940 4229 Πλ.
2971 4170 3022 4226 ἐν
3051 4170 3185 4235 Ταῖς
3211 4172 3298 4249 ἀφ’
3321 4172 3364 4229 ἱ.
3411 4164 3416 4167 ’

2214 4328 2310 4339 --
2346 4290 2515 4355 Δότω
2555 4288 2736 4379 (τοι)
2771 4294 2882 4363 τὴν
2911 4290 3154 4381 κιθάραν
3181 4316 3276 4367 τις
3303 4281 3544 4356 ἕνδοὺεν

2214 4399 2315 4461 καὶ
2352 4394 2820 4487 τοῦπιπόρπαμ’.

452 4521 587 4597 γένει
620 4524 724 4597 (fr.
764 4522 905 4598 22),
934 4521 1065 4580 ὅπου
1088 4518 1179 4578 καὶ
1202 4520 1263 4578 τὸ
1293 4519 1579 4583 Πλάτωνος
1612 4518 1930 4599 παράκειται
1971 4520 2021 4588 ἐξ
2115 4528 2315 4581 Versus
2371 4546 2394 4581 1
2451 4528 2708 4582 lacunam
2760 4526 2991 4600 explens
3043 4524 3328 4597 Bentlejus
3379 4528 3564 4601 Epist.
3615 4528 3690 4582 :ul

453 4609 743 4677 Ἀδώνιδος.

2115 4614 2434 4668 Heinsterh.
2461 4634 2522 4688 Ρ.
2561 4614 2662 4683 73,
2688 4612 2822 4669 δότω
2857 4610 2944 4683 δὲ,
2978 4611 3221 4669 Porson.
3257 4613 3406 4671 Adv.
3447 4633 3511 4686 Ρ.
3549 4634 3666 4687 297

972 4732 3676 4743 -—---——-———-————————--0—-—-————-————-——————————-————-0-

450 4778 697 4833 omnium
733 4775 1054 4845 homimum
1080 4773 1178 4832 sed
1206 4774 1318 4831 duo
1341 4790 1464 4831 eum
1490 4776 1715 4833 numina
1735 4782 2013 4847 ceperunt,

452 4864 569 4920 hoec
591 4862 811 4935 quidem
832 4862 1031 4934 agitata
1051 4862 1343 4919 latentibus
1370 4862 1533 4918 remis
1554 4903 1569 4929 ,
1592 4862 1683 4918 ille
1698 4868 1877 4917 autem
1905 4862 2017 4931 agi-

1842 4951 2012 5017 [tous.

1212 5044 1263 5091 2.

449 5128 588 5181 'l'um
616 5140 795 5179 nonne
822 5122 953 5178 mihi
980 5123 1165 5196 pistilli
1192 5124 1542 5179 circumactio
1573 5122 1696 5180 fiet?

1202 5216 1252 5264 8.

450 5300 531 5353 De
560 5295 760 5353 lumbis
780 5305 959 5352 autem
981 5312 1166 5353 curam
1188 5294 1393 5353 nullam
1420 5294 1603 5353 habet.

2275 4794 2650 4849 MULIERES
2685 4798 2734 4849 A
2764 4794 3011 4849 SACRlS
3047 4795 3510 4850 REDEUNTFS.

2871 4930 2916 4977 1.

2110 5030 2222 5082 Nec
2245 5026 2338 5098 qui
2365 5025 2509 5081 illius
2531 5042 2660 5098 opes
2682 5027 2980 5082 exhauriet.

2857 5120 2912 5171 2.

2109 5206 2249 5258 Dato
2281 5202 2518 5273 (igitur)
2549 5202 2746 5274 aliquis
2773 5202 2922 5260 intus
2949 5202 3211 5257 citharam

2108 5298 2160 5346 et
2181 5290 2403 5362 pallium
2429 5290 2738 5350 libulatum.
