3809 5850
300 462 410 511 694

300 572 467 648 λιμός.
508 572 571 626 V.
624 566 691 622 13
745 562 922 634 ἔπτηξ’
964 564 1221 632 Casaub.;
1256 558 1453 629 έπίτηξ’
1487 562 1653 629 PVL;
1699 554 1863 613 ἔπειτ’

298 650 414 731 ἧξεν
440 660 508 731 G,
540 657 641 730 qui
664 652 879 716 ἕκαστος
903 647 1048 714 εὐθὺς
1069 650 1295 707 omittit.
1332 643 1591 718 Ἀληθινὸν
1618 663 1869 718 coquum

304 752 442 808 dicit
470 765 631 814 eum,
674 744 775 816 qui
814 740 1051 813 simplex
1091 750 1149 793 et
1190 738 1308 793 sine
1334 754 1550 811 pompa
1589 746 1647 790 et
1682 734 1870 808 speeie

302 841 553 897 inanium
572 834 884 901 accesserit,
900 840 964 884 ut
978 840 1127 883 recte
1146 827 1440 881 annotavit
1450 823 1690 882 Casauh.
1712 825 1776 880 V.
1802 820 1868 875 16

312 954 335 977 «ι
371 925 585 999 στόμιον
624 920 951 977 insolentius
977 916 1167 991 gulam
1198 914 1371 984 dixit,
1402 933 1517 987 quo
1544 930 1712 968 sensu
1737 908 1874 965 alias

306 1012 477 1089 στόμα
499 1013 757 1087 ponitur.
790 1008 905 1065 Nec
931 1016 1117 1060 tannen
1144 1010 1296 1057 recte
1325 999 1571 1056 Casaub.
1604 993 1867 1068 στόματα.

304 1106 539 1159 Sensum
566 1096 920 1171 sequentium
948 1093 1155 1166 optime
1179 1089 1449 1163 expressit
1474 1084 1708 1145 Grotius
1736 1106 1746 1137 :

384 1198 518 1237 nam
544 1180 711 1253 plane
734 1186 987 1231 extrema
1008 1182 1213 1225 nostrae
1242 1179 1323 1223 est
1350 1169 1485 1223 artis
1510 1166 1663 1221 linea
1682 1204 1700 1233 ,

388 1268 549 1342 quasi
586 1266 739 1320 circa
765 1270 1032 1337 portum,
1065 1268 1221 1312 recta
1250 1258 1309 1310 in
1352 1274 1413 1309 os
1436 1256 1745 1309 incurrere.

308 1356 467 1412 Idem
510 1352 804 1410 annotavit
834 1346 1256 1420 ambiguitatem
1304 1361 1420 1398 esse
1465 1344 1525 1396 in
1559 1358 1705 1395 voce
1750 1334 1875 1393 στό-

311 1464 406 1519 μια
430 1487 446 1518 ,
480 1460 603 1517 quae
640 1451 697 1495 et
734 1442 928 1494 ostium
946 1434 1211 1507 fluminis
1248 1428 1555 1506 significat,
1590 1439 1646 1483 et
1672 1446 1733 1482 ω·
1776 1424 1875 1479 ho-

311 1537 495 1590 mim‘s.
524 1530 759 1587 Rectius
786 1537 841 1581 et
870 1524 947 1581 ad
970 1523 1030 1579 h.
1066 1522 1105 1577 l.
1136 1518 1623 1576 accommodatius
1648 1515 1878 1570 dixisset

310 1641 368 1675 os
394 1632 607 1695 portus.
648 1616 736 1672 Cs.
772 1614 973 1670 Pollux
1008 1628 1062 1680 1,
1104 1625 1233 1676 1023
1270 1626 1328 1680 9,
1364 1606 1463 1663 28.
1492 1606 1879 1674 Ceterum‚ut

315 1710 583 1765 observat
626 1705 866 1769 coraes,
918 1694 1165 1774 ἐμπόριον
1222 1696 1317 1750 hie
1367 1690 1647 1768 significat
1686 1690 1876 1745 locum

310 1804 641 1853 mercaturae
668 1790 971 1860 idoneum,
997 1804 1121 1860 quae
1154 1802 1260 1859 per
1288 1800 1443 1838 mare
1470 1780 1555 1837 fit.
1592 1776 1757 1837 Πόλιν
1788 1774 1875 1833 ἐπὶ

318 1880 577 1962 ἐμπορίου
601 1875 848 1954 κειμένην
870 1872 1231 1931 dicitAthen.
1260 1870 1405 1925 infra
1430 1889 1488 1944 p.
1514 1867 1651 1936 526,
1680 1868 1754 1935 E,
1783 1866 1880 1919 lo-

314 1990 493 2047 quens
521 1971 592 2028 de
616 1967 929 2042 Byzanti03
960 1960 1114 2017 idem
1138 1970 1299 2015 sonat
1330 1960 1727 2014 Romanorum
1764 1972 1875 2010 em-

309 2067 549 2137 porium.
602 2058 679 2115 cf.
715 2057 935 2113 Vitruv.
980 2050 1037 2118 5,
1076 2068 1163 2104 ια.
1202 2052 1271 2105 V.
1304 2066 1379 2102 20
1410 2048 1437 2101 ὁ
1466 2040 1663 2119 διδοὺς,
1700 2063 1873 2114 socer,

314 2153 343 2207 ὁ
372 2146 682 2225 λαμὸάνων,
706 2161 897 2217 gener.
924 2163 948 2190 n
971 2139 1151 2193 Mein.
1178 2140 1246 2193 V.
1274 2154 1343 2191 21
1369 2135 1542 2208 vulgo
1564 2152 1614 2187 τ.
1644 2136 1885 2209 γυναῖκες

314 2237 418 2317 ἱέρ.
450 2240 516 2315 τῇ
553 2238 645 2313 θεᾷ
664 2274 682 2301 ,
721 2228 863 2300 θεοὶ,
892 2230 1005 2283 hoc
1026 2242 1329 2302 perperam
1353 2223 1569 2297 scripto
1598 2238 1711 2295 pro
1742 2218 1843 2296 θεῷ
1864 2259 1880 2286 ,

320 2327 483 2399 cujus
511 2320 903 2397 interpretatio
930 2324 1015 2371 est
1042 2319 1155 2391 θεᾷ.
1187 2312 1307 2370 Εἰσ’
1340 2321 1499 2366 recte
1524 2307 1783 2363 additum
1810 2306 1883 2362 ab

318 2414 611 2473 Erfurdtio
641 2411 877 2467 Observ.
900 2423 961 2479 p.
1000 2408 1139 2467 441.
1174 2403 1241 2456 V.
1276 2418 1348 2454 αα
1380 2393 1693 2474 κορύὸαντες
1714 2435 1732 2465 ,
1758 2397 1799 2453 i.
1827 2412 1883 2452 e.

320 2504 608 2561 temulenti
676 2498 1061 2553 comissatores
1076 2534 1091 2559 ,
1162 2508 1218 2543 v.
1284 2486 1537 2543 Lobeck.
1604 2483 1883 2558 Aglaoph.

319 2612 381 2668 p.
414 2610 437 2646 1
454 2610 475 2646 1
490 2588 589 2659 54,
611 2585 831 2642 aMein.
856 2583 951 2636 cit.
981 2604 1005 2629 «ι
1024 2571 1345 2651 Ἀναστροφὴ
1366 2570 1518 2628 idem
1538 2582 1621 2627 est
1631 2590 1695 2626 ac
1714 2576 1887 2624 circu·

322 2683 407 2735 lus
436 2675 589 2751 apud
614 2676 929 2737 Romanos,
949 2668 1127 2721 cer-cle
1146 2662 1300 2738 apud
1316 2662 1509 2719 Gallos
1526 2680 1543 2729 ;
1562 2674 1767 2731 nempe
1780 2677 1885 2733 po·

322 2769 579 2824 litiorum
611 2761 910 2818 hominum
965 2772 1315 2829 congressus.
1359 2751 1514 2805 Italis
1545 2748 1619 2805 ad
1652 2749 1891 2803 verbnm

325 2866 407 2913 est
428 2852 868 2910 conver-sasione.
900 2844 1192 2917 Neograeci
1228 2832 1652 2915 συναναστροφὴν
1688 2836 1891 2891 eodem

324 2953 600 3020 usurpant
619 2957 803 2996 sensu.
833 2959 858 2986 ν
888 2935 1114 2992 Comes.
1139 2930 1224 2988 Cf.
1248 2929 1435 2986 AEsch.
1464 2924 1769 2984 Eumenid.
1794 2922 1888 2980 23.

325 3037 391 3090 V.
405 3039 478 3098 αἱ.
503 3033 655 3094 τοῦτο
674 3026 843 3083 Mein.
866 3042 977 3100 pro
1010 3017 1175 3090 τουτί,
1190 3029 1363 3086 recte,
1377 3017 1515 3092 quia
1537 3011 1638 3085 -τὶ,
1660 3031 1778 3068 non
1793 3013 1891 3067 eli·

326 3119 577 3178 dendum
598 3159 615 3188 ,
638 3115 909 3172 abhorret
930 3129 963 3165 a
991 3117 1197 3184 quarto
1221 3104 1368 3181 pede
1392 3103 1621 3159 iambici
1657 3102 1883 3158 senarii.

327 3244 821 3310 INCERTARUM
888 3237 1353 3300 FABULARUM
1417 3233 1893 3292 FRAGMENTA.

409 3473 620 3533 Athen.
638 3488 699 3546 9,
732 3486 791 3543 p.
822 3465 961 3536 377,
988 3463 1031 3519 B
1060 3481 1075 3518 ι
1108 3458 1199 3518 καὶ
1226 3455 1349 3535 περὶ
1370 3454 1545 3534 ἑτέρου
1576 3452 1631 3511 δὲ
1646 3453 1899 3532 μαγείρου

332 3561 496 3638 ὄνομα
526 3553 582 3615 δέ
612 3557 723 3614 ἔστι
750 3549 982 3625 Σεύθης,
1012 3551 1041 3606 δ
1067 3544 1222 3612 αὗτός
1249 3565 1377 3624 φησι
1412 3537 1632 3612 ποιητὴς
1664 3537 1855 3612 οὕτως,

526 3711 623 3724 --
654 3663 900 3745 ἰδιώτης
932 3667 1117 3759 μέγας
1636 3652 1649 3669 “

480 3782 684 3855 αὐτοῖς
710 3781 743 3842 ό
767 3773 999 3850 Σεύθης.
1036 3764 1234 3837 Οἶσθα
1264 3758 1360 3854 δ’,
1393 3761 1441 3829 ὦ
1474 3759 1774 3848 βέλτισθ’,
1806 3765 1899 3830 ὅτι

476 3877 701 3976 ’ἀγαθοῦ
732 3885 1065 3972 στρατηγοῦ
1093 3869 1383 3966 διαφέρειν
1405 3863 1576 3936 οὐδὲν
1598 3861 1794 3937 δοκεῖ.

482 3991 564 4057 Οἱ
594 3989 873 4078 πολέμιοι
896 3983 1167 4075 πάρεισιν
1188 4007 1202 4020 ·
1223 3985 1254 4045 ὁ
1291 3977 1467 4064 βαθὺς
1500 3986 1580 4068 τῇ
1616 3979 1783 4066 φύσει

391 4093 429 4166 5
484 4094 815 4187 στρατηγὸς
848 4085 1053 4163 ἕστηκ’
1094 4083 1191 4172 ἂν,
1217 4087 1290 4152 τὸ
1322 4079 1555 4178 πρᾶγμ’
1584 4075 1849 4159 ἐδέξατο·

482 4201 768 4290 πολέμιός
798 4201 929 4263 ἐστι
954 4199 1072 4270 πᾶς
1090 4199 1123 4258 ὀ
1151 4191 1457 4283 συμπίνων
1484 4190 1699 4280 ὄχλος·

484 4312 638 4372 κινεῖ
658 4301 771 4397 γὰρ
807 4301 1009 4392 ἀθρόος
1036 4298 1203 4373 οὗτος
1227 4325 1239 4336 ·
1284 4296 1657 4368 εἰσελήλυθεν

1328 434 1567 495 NOVAE
1616 430 2028 494 GOMOEfflAE
2072 427 2484 503 REuQulAE.

2115 562 2185 622 ἐκ
2211 560 2392 622 πέντε
2419 556 2524 620 καὶ
2553 546 2684 649 δέχ’
2717 558 2952 644 ἡμερῶν
2979 551 3374 643 προηλπικὼς

2109 666 2183 729 τὸ
2211 658 2474 747 δεῖπνον,
2509 667 2694 753 ὁρμῆς
2733 658 2946 751 μεστὸς
2973 655 3083 743 ὢν,
3117 657 3530 745 ἐκλελυμένος,

1979 794 2061 838 10
2113 781 2332 863 τηρῶν,
2376 765 2517 835 πότ’
2557 767 2657 834 ἐπὶ
2685 764 2798 845 τὰς
2833 772 3035 859 χεῖρας
3067 761 3218 829 οἴσει
3247 788 3369 842 τις.
3401 762 3536 827 Νόει

2114 878 2301 967 ὄχλου
2333 878 2606 942 τοιούτου
2637 874 2850 965 ῥαχίαν
2877 870 3290 963 ἠθροισμένην.

1969 1044 2036 1097 V.
2061 1061 2084 1097 1
2110 1038 2210 1117 ἔφη
2228 1042 2378 1096 inter
2397 1034 2602 1106 ἰδιώτης
2621 1046 2678 1091 et
2693 1033 2856 1111 μέγας
2872 1035 3068 1090 inserit
3086 1037 3158 1107 A,
3187 1033 3290 1107 qui
3322 1030 3544 1099 σευῆθης

1976 1149 2031 1183 ν.
2053 1148 2108 1185 α.
2123 1118 2295 1186 Οἶσθα
2317 1128 2360 1183 δ’
2386 1112 2431 1183 ὦ
2449 1144 2555 1200 pro
2567 1114 2716 1181 οἶσθα
2737 1110 3043 1191 ιῖιῦτοτίιιε,
3067 1106 3310 1183 eicon&
3335 1122 3543 1175 Pierso-

1970 1238 2073 1274 nus
2094 1218 2168 1275 ad
2183 1218 2349 1276 Moer.
2367 1236 2428 1291 p.
2445 1214 2580 1273 283.
2598 1210 2716 1271 V.5
2737 1214 2870 1268 libri
2887 1206 3345 1287 ἕστηκεν(ἔσ-τηκε
3363 1209 3438 1283 C)
3459 1208 3542 1265 καὶ

1971 1305 2049 1364 τό.
2081 1306 2227 1362 Dedi
2254 1302 2431 1375 ἕστηκ’
2456 1302 2518 1360 ἄν
2549 1320 2564 1361 :
2590 1303 2701 1358 hoc
2723 1302 2870 1358 bene
2899 1300 3072 1356 habet
3095 1320 3112 1369 ;
3145 1297 3370 1369 ἕστηκεν
3389 1300 3543 1355 into-

1971 1396 2203 1450 lerabile
2225 1396 2284 1448 in
2319 1412 2547 1450 caesura.
2591 1394 2656 1449 V.
2700 1402 2730 1461 7
2766 1387 2898 1446 κἰνεῗ
2925 1388 3158 1446 Grotius
3193 1406 3306 1462 pro
3351 1388 3544 1460 inepto

1974 1480 2131 1539 πίνει.
2165 1508 2186 1531 u
2215 1482 2460 1539 Verbum
2494 1498 2566 1536 ex
2597 1497 2662 1535 re
2700 1479 2934 1534 militari
2973 1476 3231 1535 ductum.
3265 1473 3550 1548 Polybius

1979 1590 2035 1640 τι,
2077 1570 2150 1639 54
2185 1591 2199 1625 :
2237 1559 2378 1633 αὖθις
2423 1568 2484 1624 ἐκ
2525 1564 2684 1632 ποδὸς
2715 1564 2908 1636 ἐκίνει,
2955 1560 3260 1638 ποιούμενος
3297 1560 3402 1631 τὴν
3441 1582 3550 1617 πο-

1977 1657 2138 1736 ρείαν,
2170 1660 2240 1723 ὡς
2278 1658 2362 1714 ἐπ’
2388 1652 2676 1733 Ἀρκαδίαςζ
2711 1674 2742 1711 ο
2771 1654 2953 1714 Mein.
2979 1652 3204 1711 Ibidem
3237 1651 3378 1707 libri
3406 1668 3551 1725 prae-

1977 1758 2060 1801 ter
2088 1746 2132 1803 B
2163 1744 2373 1823 ἀθρόως.
2408 1748 2475 1799 V.
2517 1764 2556 1818 9
2577 1745 2657 1799 ita
2679 1741 2971 1811 Dindorf„
2997 1752 3063 1797 ut
3089 1742 3346 1816 primum
3371 1739 3556 1795 voluit

1975 1836 2216 1891 Meinek.
2276 1834 2410 1908 (qui
2439 1851 2592 1888 nunc
2630 1827 3052 1905 ἐκλελεγμένος).
3101 1829 3262 1884 libris
3303 1825 3381 1883 ὧν
3410 1827 3552 1883 desi-

1978 1925 2225 1982 deratur.
2282 1925 2347 1980 V.
2386 1941 2447 1976 11
2488 1918 2673 1997 ρακίαν
2707 1921 2830 1989 ΑΒ;
2881 1915 3092 1993 ρακείαν
3122 1919 3282 1972 PVL.
3319 1912 3556 1991 Ῥαχίαν

1978 2024 2132 2068 recte
2165 2009 2484 2085 Schweigh.

2711 2124 2763 2156 Ἄ.

2060 2263 2414 2320 Dicaearelius
2429 2264 2496 2319 V.
2523 2262 2704 2317 Graec.
2729 2260 2790 2313 in
2809 2258 3068 2316 Hudsoni
3087 2259 3300 2331 Geogr.
3327 2260 3472 2316 min.
3495 2278 3552 2330 a,

1980 2373 2040 2428 p.
2076 2352 2149 2408 23
2175 2370 2190 2409 τ
2215 2348 2294 2407 ὅτι
2314 2346 2368 2405 δὲ
2394 2356 2542 2405 πᾶσα
2559 2388 2576 2418 ,
2605 2344 2671 2416 ἣν
2692 2338 3158 2423 κατηριθμήμεθα,
3180 2342 3389 2409 Ἑλλάς
3411 2346 3556 2415 ἐστι,

1984 2444 2236 2518 μαρτυρεῖ
2261 2440 2389 2512 ἡμῖν
2421 2438 2448 2492 ὁ
2471 2436 2573 2493 τῶν
2601 2434 2891 2512 κωμῳδιῶν
2919 2430 3142 2503 ποιητὴς
3167 2434 3314 2492 Ποσ.
3351 2433 3555 2511 μεμφό-

1985 2549 2133 2604 μενος
2155 2522 2440 2593 Ἀθηναίοις
2461 2566 2476 2593 ,
2504 2522 2582 2579 ὅτι
2610 2521 2706 2591 τὴν
2736 2523 2906 2577 αὑτῶν
2949 2518 3122 2597 φωνὴν
3152 2518 3244 2577 καὶ
3273 2518 3372 2590 τὴν
3401 2520 3556 2578 πόλιν

1983 2614 2139 2694 φασὶν
2172 2610 2428 2677 Ἑλλάδος
2453 2599 2607 2685 εἶναι,
2645 2609 2812 2683 λέγων
2835 2606 3022 2683 οὕτως,

2085 2752 2286 2831 Ἑλλὰς
2327 2756 2431 2843 μέν
2473 2756 2600 2818 ἐστι
2621 2750 2749 2841 »μία
2769 2802 2786 2835 ,
2815 2751 3018 2825 πόλεις
3053 2742 3118 2814 δὲ
3147 2749 3448 2827 πλείονες·

2087 2865 2155 2930 σὺ
2187 2864 2291 2956 μὲν
2322 2852 2645 2936 ἄττικίζεις
2667 2908 2684 2938 ,
2710 2852 2866 2930 ἡνίκ’
2899 2848 2969 2921 ἃν
2999 2858 3196 2947 φωνὴν
3226 2858 3410 2950 λέγῃς

2087 2975 2272 3034 αὐτοῦ
2304 2974 2453 3048 τιν’,
2484 2966 2536 3030 οἱ
2561 2958 2622 3029 δ’
2647 2956 2909 3039 Έλληνες
2937 2957 3354 3054 ἑλληνίζομεν.

2085 3075 2160 3142 Τί
2191 3066 2664 3166 προσδιατρίὸων
2694 3061 3033 3144 συλλαὸαῒς
3069 3065 3177 3133 καὶ
3200 3068 3556 3159 γράμμασιν

1995 3176 2033 3246 5
2087 3184 2200 3252 τὴν
2243 3177 2646 3268 εὐτραπελίαν
2689 3174 2769 3252 εἰς
2799 3167 3024 3246 ἀηδίαν
3055 3171 3251 3267 ἅγειςς

1991 3338 2119 3419 πρὸς
2145 3338 2237 3414 μὲν
2263 3337 2380 3403 τοὺς
2398 3337 2495 3415 οὐχ
2509 3332 2979 3411 ὓπολαμὸοίνοντας
2993 3321 3126 3390 εἶναι
3145 3331 3242 3403 τὴν
3259 3333 3560 3392 Θετταλίαν

1992 3431 2086 3497 τῆς
2101 3425 2356 3492 Ἑλλάδος
2372 3469 2388 3497 ,
2417 3423 2531 3483 οὐδὲ
2555 3421 2676 3490 τοὺς
2697 3415 2998 3486 Θετταλοὺς
3023 3421 3337 3498 (”Ελληνας.
3369 3424 3482 3480 hoc
3501 3427 3562 3480 in

1993 3517 2152 3572 libris
2195 3515 2345 3570 forte
2388 3515 2711 3588 neglectum
2765 3523 2851 3567 est
2889 3521 3019 3568 ante
3061 3512 3245 3566 simile
3269 3508 3560 3580 “Ελληνος.

1991 3604 2198 3680 Both.)
2225 3599 2488 3670 Ἕλληνος
2525 3599 2814 3673 ἀπογόνους
2853 3596 3010 3678 ὄντας
3050 3596 3337 3668 ἑλληνίζειν
3359 3597 3448 3656 ἐπὶ
3475 3623 3562 3657 το-

1993 3693 2174 3748 σοῦτον
2197 3687 2438 3767 εἰρήσθω.
2477 3713 2500 3739 α
2530 3688 2818 3744 Thessalus
2845 3687 3050 3761 aliquis
3069 3724 3086 3754 ‚
3115 3696 3181 3742 ut
3202 3698 3472 3760 apparet,
3507 3689 3562 3742 in

1995 3793 2145 3836 terra
2173 3781 2356 3835 Attica
2377 3787 2574 3834 natum
2610 3778 2670 3832 in
2696 3777 2783 3831 his
2808 3772 3065 3832 versibus
3099 3776 3429 3848 alloquitur,
3461 3778 3564 3831 ait-

1994 3888 2106 3943 que
2139 3879 2206 3924 ut
2247 3869 2420 3924 Attici
2467 3863 2746 3930 ἀττικίζειν
2781 3865 2896 3920 dici
2931 3861 3209 3934 debeant,
3242 3883 3421 3938 quum
3465 3881 3564 3922 sua

1993 3959 2186 4031 lingua
2215 3965 2453 4009 utantur
2473 3994 2489 4022 ,
2533 3955 2613 4007 ita
2659 3963 2880 4007 ceteros
2912 3951 3140 4008 Grecos
3185 3947 3498 4018 ἑλληνίζειν.
3541 3979 3561 3999 .

1993 4045 2306 4100 Salmasius
2337 4042 2414 4098 ad
2447 4041 2626 4098 Solin.
2663 4058 2721 4113 p.
2769 4058 2901 4108 100,
2933 4040 2998 4096 F.
3031 4039 3216 4094 Immo
3245 4039 3334 4094 his
3377 4038 3568 4094 verbis

1994 4133 2220 4190 Graecus
2273 4128 2510 4206 aliquis,
2561 4147 2695 4185 cum
2731 4129 2927 4184 Attico
2975 4125 3344 4199 colloquens,
3399 4124 3567 4196 hujus

1993 4219 2263 4293 ineptiam
2284 4216 2670 4295 reprehendit,
2691 4215 2874 4271 Graeci
2887 4215 3063 4269 verba
3082 4214 3320 4288 propria
3341 4230 3462 4269 non
3487 4215 3566 4268 fe·

1995 4306 2198 4377 remia,
2249 4306 2352 4363 sed
2393 4306 2567 4361 attica
2617 4302 3013 4371 obtrudentis‚
3059 4316 3246 4373 eoque
3284 4301 3563 4375 colloquii

348 4421 3556 4460 Ν

703 4486 808 4541 Ex
835 4480 1166 4538 lNGERTlS
1206 4475 1527 4533 FABULlS.

1094 4569 1143 4618 1.

520 4690 591 4702 -
620 4659 853 4728 Magnus
870 4652 1037 4710 idiota

452 4750 560 4805 illis
591 4754 673 4802 est
694 4739 945 4800 Seuthes,
976 4739 1092 4798 scis
1118 4739 1265 4795 enim
1285 4780 1300 4805 ‚
1324 4735 1547 4808 optime,

450 4853 481 4894 a
506 4838 649 4892 bono
673 4835 811 4888 duce
832 4829 969 4886 nihil
993 4825 1216 4884 differre
1235 4821 1403 4882 videri
1430 4839 1687 4895 coquum..

449 4927 651 4981 Hostes
678 4921 919 4978 adsunt:
945 4917 1049 4974 alta
1080 4922 1263 4972 mente
1287 4909 1549 4988 praeditus

382 5019 413 5068 5
454 5011 563 5067 dux
582 5009 856 5076 consistit,
874 5021 991 5062 rem
1018 5004 1231 5076 accipit.

450 5097 639 5155 Hostis
655 5105 737 5152 est
750 5095 931 5152 omnis
949 5093 1103 5150 turba
1122 5097 1479 5163 compotans3

456 5193 639 5242 movet
663 5186 811 5240 enim
830 5183 949 5238 haec
973 5179 1216 5237 conferta
1238 5196 1255 5233 t
1284 5177 1503 5236 intravit

457 5270 524 5327 ad
552 5277 821 5342 speratam
859 5285 919 5324 ex
944 5269 1184 5340 quinque
1208 5275 1258 5324 et
1280 5263 1467 5323 decem
1497 5263 1688 5320 diebus

2103 4485 2316 4528 coenam
2335 4512 2351 4539 ‚
2375 4471 2610 4542 impetus
2633 4468 2791 4540 plena
2806 4507 2822 4532 ,
2847 4464 3134 4538 languida;

2003 4565 2068 4614 ιο
2105 4557 2400 4614 observans
2413 4597 2428 4624 ‚
2453 4553 2674 4628 quando
2693 4565 2890 4626 aquam
2925 4549 3176 4609 manibus
3196 4549 3465 4606 allaturus
3499 4553 3566 4606 sit

3101 4636 3356 4710 [aliquis.
3383 4639 3567 4710 Cogita

2109 4732 2288 4790 turbae
2307 4732 2434 4789 talis
2451 4739 2646 4788 aestum
2667 4728 2977 4786 collectum.

2745 4820 2798 4870 2.

2073 4906 2284 4964 Graecia
2307 4904 2528 4978 quidem
2555 4917 2661 4958 una
2684 4908 2800 4968 est;
2833 4897 2932 4956 sed
2949 4896 3114 4955 urbes
3133 4897 3348 4968 plures:

2070 5004 2132 5051 tu
2157 4992 2380 5066 quidem
2411 4989 2683 5046 atticissas
2703 5027 2718 5054 ‚
2739 4985 2788 5042 si
2809 4985 2993 5056 aliqua
3013 4997 3142 5040 voce
3164 4991 3262 5039 tua

2073 5083 2272 5148 uteris,
2307 5095 2407 5136 nos
2429 5085 2614 5136 autem
2647 5074 2834 5133 Graeci
2863 5073 3261 5145 graecissamus.

2071 5169 2213 5243 Quid
2227 5212 2242 5236 ,
2263 5167 2635 5225 adliaeroecens
2661 5165 2722 5220 in
2736 5160 2957 5235 syllabis
2979 5169 3036 5216 et
3057 5158 3250 5216 litteris
3263 5199 3280 5222 ,

2001 5267 2033 5316 5
2071 5258 2366 5328 agilitatem
2395 5255 2448 5312 in
2479 5251 2764 5311 fastidium
2794 5247 2997 5306 vertis?
