3809 5850
441 429 514 478 62
986 419 996 428 '
1433 423 1841 486 COMOEDIAE
1885 425 2219 488 VETERlS
2266 431 2667 504 RELIQUIAE.

437 571 600 608 usum
623 553 784 606 metri
813 555 1054 608 Cratinei
1084 555 1286 629 Bergk.
1319 558 1636 632 suspicatus
1658 570 1762 627 est,
1789 559 2003 616 Charo·

439 659 569 696 nem
580 637 796 696 τέκτονα
825 643 1223 718 intelligerem,
1247 661 1498 716 quocum
1516 647 1840 702 inimicitias
1860 665 2009 705 exer·

437 730 556 784 cuit
589 729 987 798 Archilochus,
1017 741 1156 786 teste
1197 732 1499 789 Aristotele
1541 734 1708 792 Rhet.
1745 737 1801 805 3,
1851 757 1939 808 17.
1978 763 2002 786 ο

440 817 490 870 Ε
514 817 601 872 M.

1171 927 1268 986 55.

517 1035 876 1094 Herodianus
913 1038 1115 1096 Philet.
1140 1057 1201 1113 p.
1234 1045 1340 1105 441
1377 1043 1552 1102 Piers.
1587 1061 1603 1101 t
1637 1037 1818 1120 Ἄρχει
1848 1042 2005 1113 Ἀθη-

435 1123 616 1190 ναίοις.
653 1124 741 1180 καὶ
772 1127 800 1181 ὁ
829 1127 930 1202 Κρ.
965 1150 990 1175 ι
1020 1121 1270 1202 Ἄρχων
1307 1125 1454 1200 εἰμὶ
1483 1133 1592 1185 νῦν
1637 1128 2011 1201 Ἀθηναίοις

437 1211 564 1288 ἐγώ
581 1255 594 1268 .
627 1239 651 1264 ι
682 1211 760 1269 ὅτι
780 1211 868 1269 καὶ
891 1210 1026 1270 κατὰ
1056 1210 1176 1279 τοὺς
1203 1213 1388 1288 νόμους
1409 1219 1444 1286 ἡ
1471 1215 1633 1294 ἀρχή.
1667 1221 1864 1275 Malim
1884 1216 2009 1300 Ἄρ·

435 1304 548 1378 χειν
582 1299 717 1370 Ἄθ.,
741 1313 798 1356 et
825 1303 884 1356 in
909 1319 1077 1358 versu
1108 1304 1321 1359 Cratini

537 1413 752 1517 Ᾰρχων
779 1423 870 1490 ἔτ’
913 1423 1044 1515 εἰμὶ
1074 1435 1172 1491 νῦν
1205 1419 1528 1505 Ᾰθηναίοις
1569 1430 1712 1520 ἐγώ,

433 1571 612 1625 quum
633 1547 706 1608 ἔτ’
741 1553 813 1608 ab
849 1550 893 1608 εἰ
916 1553 1084 1607 simili
1116 1553 1378 1610 haustum
1397 1573 1516 1611 esse
1538 1555 1822 1613 videatur.
1845 1557 2009 1612 Pier-

433 1659 606 1696 sonus
629 1633 714 1698 Ἄ.
743 1637 844 1716 γάρ
867 1639 993 1714 εἶμι,
1019 1653 1123 1698 etc.
1159 1667 1180 1690 ι
1209 1645 1298 1697 An
1325 1643 1472 1700 sorte
1499 1644 1617 1699 haec
1646 1645 1854 1718 scripta
1881 1656 2013 1701 sunt

433 1741 563 1788 ante
586 1730 768 1806 legem
798 1730 868 1787 de
897 1731 1190 1787 Archonte
1221 1732 1284 1787 in
1310 1749 1540 1790 scenam
1579 1751 1697 1790 nou
1739 1734 2009 1791 introdu-

429 1817 652 1874 cendo?
675 1841 698 1866 ι
727 1819 818 1876 Μ.

1175 1929 1248 1987 56

407 2096 424 2120 ,
514 2042 759 2115 Hoeych.
789 2035 1198 2116 Ἀνεξικώμη
1236 2064 1249 2098 ;
1281 2031 1344 2112 ἧς
1381 2041 1475 2098 οὐκ
1499 2039 1562 2098 ἂν
1599 2041 1882 2122 ἀνάσχοιτο
1910 2043 2007 2118 ὅλη

433 2128 613 2206 κώμη,
657 2126 805 2206 παρὰ
850 2125 1116 2208 Κρατίνῳ,
1155 2156 1182 2182 ι
1225 2131 1285 2187 h.
1331 2149 1385 2190 e.
1436 2131 1750 2188 secundum
1797 2135 2004 2210 Bergk.

433 2219 778 2277 Commentt.
817 2239 879 2294 p.
934 2217 1074 2291 255,
1120 2220 1348 2290 mulier,
1378 2238 1504 2294 quae
1531 2222 1623 2275 vel
1665 2223 1840 2277 totius
1871 2225 2007 2298 pagi

434 2308 712 2381 impetum
731 2317 790 2362 et
813 2307 1072 2362 convicia
1103 2308 1409 2376 sustineat·,
1441 2308 1532 2362 cui
1560 2309 1759 2364 similis
1781 2329 2005 2386 γεγωνο·

319 2449 334 2461 ,
433 2391 611 2467 κώμη,
641 2413 768 2467 quae
810 2413 1020 2470 pagiun
1061 2395 1315 2452 clamore
1363 2396 1583 2472 implet.
1625 2421 1650 2448 υ
1693 2399 1744 2452 Ε
1779 2399 1871 2454 Μ.
1914 2399 2001 2455 cf.

429 2481 763 2542 Schneider.
791 2483 926 2541 Lex.
955 2483 1018 2542 h.
1051 2501 1108 2537 v.

1170 2591 1265 2665 57.

511 2709 670 2764 Idem
701 2703 778 2765 ‘A
797 2708 890 2784 ψω
915 2725 928 2761 2
962 2705 1314 2784 προσιγγίσω,
1338 2704 1502 2778 δήσω.
1531 2710 1634 2786 Κρ.
1661 2713 1748 2766 Ita
1773 2713 2001 2772 Kiister.

431 2816 540 2872 pro
569 2796 704 2873 διψῶ.

1169 2906 1262 2965 58.

511 3024 672 3080 Idem
693 3020 833 3100 Βρέα
864 3042 876 3080 :
909 3024 1012 3101 Κρ.
1039 3020 1304 3100 μέμνηται
1327 3026 1426 3101 τῆς
1445 3025 1514 3093 εἷς
1539 3022 1710 3106 Βρέαν
1735 3025 1999 3095 ἀποικίας,

433 3109 546 3169 ἔστι
587 3109 644 3167 δὲ
669 3110 819 3177 πόλις
842 3108 1089 3190 Θρᾴκης,
1115 3113 1188 3177 εἷς
1216 3110 1280 3183 ἣν
1317 3112 1578 3185 Ἀθηναῖοι
1606 3115 1851 3173 ἀποικίαν
1881 3114 2003 3183 ἐξέ-

431 3220 661 3276 πεμπον.
689 3201 774 3257 Cs.
800 3202 995 3276 Steph.
1024 3203 1160 3275 Byz.
1185 3221 1240 3276 p.
1266 3202 1405 3273 243,
1423 3202 1524 3257 ubi
1543 3206 1814 3279 scriptum
1841 3204 2000 3282 Βρεά.

509 3432 666 3490 Idem
695 3430 921 3498 Διάλαος
953 3452 968 3492 :
997 3435 1046 3491 οἱ
1071 3432 1166 3509 μὲν
1200 3433 1472 3511 ἐπιμύλιον
1493 3434 1738 3512 δαίμονα·
1769 3436 1923 3495 ἄλλοι
1946 3436 2000 3495 δὲ

427 3522 638 3586 παιδιᾶς
667 3510 826 3591 εἶδος,
855 3524 908 3579 ἐν
928 3513 966 3599 ᾗ
990 3522 1286 3601 διαλέγουσι
1318 3524 1409 3591 τὰς
1432 3523 1654 3605 ψήφους.
1677 3523 1923 3603 βούλεταί
1946 3524 2000 3583 δὲ

426 3609 593 3687 λέγειν
621 3612 649 3666 ὁ
691 3612 796 3687 Κρ.
831 3610 918 3668 τὸν
946 3609 1171 3688 ἔσχατον
1205 3615 1308 3670 τῶν
1343 3610 1568 3691 πύρνων.
1613 3615 1871 3671 Fortasse
1918 3616 2003 3671 le-

427 3700 676 3773 gendum
698 3710 798 3766 est,
831 3700 1104 3756 audacius
1131 3700 1268 3757 ficto
1299 3703 1498 3771 verbu,
1523 3700 1757 3774 Διάλεος,
1775 3722 2004 3777 permo-

428 3790 582 3854 litus,
611 3787 686 3841 ab
715 3782 880 3855 ἅλὲω,
926 3786 1128 3855 ἀλῆθω.
1176 3791 1292 3845 Alii
1333 3791 1444 3845 alia
1483 3791 1998 3865 improbabiliora,

427 3893 552 3948 quae
577 3874 762 3931 sciens
779 3886 1078 3949 praetereo.
1965 3878 1971 3885 '

1163 3988 1260 4046 60.

507 4102 666 4161 Idem
693 4101 1084 4181 Δυσὸράκαν
1101 4124 1165 4159 ον
1201 4122 1214 4155 =
1248 4088 1511 4181 δυσχερές.
1537 4102 1777 4181 βράκανα
1804 4101 1905 4181 γὰρ
1930 4101 1998 4160 τὰ

425 4188 586 4268 ἄγρια
605 4188 835 4267 λάχανα·
865 4188 975 4246 ἔστι
1006 4188 1059 4247 δὲ
1087 4188 1110 4211 “
1136 4187 1407 4247 δύσπλυτα
1440 4188 1646 4267 (codex
1676 4184 1989 4267 δύσπλητα).

423 4275 566 4353 λέγει
589 4268 676 4335 οὖν
701 4282 728 4335 ὁ
757 4280 857 4357 Κρ.
881 4277 1322 4352 δυσκατανόητον,
1347 4276 1539 4339 οἱονεὶ”
1559 4276 1860 4351 δυσνόητον.
1891 4282 1995 4339 Le-

420 4386 556 4442 gam
588 4364 816 4424 δύσλυτα
843 4366 866 4444 (
887 4368 964 4447 τῷ
991 4366 1130 4426 λύειν
1166 4370 1456 4426 intellecto
1495 4368 1710 4427 πέπτειν
1727 4372 1774 4445 ),
1801 4366 1992 4427 δύσπε·

425 4477 574 4514 πτον.
597 4458 844 4513 Zonaras
875 4458 1012 4515 Lex.
1037 4454 1412 4537 Δυσόράκανος
1440 4476 1456 4518 :
1484 4455 1777 4529 δύσληπτος
1799 4458 1993 4533 (immo

423 4540 674 4608 δύσλυτος
699 4544 754 4619 ),
803 4542 1242 4616 δυσκατανόητος.
1289 4548 1458 4604 Mitto
1487 4548 1730 4604 aliorum
1762 4548 1995 4619 similia,

423 4633 582 4690 velut
615 4634 718 4690 Ms.
743 4634 1068 4710 Etymologi
1104 4636 1180 4698 M,
1216 4657 1277 4712 p.
1311 4655 1447 4711 291,
1478 4643 1577 4708 47,
1611 4632 1987 4712 δυσὸάρκανος.

427 4720 742 4794 Hesychius
782 4722 955 4778 etiam
993 4722 1220 4803 Βρακεῑν
1265 4722 1541 4803 (verbum
1575 4722 1941 4799 obsoletum)
1978 4741 1993 4781 :

423 4804 689 4879 συνιέναι,
725 4818 783 4863 et
809 4808 1034 4887 Βρακείς
1063 4830 1078 4865 2
1112 4810 1293 4875 συνείς.
1319 4812 1594 4888 Bergkius
1617 4805 1993 4887 δυσκάρὸανος,

422 4898 576 4953 male
597 4896 884 4955 barbarus,

886 5048 1217 5055 ——-——.
1252 5046 1677 5055 ——-——-.

1163 5119 1252 5169 Μ.

423 5197 686 5259 Chalcida
719 5208 908 5259 vocant
931 5199 1040 5269 dei,
1073 5200 1167 5258 viri
1197 5207 1379 5258 autem
1411 5200 1663 5257 securim.

2040 5132 2053 5261 Ι
2085 5202 2163 5257 Ut
2180 5200 2399 5258 axillam
2424 5200 2693 5273 erigamus
2717 5204 2921 5275 appeti,

2841 568 2935 624 61.

2184 673 2345 734 Idem
2386 680 2551 735 Δυσθ
2569 698 2602 733 α
2620 675 2735 747 λής
2794 697 2808 738 :
2863 677 3133 750 δυσαυξής.
3188 681 3288 760 Κρ.
3344 684 3637 739 Alexander

2103 765 2368 837 Myndius
2396 767 2599 822 Athen.
2646 765 2701 836 8,
2742 785 2803 840 p.
2834 767 2990 842 393,
3018 773 3089 837 A,
3124 769 3194 825 de
3231 779 3599 845 ortygometra
3626 791 3637 824 :

2104 845 2215 905 ἔστι
2233 851 2293 905 τὸ
2318 848 2529 925 μέγεθος
2550 851 2709 922 ἡλίκη
2734 853 2935 930 τρυγὼν
2952 897 2969 925 ,
2992 853 3153 925 σκέλη
3180 851 3235 912 δὲ
3255 854 3453 934 μακρὰ,
3472 857 3639 914 80⁶0«-

2104 935 2197 1006 λὴς
2218 935 2309 994 καὶ
2338 938 2484 1009 δειλή
2512 941 2528 1020 (
2549 941 2649 996 ubi
2676 940 2893 1000 Cratini
2913 946 3297 1000 testimonium
3324 946 3393 1002 de
3426 957 3638 1020 ortygo-

2103 1038 2282 1082 metra
2314 1025 2616 1104 affertur).
2657 1030 2827 1086 Haud
2867 1031 2988 1086 vidi
3010 1033 3203 1108 magis.
3240 1033 3411 1106 Quid,
3440 1053 3637 1106 quaeso,

2104 1133 2406 1171 commune
2431 1117 2647 1173 habent
2666 1115 2725 1174 τὸ
2745 1115 2993 1184 δυσθαλὲς
3012 1133 3071 1176 et
3087 1119 3147 1177 τὸ
3170 1120 3372 1177 δειλόνῖ
3393 1127 3639 1197 Apertum

2104 1215 2207 1274 est,
2237 1203 2497 1260 librarios
2522 1224 2735 1262 errasse
2766 1209 2825 1262 in
2845 1227 2991 1265 voce
3016 1209 3271 1279 δυσθαλὴς
3289 1255 3305 1284 ,
3338 1231 3441 1270 nec
3460 1213 3639 1268 dubito

2105 1293 2247 1363 quin
2292 1293 2617 1350 Alexander
2659 1296 2755 1351 ille
2794 1295 3008 1354 dixerit
3047 1297 3371 1377 δυσθαροὴς,
3414 1303 3561 1375 quod
3590 1303 3639 1355 in

2104 1378 2361 1457 δυσθαρὴς
2384 1392 2442 1437 οι
2466 1378 2727 1452 δυσθαλὴς
2756 1383 2984 1444 abierit.

2838 1507 2935 1565 62.

2182 1617 2341 1674 Idem
2369 1615 2789 1686 Ἑλλόποδας
2819 1640 2834 1676 :
2866 1623 2901 1690 ἡ
2928 1619 3061 1688 λέξις
3096 1620 3242 1702 παρὰ
3288 1620 3535 1702 Κρατίνῳ·
3559 1621 3635 1698 γε’-

2101 1725 2219 1778 γονε
2260 1703 2314 1761 δὲ
2340 1703 2490 1784 παρὰ
2516 1703 2634 1773 τοὺς
2674 1707 2882 1781 ἑλλοὺς,
2908 1707 3001 1766 καὶ
3040 1707 3180 1789 λέγει
3204 1713 3389 1776 κοινῶς
3428 1709 3534 1776 τοὺς
3568 1733 3635 1767 νε·

2104 1792 2284 1872 ὅρους,
2314 1795 2405 1852 καὶ
2432 1792 2551 1861 ’τοὺς
2578 1795 2853 1874 στρουθοὺς
2879 1795 2915 1868 ἢ
2950 1797 3183 1865 νεοττοὺς
3208 1797 3408 1879 ὄφεως,
3440 1797 3536 1856 ἀπὸ
3560 1802 3634 1855 τοῦ

2104 1881 2355 1939 ἅλλεσθαι
2404 1881 2492 1961 (ἲ).
2524 1883 2720 1942 Codex
2774 1883 3093 1952 Ἐλλόπιδας
3140 1887 3241 1944 sed
3284 1899 3437 1945 recte
3468 1891 3629 1960 Etym.

2102 1971 2178 2028 M.
2208 1991 2265 2045 p.
2294 1970 2433 2040 331,
2462 1969 2557 2042 35,
2605 1969 3011 2038 Ἐλλόποδες
3038 1971 3129 2030 καὶ
3152 1973 3299 2030 ἐλλοί
3322 1993 3336 2030 :
3362 1973 3409 2030 οἱ
3430 1971 3634 2051 στρουθοὶ

2100 2057 2190 2113 καὶ
2218 2058 2267 2114 οἱ
2306 2054 2514 2135 νεὸροὶ,
2554 2055 2662 2116 ἀπὸ
2687 2063 2779 2116 τοῦ
2814 2057 3089 2117 ἅλλεσθαι.
3120 2063 3323 2120 Monet
3354 2065 3537 2138 Mein„
3563 2064 3635 2119 ci·-

2104 2159 2221 2204 tans
2248 2151 2513 2208 Karsten.
2547 2167 2682 2209 ann.
2713 2149 2790 2208 ad
2816 2151 3217 2246 Empedoclem
3240 2171 3303 2228 p.
3327 2161 3459 2226 274·

2827 2271 2925 2332 63.

2180 2391 2339 2447 Idem
2372 2393 2417 2450 K
2434 2391 2503 2469 όρ
2520 2411 2637 2450 σακ
2654 2416 2668 2448 ι
2686 2417 2708 2459 ς
2738 2413 2753 2452 :
2786 2393 3000 2473 τράγος,
3026 2394 3173 2474 παρὰ
3200 2393 3467 2474 Κρατίνῳ.
3494 2393 3625 2451 Δίδυ-

2104 2501 2197 2554 μος
2216 2477 2404 2549 ἤκουεν
2430 2477 2535 2537 ἀπὸ
2562 2483 2655 2550 τῆς
2673 2479 2884 2558 κόρσης.
2918 2483 3120 2560 Κόρσαι
3147 2481 3251 2560 γὰρ
3277 2485 3370 2553 τ’ἧς
3400 2479 3627 2544 Κιλικίας.

2098 2568 2399 2624 Salmasius
2431 2566 2771 2644 Κορσάτης
2810 2569 3087 2647 τράγος,
3130 2595 3155 2622 α
3192 2571 3359 2646 quod
3390 2569 3631 2644 Didymus

2099 2657 2173 2711 ad
2203 2653 2457 2726 barbam,
2490 2653 2708 2735 κόρσην,
2730 2659 3044 2731 referebat3
3076 2662 3173 2716 alii
3202 2661 3279 2717 ad
3305 2660 3497 2719 Corsas
3519 2659 3631 2716 Cili·

2100 2748 2199 2800 ciae
2228 2745 2528 2820 oppidum.
2557 2749 2691 2803 Post
2715 2746 2912 2824 κόρσην
2934 2753 3085 2805 enim
3110 2750 3389 2806 excidisse
3414 2749 3626 2811 uidetur,

2102 2832 2251 2890 ἄλλοι
2280 2831 2335 2890 δὲ
2367 2831 2620 2899 Κιλίκιος.
2647 2839 2733 2892 De
2758 2839 2941 2913 capris
2962 2839 3172 2895 Ciliciis
3206 2857 3269 2897 v,
3318 2840 3444 2894 intt.
3486 2839 3629 2905 Hesy-

2096 2923 2211 2978 chii
2239 2923 2359 2979 vol.
2386 2943 2445 2992 α,
2474 2942 2536 2999 p.
2563 2921 2703 3000 258,
2732 2925 2830 2985 26.
2872 2950 2896 2977 ν
2928 2928 3019 2986 Μ.

2829 3046 2924 3113 64.

2174 3156 2337 3215 Idem
2364 3155 2547 3228 Κύὸη
2563 3158 2595 3215 λ
2612 3180 2627 3213 ι
2645 3180 2668 3223 ς
2696 3178 2710 3216 :
2738 3156 2868 3223 τινὲς
2892 3156 2993 3230 τὴν
3014 3161 3361 3237 τυροκνῆστιν
3390 3157 3451 3235 (ἶ)
3478 3152 3629 3235 φασίν.

2094 3240 2273 3310 ἔπαιξε
2299 3240 2352 3301 δὲ
2382 3244 2483 3322 Κρ.
2518 3242 2663 3323 παρὰ
2692 3243 2752 3301 τὸ
2777 3246 2974 3320 (iliad.
3016 3256 3102 3315 14,
3145 3266 3257 3322 291
3290 3248 3307 3321 )

2192 3360 2481 3435 Χαλκίδα
2500 3372 2891 3443 κικλήσκουσι
2916 3369 3061 3447 Θεοὶ,
3082 3361 3293 3461 ἄνδρες
3313 3360 3383 3434 δὲ
3406 3363 3435 3397 ’“
3456 3370 3631 3457 κύμιν-

3526 3466 3625 3537 διν.

2091 3610 2235 3664 Vere
2260 3610 2517 3668 Lobeck.
2548 3610 2832 3685 Aglaoph.
2859 3630 2919 3685 p.
2954 3610 3092 3681 863,
3126 3608 3420 3670 Cratinum
3447 3609 3515 3666 κύ
3530 3606 3559 3664 6
3570 3632 3626 3675 η·

2091 3696 2123 3753 λ
2138 3718 2155 3752 ι
2167 3717 2196 3751 ν
2220 3694 2528 3754 Homerico
2547 3698 2835 3753 vocabulo
2851 3695 3087 3772 κύμινδιν
3106 3699 3453 3756 substituisse
3468 3706 3626 3775 putat,

2091 3785 2250 3857 quod
2279 3784 2627 3861 adscriptum
2650 3786 2847 3841 offecit
2882 3786 2983 3846 illi.
3022 3784 3269 3844 Χαλκίδα
3298 3788 3532 3844 servavit
3558 3786 3629 3839 vir

2092 3872 2479 3942 doctissimus,
2526 3876 2798 3947 quoniam
2828 3870 3035 3951 χαλκὶς,
3063 3892 3173 3949 pro
3198 3878 3423 3932 ratione
3450 3874 3624 3948 etymi‚

2090 3978 2185 4017 vas
2212 3963 2301 4017 vel
2348 3962 2786 4018 instrumentum
2826 3980 3041 4019 aeneum
3089 3962 3411 4039 significare
3451 3970 3627 4037 potest,
3724 4000 3726 4012 .

2088 4058 2153 4105 ut
2173 4046 2358 4127 χρυσὶς
2379 4066 2611 4107 aureum
2626 4092 2644 4120 ,
2676 4048 2889 4128 ἀργυρὶς
2909 4060 3257 4127 argenteum.

2820 4170 2918 4229 65.

2166 4284 2327 4341 Idem
2358 4283 2669 4363 Μασχάλην
2694 4282 2859 4363 αἴρειν
2894 4306 2907 4343 :
2935 4286 3321 4386 κωθοζνίζεσθαι
3344 4283 3433 4343 καὶ
3460 4283 3623 4339 πίνειν·

2182 4402 2265 4486 ὸς
2290 4406 2413 4475 ἄνω
2432 4414 2541 4485 τὴν
2576 4410 2897 4504 μασχάλην
2914 4411 3175 4504 αἴρωμεν
3192 4404 3619 4501 ἐμπεπωκότες.
3718 4446 3720 4449 <

2089 4542 2141 4600 ἓν
2168 4542 2241 4621 τῷ
2280 4536 2486 4618 μεθύειν
2530 4540 2695 4622 αἴρειν
2745 4545 2853 4603 ἅνω
2890 4545 2987 4617 τὴν
3024 4544 3312 4624 μασχάλην
3348 4540 3621 4605 εἰώθεισαν,
3716 4616 3718 4621 1

2085 4629 2176 4688 καὶ
2216 4628 2384 4707 λέγειν
2414 4630 2697 4711 μασχάλην
2740 4631 2905 4712 αἴρειν
2948 4634 3065 4691 ἀντὶ
3099 4638 3190 4691 τοῦ
3218 4631 3519 4699 κωθωνίζειν
3548 4625 3623 4684 καὶ
3716 4632 3718 4635 ⁴

2086 4724 2504 4794 καταμωκᾶσθαῑ
2552 4726 2667 4785 ταῖς
2709 4722 2919 4801 χερσὶν,
2964 4710 3069 4780 οἶόν
3110 4724 3222 4779 ἐστι
3261 4718 3358 4778 καὶ
3404 4716 3459 4775 τὸ
3498 4712 3621 4792 παρὰ
3708 4758 3717 4785 ⁴

2087 4805 2312 4887 Ὁμήρῳ
2358 4808 2592 4883 (Οᾱῖδὸι
2646 4811 2735 4880 18,
2763 4806 2885 4889 99)
2914 4816 3143 4889 χεῖρας
3182 4804 3621 4885 ἀνασχόμενοι-

2084 4898 2302 4956 Zenob.
2336 4896 2395 4967 5,
2430 4918 2459 4967 7
2480 4938 2497 4967 ,
2536 4897 2840 4976 Μασχάλην
2872 4898 3034 4978 αἴρειν
3064 4920 3076 4956 :
3110 4896 3224 4956 ἀντὶ
3247 4900 3335 4955 τοῦ
3362 4892 3620 4957 κωθωνίζε-

2828 5122 2917 5171 65.
