3809 5850
376 528 487 579 10⁰

1355 512 1771 575 comOEmAE
1808 508 2138 573 vmms
2179 460 2599 581 namnum.

370 648 580 724 ἀγῶσιν.
632 646 831 703 Postea
882 664 1019 701 vero
1068 630 1345 717 ejusmodi
1389 646 1757 720 largitionum
1802 660 1937 699 usus
2035 640 2234 699 Kuhn.
2267 640 2341 697 ad
2373 640 2662 697 Pollucem
2691 639 2752 709 6,
2788 637 2894 695 1οό
2931 659 2944 694 :
2987 663 3012 689 ιι
3047 640 3211 717 Λῆροι
3236 640 3490 697 Cornicis
3509 642 3601 697 di-

368 736 592 791 videtur
629 734 998 807 obsolevisse,
1038 752 1143 789 nec
1187 732 1351 788 facile
1390 731 1625 787 bellaria
1664 729 1938 787 comede-

368 823 505 879 bant
522 831 836 899 spectantes
852 823 957 877 nisi
978 822 1075 895 qui
1102 822 1207 895 ipsi
1235 830 1647 894 apportassent,
1678 830 1735 874 et
1758 838 1938 892 quum

370 910 555 967 futiles
574 911 877 967 histriones
904 919 1135 983 agerent
1180 928 1192 961 z
1230 927 1287 965 v.
1334 908 1569 966 Aristot.
1607 908 1737 963 Eth.
1766 908 1936 961 Nico-

366 998 555 1055 mach.
596 1016 689 1073 10,
726 996 783 1057 5.
815 1016 876 1053 ι).
910 996 1075 1053 conf.
1111 992 1300 1073 Λήρων
1332 994 1403 1050 fr.
1440 994 1495 1051 5.

1109 1109 1200 1164 18.

451 1204 679 1291 Suidas,
721 1215 995 1297 Ἄπερρε
1044 1240 1059 1278 :
1121 1217 1471 1299 ἀποφθᾶρηθι.
1520 1218 1610 1276 καὶ
1654 1216 1870 1297 ἔρρων
1896 1236 1933 1272 ·:

370 1305 717 1387 φθειρόμενος.
749 1308 829 1369 Φ.
873 1309 978 1385 Κρ.

465 1426 644 1529 Ζητῶ
671 1426 984 1519 περιέρρων
1021 1426 1198 1493 αὐτὸν
1234 1418 1582 1507 ἐξῖωθινοῢ.

374 1562 589 1619 Eadem
615 1562 788 1619 habet
818 1581 873 1622 v.
902 1558 1229 1641 Περιέρρων.
1257 1562 1419 1620 Libri
1454 1562 1573 1636 ejus
1613 1560 1815 1632 ζητῶν,
1842 1558 1944 1617 sed

370 1668 615 1727 gramm.
646 1650 889 1709 Bekkeri
914 1654 1023 1708 An.
1052 1670 1111 1726 p.
1144 1662 1281 1721 422,
1306 1670 1367 1721 7,
1388 1660 1545 1707 recte
1573 1650 1738 1720 ζητῶ.

1115 1784 1140 1821 1
1196 1809 1209 1823 .

452 1882 639 1955 Etym.
664 1882 747 1939 M.
774 1900 836 1956 p.
860 1880 1001 1950 243,
1034 1886 1130 1953 24,
1150 1782 1209 1937 Ξῖ
1235 1880 1377 1937 Zon.
1420 1898 1473 1951 1,
1507 1899 1567 1954 p.
1602 1876 1718 1955 459
1746 1897 1761 1934 2
1789 1874 1944 1955 εὕρη-

372 1989 461 2025 ται
483 1964 540 2025 δὲ
563 1964 711 2047 παρὰ
742 1965 1068 2046 Φερεκράτει
1091 1972 1126 2040 ἦ
1154 1964 1417 2039 αἷτιατικὴ
1446 1964 1557 2036 τὴν
1586 1963 1810 2043 γυνὴν,
1836 1954 1944 2023 οἷον

471 2078 554 2163 ὸς
589 2082 819 2153 ἄτοπον
853 2084 926 2160 ἦν
956 2086 1057 2152 καὶ
1088 2082 1297 2179 μητέρ’
1334 2079 1479 2151 εἶναι
1495 2134 1513 2169 ,
1549 2082 1651 2151 καὶ
1681 2087 1892 2177 γυννῖνέ

375 2210 464 2269 καὶ
494 2212 603 2273 alt.
624 2215 730 2271 τῶν
748 2215 1112 2284 πληθυντικῶν
1140 2238 1163 2265 α
1191 2212 1355 2272 Ἀλλ’
1382 2215 1507 2292 ὁρῶ
1540 2211 1652 2279 τὰς
1673 2210 1885 2290 γυνάς.
1917 2236 1943 2263 ¹·

374 2303 696 2359 Posteriore
735 2304 869 2360 loco
907 2304 1120 2360 scribas
1152 2314 1283 2378 apte
1309 2302 1383 2359 ad
1409 2302 1811 2378 complendum
1844 2320 1945 2357 se-

373 2392 600 2447 narium
630 2388 769 2449 'An’
810 2391 915 2471 ὁρῶ
939 2387 1038 2469 ’γὼ
1064 2389 1160 2456 τὰς
1186 2411 1259 2466 γ.,
1283 2394 1479 2467 priore
1500 2392 1779 2449 versiculo
1808 2390 1944 2446 libri

375 2475 475 2542 Ὡς
505 2475 697 2536 ἄτοπόν
718 2478 829 2535 ἐστι
851 2477 941 2536 καὶ
968 2503 1044 2554 u„
1068 2489 1205 2551 etc„
1230 2481 1291 2535 in
1313 2481 1520 2553 quibus
1542 2478 1653 2537 ἐστὶ
1670 2481 1950 2553 interpre-‘

376 2568 649 2623 tationem
671 2586 787 2625 esse
808 2569 1059 2625 arbitror
1080 2570 1172 2625 τοῦ
1198 2558 1263 2639 ἦν
1289 2586 1399 2643 pro
1427 2571 1639 2626 aoristo
1663 2570 1941 2643 usurpati,

377 2673 491 2728 qua
512 2655 585 2711 de
603 2674 667 2712 re
691 2656 767 2713 ad
786 2654 962 2733 Ἀγαθ.
984 2658 1053 2712 fr.
1089 2676 1113 2712 1
1138 2676 1154 2726 ;
1178 2675 1283 2713 nec
1300 2659 1529 2731 placent
1552 2660 1652 2732 qui
1672 2659 1831 2731 prius
1853 2655 1945 2714 καὶ

378 2742 711 2801 deleverunt
728 2763 965 2803 auctore
986 2748 1176 2804 Koen.
1206 2745 1279 2801 ad
1296 2746 1531 2822 Gregor.
1557 2746 1689 2803 Cor.
1713 2766 1773 2822 p.
1804 2744 1942 2815 345.

377 2834 618 2892 Antiatt.
648 2852 713 2907 p.
746 2833 843 2903 86,
890 2852 984 2910 12,
1012 2830 1176 2893 Γυναί
1220 2854 1233 2888 :
1276 2833 1392 2889 ἀντὶ
1418 2836 1509 2891 τοῦ
1542 2839 1799 2909 γυναῖκες.
1830 2833 1945 2892 Φι-

377 2917 628 2990 λιππίδης
657 2917 1095 2989 Ἀδωνιαζούσαις.
1130 2922 1212 2984 Φ.
1254 2922 1358 2999 Κρ.
1384 2920 1497 2992 τὴν
1526 2918 1757 2999 γυνήν.
1803 2924 1946 2998 Epi-

380 3027 517 3067 mer.
566 3012 805 3068 Homer.
849 3014 1102 3070 Cramer.
1144 3031 1205 3087 p.
1251 3030 1359 3067 102
1376 3053 1393 3082 ,
1431 3030 1499 3069 12
1534 3031 1549 3066 2
1580 3007 1772 3089 ἔχομεν
1798 3007 1945 3089 παρὰ

380 3095 709 3174 Φερεκράτει
754 3095 867 3168 τὴν
896 3095 1090 3174 γυνὴν
1138 3095 1454 3168 αἷτιατικήν.
1490 3101 1680 3172 Quare
1722 3117 1948 3156 versum

378 3183 454 3240 ad
474 3185 626 3242 hunc
650 3184 897 3242 fabulam
924 3187 1119 3242 retulit
1138 3189 1309 3243 Mein.

1116 3316 1211 3354 2ο.

457 3411 695 3467 Antiatt.
726 3409 916 3485 p.·89‚
950 3411 1043 3484 30,
1068 3413 1475 3490 Δυσημερεῖν
1510 3411 1634 3471 εΦ.
1664 3411 1765 3488 Κρ.

1114 3542 1209 3585 21.

458 3634 549 3692 Ad
579 3634 818 3692 eandem
843 3635 1093 3692 fabulam
1126 3636 1369 3694 Meinek.
1392 3647 1450 3693 et
1477 3636 1755 3692 Dobraens
1778 3646 1947 3693 retu-

381 3723 575 3777 lerunt
603 3723 844 3796 glossam
875 3720 1067 3778 Photii
1103 3743 1163 3797 p.
1196 3723 1334 3798 314,
1374 3723 1445 3779 18
1493 3743 1507 3780 :
1554 3721 1824 3782 ’06ολοῦ
1853 3722 1950 3802 χί-

384 3807 565 3885 μαιρ’
595 3807 657 3864 ἐν
683 3805 893 3892 ᾍδου.
916 3835 941 3858 ¹·
968 3809 1112 3866 Vide
1140 3809 1295 3864 dicta
1318 3811 1506 3865 initio.

977 3935 1054 3988 X.
1104 3932 1355 3992 AHPOI.

1135 4055 1145 4070 Ι

1144 4084 1195 4123 1.

461 4202 695 4259 Photius
714 4221 771 4276 p.
800 4199 939 4278 366,
975 4221 1037 4273 2,
1069 4194 1354 4280 Ὄχθοιὸος
1384 4223 1397 4258 ;
1426 4201 1603 4277 λῶμα.
1636 4201 1716 4261 Φ.
1746 4199 1953 4280 Λήροις·

478 4319 726 4412 Μίτραν
754 4322 1041 4414 ἁλουργῆ,
1070 4321 1373 4414 στρόφιον,
1398 4315 1701 4416 ὅχθοιὸον,
1735 4322 1946 4386 κτένα.

1128 4545 1212 4595 18.

384 4625 583 4693 Quaero
602 4621 761 4679 illum
778 4622 1215 4681 circumcurrens
1236 4640 1266 4681 a
1296 4641 1475 4681 mane.

1122 4716 1208 4766 19.

396 4799 567 4862 Quam
588 4793 883 4852 absurdum
905 4804 959 4853 et
988 4806 1217 4854 matrem
1242 4813 1359 4855 esse
1381 4806 1437 4855 et
1456 4800 1771 4856 mulierem!

386 4904 475 4953 20.
505 4897 842 4955 InfelicitarI.

384 5005 473 5056 21.
505 4999 669 5057 Oboli
690 4999 951 5057 ehimaera
977 5002 1035 5057 in
1060 5003 1233 5060 Orco.

1046 5108 1287 5165 NUGAE.

1144 5199 1167 5249 1

386 5275 605 5336 Mittam
634 5295 994 5354 purpuream,
1023 5237 1365 5354 stropbium,
1397 5285 1704 5357 fimbriam,
1738 5299 1950 5362 pecten.

2031 739 2240 785 cuntur
2265 726 2549 803 quidquid
2579 728 2640 783 in
2660 727 2881 784 mundo
2911 728 3177 784 muliebri
3201 740 3464 785 censetur
3493 750 3602 785 nu-

2031 818 2320 891 gatorium
2343 825 2402 871 et
2421 814 2579 886 justo
2604 816 2952 888 exquisitius.
2982 816 3170 871 Latini
3193 817 3398 872 imitati
3421 836 3604 889 nugas

2031 903 2230 959 dicunt
2263 922 2275 957 :
2305 922 2360 961 v,
2391 902 2612 960 Nonius
2632 902 2692 957 in
2723 903 3102 978 Nugivendus.
3139 927 3166 953 n
3211 904 3390 960 Addit
3424 906 3598 960 Mein.

2035 988 2224 1066 Λήρων
2247 990 2294 1046 οἱ
2320 986 2532 1066 χρύσεοι
2557 986 2791 1065 κάλαμοι
2815 1008 2884 1046 ex
2907 990 3137 1064 Hedylo
3159 992 3407 1051 Brunck.
3438 995 3599 1049 Anal.

2031 1098 2092 1153 p.
2131 1078 2267 1148 483,
2287 1078 2390 1134 ubi
2422 1097 2482 1136 v.
2516 1096 2663 1151 quos
2685 1078 2880 1135 laudat
2901 1079 3218 1139 Jacohsius.

2789 1207 2844 1248 2.

2111 1302 2274 1359 Idem
2309 1320 2372 1376 p.
2417 1300 2549 1372 188,
2583 1319 2682 1371 2ο,
2715 1297 3101 1379 Κυντερώτατα
3135 1320 3148 1360 2
3194 1300 3286 1359 καὶ
3327 1301 3606 1361 κυντατώ-

2034 1410 2170 1446 τατα
2197 1385 2458 1465 λέγωσιν.
2483 1384 2748 1455 Εὗὸουλος
2773 1387 3130 1468 Παρμενίσκῳ
3145 1410 3162 1425 ·

2114 1499 2241 1559 Ἀπὸ
2268 1502 2370 1559 τῶν
2399 1497 2595 1559 ἐκείνω
2615 1498 2708 1559 καὶ
2730 1498 2798 1559 τὰ
2821 1498 3221 1563 κυντατὼτατα.

2034 1616 2178 1693 Φερ.
2211 1617 2282 1676 A.

2131 1721 2332 1799 Emtss’
2365 1734 2540 1825 ἕτερα
2569 1733 2802 1798 τούτων
2837 1740 3132 1799 ποιοῦντα
3161 1729 3367 1799 πολλὰ
3399 1758 3612 1800 κυντε-

3389 1842 3606 1932 ὠτερα.

2038 1966 2436 2047 Κυντερώτερος
2481 1968 2794 2029 Meinekius
2833 1969 3062 2027 confert
3109 1988 3242 2027 cum
3277 1867 3614 2049 ἀμῖινότερος

2038 2078 2134 2135 ap.
2166 2060 2568 2115 Mimnermum
2581 2100 2602 2127 ,
2646 2069 2705 2116 et
2745 2056 3140 2137 προτεραίτερος
3175 2059 3334 2133 apud
3382 2060 3610 2119 Aristo-

2038 2148 2286 2223 phanem
2313 2150 2413 2221 Eq.
2445 2166 2470 2203 1
2486 2147 2617 2204 162.
2642 2149 2928 2204 Porsenna
2952 2142 3180 2206 Ἔπειτα
3207 2144 3431 2226 χᾶτερα.

2797 2258 2850 2316 3.

2122 2370 2325 2429 Athen.
2357 2368 2417 2440 3,
2448 2389 2511 2445 p.
2544 2367 2646 2444 95,
2677 2371 2754 2440 D,
2777 2369 2878 2425 ubi
2898 2368 3067 2426 affert
3087 2372 3340 2446 exempla
3361 2373 3620 2429 nominis

2039 2455 2228 2537 ῥύγχος
2251 2476 2286 2514 a
2313 2461 2500 2533 poetis
2525 2459 2726 2518 Atticis
2751 2461 3011 2535 usurpati
3049 2478 3062 2513 ε
3096 2458 3233 2536 Φερ.
3256 2460 3324 2518 A.

2135 2571 2216 2652 ὡς
2245 2575 2381 2668 οὐχὶ
2409 2573 2583 2641 τουτὶ
2613 2578 2830 2667 ῥύγχος
2866 2576 3136 2667 ἀτεχνῶς
3167 2576 3288 2642 ἔσθ’
3321 2576 3450 2654 ὑός.

2794 2708 2854 2767 [ι.

2119 2811 2280 2867 Idem
2303 2812 2362 2882 6,
2387 2830 2448 2886 p.
2475 2810 2612 2881 228,
2639 2814 2712 2882 D,
2741 2821 2797 2868 et
2816 2812 3022 2868 omisso
3041 2814 3272 2869 nomine
3343 2825 3489 2871 oetae
3511 2817 3626 2870 Eu-

2039 2899 2210 2958 stath.
2233 2899 2306 2956 ad
2331 2900 2526 2974 Odyss.
2547 2918 2604 2975 p.
2638 2898 2808 2972 1862,
2835 2899 2936 2960 18:
2953 2898 3174 2977 τήγανον
3196 2900 3262 2972 δ’,
3285 2924 3330 2959 ω
3353 2898 3624 2980 βέλτιστε,

2041 2984 2245 3065 εἴρηκεν
2275 2987 2330 3044 ἐν
2359 2985 2455 3062 μὲν
2481 2984 2678 3065 Λήροις
2707 2985 2845 3065 Φερ.
2879 2983 3074 3052 οὕτως·

2139 3097 2278 3169 Axe>
2305 3100 2568 3195 τηγάνου
2599 3108 2658 3168 τ’
2693 3101 2914 3195 ἔφασκε
2945 3099 3128 3195 (τὰς)
3157 3104 3345 3195 ἀφύαις
3383 3112 3626 3200 φαγεῖν.

2041 3234 2200 3292 Libri
2245 3231 2466 3311 ἔφασκεν
2497 3231 2590 3312 ἀφ.
2621 3253 2677 3311 φ.
2707 3234 2864 3290 Fort.
2887 3233 3100 3290 excidit
3127 3231 3242 3299 τάς.
3283 3235 3636 3294 Dindorfius

2049 3318 2324 3398 Ἔφασκεν
2342 3317 2512 3398 ἀφύας
2539 3317 2602 3376 ἂν
2631 3319 2838 3398 φαγεῖν,
2865 3323 3146 3378 occultata
3173 3340 3318 3379 voce
3338 3319 3536 3400 ἀφύας.

2799 3435 2857 3495 5.

2123 3549 2283 3604 Idem
2319 3545 2496 3621 15‚p.
2530 3545 2670 3619 690,
2706 3548 2760 3602 D
2797 3566 2808 3600 ε
2848 3543 3082 3624 βρενθίου
3115 3543 3170 3602 δὲ
3195 3543 3362 3626 μύρου
3399 3571 3639 3625 μνημο-

2041 3633 2178 3693 νεύει
2198 3635 2338 3713 Φερ.
2359 3635 2411 3690 ἐν
2437 3635 2504 3692 Λ.
2531 3630 2719 3699 οὕτως·

2145 3745 2342 3823 Eat-nv
2372 3741 2443 3815 δὲ
2477 3749 2822 3833 κάκέλευον,
2855 3779 2888 3814 α
2920 3744 3230 3843 Ἐγχέασθε
3255 3762 3372 3838 νῷν

2150 3859 2464 3951 βρένθειον,
2492 3859 2588 3923 ἵνα
2613 3865 2741 3934 τοῖς
2782 3857 2970 3925 ἰοῦσιν
3002 3860 3222 3951 ἐγχέω.
3267 3884 3301 3918 >2

2048 3987 2161 4042 Pro
2196 3986 2309 4041 hoc
2344 3984 2539 4040 malim
2577 3982 2779 4059 ἐγγυῶ,
2815 3985 3064 4051 tradam,
3112 4004 3229 4058 quo
3267 3983 3648 4060 significetur

2049 4091 2172 4129 mos
2199 4083 2491 4148 unguenta
2511 4115 2527 4144 ,
2559 4074 2706 4128 sicut
2727 4073 2924 4128 vinum
2947 4082 3004 4128 et
3030 4072 3264 4130 bellaria
3279 4113 3298 4143 ,
3321 4075 3644 4147 praebendi

2049 4160 2480 4216 advenientibus
2499 4159 2789 4231 convivis;
2809 4159 2880 4216 cf.
2903 4159 3082 4236 Κραπ.
3097 4159 3166 4218 fr.
3191 4159 3281 4216 15.
3303 4163 3468 4218 Libri
3489 4169 3644 4228 Ath.

2050 4245 2334 4325 ἐγχέασθαι
2373 4249 2474 4326 νῷν
2506 4244 2668 4323 μύρον
2701 4245 2930 4324 βρένθιον
2959 4243 3048 4303 ἵνα
3077 4269 3128 4306 τ.
3165 4268 3210 4307 ε.
3245 4247 3450 4326 ἐγχέῃ,
3499 4273 3647 4326 qua»
3751 4257 3753 4260 ⁴

2051 4347 2118 4391 ut
2143 4337 2309 4411 posui
2336 4337 2589 4392 correxit
2615 4336 2864 4394 Meinek.
2891 4339 3014 4412 Ego
3046 4354 3185 4392 vero
3213 4342 3584 4398 correxerim
3624 4364 3642 4398 z

2796 4541 2830 4590 2

1990 4681 1998 4711 ί
2047 4621 2186 4676 Dein
2210 4619 2312 4676 alia
2337 4619 2512 4676 multa
2537 4577 2951 4692 patrantem-his
2977 4621 3402 4695 impudentior-a.

2803 4711 2856 4762 3.

1991 4771 1998 4843 ξ
2045 4795 2184 4849 Nam
2209 4791 2310 4848 hoe
2333 4809 2445 4849 non
2473 4808 2694 4866 prorsus
2719 4800 2804 4850 est
2825 4809 2887 4851 os
2909 4795 3078 4867 porci.

2803 4887 2858 4937 4.

2047 4967 2091 5059 1⁴}
2119 4967 2393 5038 sartagine
2422 4966 2638 5024 dicebat
2663 4983 2722 5025 se
2749 4968 3035 5027 comedere
3065 4969 3286 5044 aphyaS.

2803 5059 2857 5112 5.

2045 5137 2339 5212 stabatque
2359 5141 2635 5214 imperans
2666 5163 2681 5197 z
2707 5166 2732 5192 ι
2759 5143 3082 5201 Brenthium
3103 5154 3467 5218 unguentum

2045 5225 2204 5282 nobis
2236 5224 2530 5300 infundite,
2561 5238 2621 5287 ut
2645 5230 3057 5290 advenientibus
3084 5234 3384 5306 praebeam.
3418 5263 3449 5286 ι
