3809 5850
487 410 600 460 2⁴0

485 532 657 609 Apud
669 534 747 588 Pu
755 533 996 588 tschium
1011 529 1241 588 Πλάτων
1251 527 1375 608 περὶ
1391 526 1814 607 ΛάγιοςΠρῶτα,
1834 542 1942 587 etc.
1960 526 2063 594 ⁹0<

484 622 709 679 addidit
725 624 1007 677 Porsonus
1024 620 1100 675 ad
1128 618 1283 678 Med.
1307 638 1328 673 1
1343 617 1440 691 39,
1454 618 1612 690 cujus
1625 619 1860 695 vestigia
1869 636 2064 693 super-

484 710 702 765 suntin
730 708 862 766 cod.
887 710 1116 765 Monac.
1149 731 1174 756 «ι
1216 706 1622 761 Maledicentiae
1661 708 1911 777 crimen,
1944 726 2062 781 quo

483 809 720 854 notatur
737 797 896 852 Plato
929 814 1077 851 com.
1099 812 1134 849 a
1165 795 1352 850 Dione
1374 792 1569 867 Chrys.
1596 793 1752 850 Orat.
1783 793 1882 865 33,
1916 814 1980 869 p.
2026 802 2059 862 4

483 884 579 942 ed.
607 882 853 957 Reiskii,
872 881 944 938 ad
969 893 1276 955 corruptos
1292 883 1478 937 saeculi
1499 900 1709 953 mores,
1734 882 1932 937 odium
1956 901 2059 938 ne-

485 973 789 1045 bulonum,
806 971 986 1043 qualis
1007 970 1114 1025 fuit
1134 969 1401 1038 Cinesias,
1422 980 1594 1043 poeta
1614 970 2063 1044 dithyrambicus

486 1062 571 1135 (v.
608 1060 809 1116 Galen.
847 1060 1138 1131 Hypomn.
1164 1057 1222 1111 in
1259 1054 1532 1131 Hippocr.
1559 1059 1780 1133 Aphor.
1817 1078 1872 1129 7,
1905 1059 2055 1116 Plut.

486 1150 750 1223 Sympos.
772 1166 829 1222 7,
852 1144 920 1220 8)
947 1156 1003 1200 et
1022 1146 1279 1219 inprimis
1300 1145 1375 1200 ad
1393 1146 1816 1221 improbitatem
1837 1165 2057 1218 eorum,

487 1238 587 1311 qui
616 1234 800 1309 remp.
829 1233 1298 1291 administrabant
1316 1275 1332 1304 ,
1358 1245 1416 1290 et
1439 1236 1614 1291 malas
1637 1246 1931 1291 oratorum
1955 1254 2065 1313 pu-

485 1324 774 1381 blicorum
815 1334 962 1379 artes
1009 1323 1344 1397 pertinuisse
1376 1322 1634 1394 videtur,
1681 1343 1826 1397 quos
1845 1366 1861 1395 ,
1908 1328 2064 1382 velut

486 1412 682 1486 hydrae
709 1414 894 1487 capita
919 1411 1360 1479 succrescentia,
1392 1411 1614 1465 lolaum
1651 1412 1900 1486 aliquem
1946 1414 2065 1489 igni

487 1500 753 1573 ferroque
775 1500 964 1555 delere
975 1497 1140 1570 jubet
1159 1498 1365 1554 Stobaei
1387 1500 1585 1573 Eclog.
1602 1500 1767 1575 phys.
1792 1520 1846 1569 a,
1866 1519 1929 1574 p.
1956 1500 2063 1573 263

486 1588 556 1643 cf.
585 1590 870 1643 Porsonus
889 1585 964 1642 ad
993 1586 1254 1642 Medeam
1278 1604 1344 1660 p.
1378 1591 1510 1650 4ιο.
1538 1588 1750 1643 Contra
1778 1590 2063 1643 excellen-

487 1677 628 1731 tium
664 1678 904 1745 civium,
932 1676 1092 1731 velut
1117 1674 1532 1745 Themistoclis,
1569 1676 1903 1731 memoriam
1946 1696 2065 1732 non

485 1771 600 1820 sine
621 1782 826 1839 magno
848 1762 1102 1837 quodam
1125 1764 1298 1817 animi
1317 1773 1480 1817 motu
1503 1780 1570 1817 ac
1594 1762 1876 1820 desiderio
1895 1783 2065 1821 reco-

485 1851 727 1927 litapud
746 1852 1108 1909 Plutarchum
1137 1852 1336 1908 Them.
1363 1870 1413 1909 c.
1443 1850 1536 1910 32.
1569 1875 1592 1901 ι»
1623 1853 1779 1907 ΕΜ.

1249 1964 1307 2023 3.

571 2076 734 2133 Idem
761 2077 840 2133 ib.
872 2095 936 2151 p.
967 2074 1119 2143 248:
1147 2098 1170 2125 α
1199 2077 1373 2133 Attici
1401 2073 1710 2155 προέχοντες
1731 2073 1947 2149 τούτων,
1974 2076 2065 2136 καὶ

487 2164 686 2231 τούτοις
709 2207 726 2236 ,
747 2161 837 2223 καὶ
862 2166 886 2189 '¹
905 2163 1078 2243 πολλῇ
1103 2161 1337 2224 πάντων.
1364 2163 1472 2222 Πλ.
1493 2162 1518 2186 *
1547 2162 1682 2244 Περὶ
1707 2163 1881 2234 πάσης
1903 2163 2067 2237 ἄλλης

488 2240 577 2307 οὗν
607 2250 732 2309 ἔοικ’
764 2252 1004 2331 ἀνδρείας
1025 2252 1206 2331 πολλῷ
1228 2249 1439 2309 πάντων
1463 2250 1792 2329 προέχοντες.
1817 2273 1848 2311 ι)
1877 2256 2065 2311 Etiam

489 2340 552 2395 in
591 2341 862 2395 Prisciani
917 2340 1107 2396 verbis
1159 2340 1526 2395 scribendum
1575 2339 1777 2418 πολλῷ.
1841 2342 2067 2399 Deinde

491 2428 673 2483 codex
699 2428 928 2485 Monac.
967 2425 1195 2486 Πλάτων
1223 2424 1346 2504 περὶ
1374 2429 1565 2487 αΛΤει
1607 2430 2066 2489 αΛΛεΤΟΥΝεΟ

490 2514 816 2573 (ΙΟΥΚαΝίί
859 2515 1037 2573 ΡῙΩΟ
1073 2516 1333 2575 ΠΟΛΛΝ
1373 2513 1584 2572 πάντων
1629 2512 1967 2595 προέχοντες,
2010 2531 2069 2577 et

490 2602 779 2659 Leidensis
835 2602 944 2663 Πλ.
995 2602 1280 2681 Περιαλγει
1330 2602 1447 2659 αλλ’
1491 2604 2066 2684 ηγουνεσθαγκανδριως

489 2689 698 2747 πολλων
729 2711 940 2747 παντων
979 2711 1321 2769 προεχοντες,
1345 2692 1405 2746 in
1435 2691 1643 2765 quibus
1673 2692 1792 2749 haec
1817 2712 2065 2769 agnosco

589 2798 741 2871 An’
767 2803 1089 2895 ἣγοῦμεσθ’
1127 2799 1201 2870 ἂν
1228 2795 1544 2897 κάνδρείας
1575 2811 1787 2893 πολλῷ
1822 2806 2065 2873 πάντων

1681 2914 2057 3006 προέχοντες.

492 3041 680 3100 Minus
725 3044 878 3100 enim
918 3046 1314 3102 verosimiliter
1345 3046 1533 3102 editor
1577 3048 1833 3123 Scapulae
1875 3050 2062 3111 Oxon.

493 3133 702 3207 aliique
731 3129 870 3191 Ἀλλ’
888 3133 976 3209 ἠγ.
1009 3121 1068 3189 εὗ
1095 3132 1376 3212 κάνδρείως
1416 3155 1478 3194 π.
1511 3155 1570 3193 π.
1608 3156 1724 3214 πρ.,
1753 3139 1852 3192 etsi
1886 3140 2061 3198 Mein.

491 3220 749 3276 formula!
796 3209 854 3277 εῧ
898 3217 990 3277 καὶ
1037 3219 1283 3300 ἀνδρείως
1323 3225 1582 3298 exempla
1624 3237 1900 3283 monstrat
1928 3229 2065 3284 Ari-

491 3310 682 3385 stoph.
709 3311 934 3370 Thesm.
962 3310 1102 3383 656,
1139 3325 1196 3368 et
1223 3313 1471 3369 Platonis
1488 3315 1696 3373 Theaet.
1725 3335 1782 3392 p.
1811 3313 1944 3389 157,
1974 3321 2063 3389 D;

493 3399 669 3474 Legg.
707 3417 766 3472 9,
812 3417 875 3474 p.
915 3397 1056 3468 855,
1101 3403 1167 3456 A.
1195 3397 1289 3458 Ἂν
1337 3403 1618 3476 particula
1658 3405 1842 3459 oratio
1891 3407 2065 3478 paulo

493 3487 794 3562 superbior
809 3487 1122 3564 mitigatur.
1150 3484 1442 3569 Ἀνδρείας,
1466 3491 1528 3550 h.
1557 3509 1606 3551 e.
1638 3485 1789 3550 ἕνεκα
1807 3491 2064 3574 ἀνδρείας,

492 3585 555 3628 ut
583 3575 732 3632 Nub.
767 3577 882 3651 498
912 3593 929 3635 2

576 3665 716 3726 Ἀλλ’
741 3667 815 3728 ἴθι
841 3668 1044 3749 χαίρων
1069 3673 1163 3741 τῆς
1183 3669 1424 3750 ἀνδρείας
1459 3669 1648 3730 οὕνεκα
1676 3672 1896 3745 ταύτηςέ

494 3765 920 3822 Atheniensium
975 3769 1362 3845 principatum
1395 3782 1566 3845 atque
1599 3773 1902 3847 imperium
1956 3775 2066 3831 dici

495 3855 787 3910 annotavit
811 3856 986 3914 Mein.

1258 3940 1315 4000 [ι.

576 4043 768 4102 Schol.
808 4045 1100 4120 Aristoph.
1139 4047 1352 4102 Avium
1381 4066 1528 4120 1297
1577 4067 1593 4104 ε
1636 4047 1786 4117 δηλοῖ
1820 4047 1875 4107 δὲ
1917 4054 2068 4109 τοῦτο

501 4128 881 4210 (ὀρτυγοκόπον
929 4133 1092 4190 fuisse
1135 4133 1408 4210 Midiam)
1450 4131 1818 4214 Ἀριστοφάνης
1861 4136 2067 4216 (immo
2118 4169 2127 4178 ·

499 4215 724 4278 Πλάτων
751 4235 766 4278 z
797 4238 852 4278 v.
877 4219 1052 4278 Mein.
1082 4222 1290 4294 Quaest.
1318 4241 1471 4284 scen.
1502 4243 1561 4295 a,
1588 4242 1644 4300 p.
1673 4243 1773 4300 αα,
1797 4229 2063 4288 Fritzsch.

495 4307 726 4363 Dissert.
757 4307 830 4363 de
875 4309 1267 4383 Aristophanis
1295 4313 1461 4369 Daet.
1488 4330 1549 4386 p.
1578 4309 1689 4388 98)
1731 4314 1785 4370 ἐν
1826 4314 2065 4393 Περιαλ-

496 4396 581 4471 γεῖ
622 4414 654 4450 (τ
694 4392 956 4473 Χρηστὸν,
999 4393 1030 4424 ²*
1075 4392 1152 4471 μὴ
1183 4394 1322 4453 κατὰ
1367 4397 1587 4457 Μειδίαν
1627 4401 1996 4479 ὀρτυγοκόπον.
2034 4425 2063 4460 υ

495 4482 852 4538 claudicanti
877 4485 1100 4539 senario
1129 4503 1463 4544 succurrens
1490 4489 1694 4565 Bergk.
1725 4490 2063 4554 Commentt.
2157 4528 2297 4585 χνων

495 4587 557 4644 p.
585 4569 724 4640 425,
745 4569 989 4648 Χρηστόν
1018 4593 1077 4647 γε
1095 4616 1112 4648 ,
1139 4569 1215 4648 μὴ
1242 4586 1352 4635 etc.
1379 4577 1574 4632 Malim
1599 4578 1868 4652 equidem

593 4685 873 4778 Χρηστὸν
908 4688 1036 4776 μὲν,
1068 4691 1133 4754 οὗ
1161 4687 1322 4756 κατὰ
1349 4683 1612 4759 Μειδίαν
1640 4696 2063 4786 ὀρτυγοκόπον.

1500 4825 1663 4832 --—.

1481 396 1886 457 COMOEDIAE
1933 395 2253 457 varanis
2296 396 2711 470 RELIQUIAE.

2155 530 2319 587 Certe
2344 526 2440 605 μὲν
2471 540 2529 587 et
2569 526 2646 605 μὴ
2675 548 2820 605 saepe
2848 530 3082 587 confusa
3108 532 3328 603 scimus;
3348 535 3549 607 itemque
3566 532 3617 607 μὴ

2152 629 2211 674 et
2244 616 2339 689 οὐ,
2371 617 2446 674 de
2481 636 2602 691 quo
2636 617 2901 677 Scliaefer.
2930 620 3122 679 Melet.
3156 639 3233 679 cr.
3260 640 3317 696 p.
3350 620 3463 679 108.
3490 624 3619 677 Etiam

2152 704 2301 761 forte
2327 700 2386 762 οὒ
2415 704 2628 761 excidit
2666 704 2827 780 apud
2864 706 3189 781 AEschylum
3221 711 3318 783 Ag.
3366 726 3485 777 1171
3524 707 3541 785 (
3552 710 3619 763 ubi
3690 759 3692 775 ,

2150 811 2206 850 v.
2234 811 2367 849 ann.
2385 794 2403 867 )
2422 830 2440 863 ,
2464 793 2761 852 Cratinum
2802 794 3017 853 Incert.
3050 793 3111 870 6,
3134 796 3484 851 Pherecratem
3504 793 3622 873 Ἰπνῷ

2150 880 2223 935 fr.
2250 900 2305 951 1,
2326 892 2431 938 etc.
2452 882 2641 941 Schol.
2659 881 2900 937 Luciani
2914 881 2988 937 ad
3011 883 3211 937 Jovem
3224 894 3353 959 trag.
3376 902 3425 952 α,
3442 902 3492 959 p.
3512 884 3619 957 696·

2152 970 2181 1024 ὃ
2206 965 2259 1025 δὲ
2306 966 2526 1033 Μειδίας
2567 965 2915 1047 ὀρτυγοκόπος
2956 958 3039 1038 ἧν,
3088 971 3159 1034 ὥς
3210 969 3308 1027 Πλ.
3354 970 3444 1041 Π.,
3472 970 3543 1027 καὶ
3576 972 3624 1033 ὣς

2091 1112 2101 1121 ,
2150 1054 2375 1135 πονηρὸν
2393 1054 2470 1133 δὲ,
2498 1054 2589 1113 καὶ
2616 1054 2865 1128 κόὸαλον,
2895 1055 3112 1115 καὶτῶν
3136 1056 3381 1133 δημοσίων
3394 1058 3623 1136 νοσφιστὴν,

2151 1141 2417 1223 Φρύνιχος
2446 1146 2723 1221 (Ephialt.
2760 1146 2833 1201 fr.
2868 1152 2899 1212 4
2923 1146 2943 1225 )
2974 1144 3064 1203 καὶ
3092 1146 3310 1205 Πλάτων
3336 1146 3622 1205 eumenium.

2154 1231 2540 1310 Ὀρτυγοκόπος
2582 1233 2799 1291 dicitur
2837 1236 2912 1309 is,
2962 1239 3063 1309 qui
3092 1238 3425 1293 coturnicum
3461 1250 3627 1293 cantum

2152 1320 2407 1376 imitatur
2425 1320 2565 1376 ludo
2582 1340 2900 1397 puerorum
2923 1324 3177 1396 Athenis,
3196 1324 3264 1381 de
3290 1344 3395 1399 quo
3416 1344 3460 1381 v,
3477 1325 3628 1380 Athen.

2150 1426 2207 1482 p.
2237 1407 2374 1479 506,
2403 1411 2477 1465 D.

2642 1522 2832 1582 xxn.
2866 1522 3233 1583 ΠΟΙΗΤΗΣ.

2240 1658 2264 1684 α
2298 1634 2513 1689 Fabula
2540 1636 2845 1708 separatim
2871 1635 2945 1690 ab
2969 1634 3145 1692 Suida
3164 1680 3183 1710 ,
3222 1636 3454 1693 Eudocia
3480 1646 3527 1690 et
3548 1638 3633 1689 An-

2155 1719 2399 1777 dronico
2442 1722 2590 1777 inter
2628 1720 2883 1778 Platonis
2931 1724 3239 1781 comoedias
3270 1723 3513 1781 recensita
3542 1732 3637 1795 post

2158 1806 2416 1873 Λάκωνας
2444 1806 2479 1879 ἢ
2517 1806 2787 1881 Ποιητὰς,
2816 1821 2883 1866 ut
2905 1811 3124 1868 diversa
3154 1832 3270 1869 esse
3292 1812 3596 1885 intelligatur.
3617 1836 3634 1857 ι

2154 1899 2207 1952 E
2226 1900 2317 1953 M.
2352 1898 2578 1955 Scilicet
2609 1900 2670 1954 in
2702 1900 3059 1971 Laconibus,
3098 1920 3245 1975 quos
3277 1902 3439 1956 nolim
3461 1897 3639 1970 intelligi

2155 1985 2652 2060 λακωνομανοῦντας
2674 1986 2765 2064 (v.
2799 1984 3009 2065 Πρεσὸ.
3036 1987 3108 2049 fr.
3145 2008 3205 2060 α,
3230 1986 3413 2065 anm),
3434 1986 3645 2043 habemus

2154 2074 2370 2146 majore
2412 2092 2652 2131 numero
2698 2086 2891 2147 poetas
2944 2076 3071 2133 laete
3106 2078 3484 2145 convivantes,
3518 2073 3647 2145 idque

2154 2164 2346 2237 potius
2370 2160 2521 2217 inter
2542 2164 2796 2219 Lacones
2823 2182 2995 2237 quam
3021 2165 3381 2223 Athenienses
3400 2160 3649 2237 comptio-

2155 2268 2245 2306 res
2271 2261 2328 2305 et
2347 2266 2381 2304 a
2408 2247 2650 2307 Platone
2671 2252 3034 2327 Comicisque
3050 2257 3265 2328 passim
3292 2254 3585 2329 exagitatos3
3607 2250 3651 2303 in

2157 2338 2365 2413 Ποιητῇ
2396 2347 2581 2395 autem
2611 2339 2933 2397 ostenditur
2970 2352 3145 2415 poeta
3180 2342 3473 2410 solitarius,
3504 2337 3653 2410 inopia

2154 2449 2376 2506 pressus
2406 2430 2510 2508 (fr.
2542 2432 2601 2509 1)
2626 2477 2645 2504 ‚
2676 2452 3051 2509 superamque
3070 2446 3295 2511 partem
3324 2436 3507 2491 aedium
3526 2432 3653 2487 habi-

2156 2529 2279 2573 tans
2303 2515 2405 2593 (fr.
2433 2518 2489 2593 3)
2508 2558 2527 2590 ‚
2557 2520 2657 2575 uhi
2682 2540 2919 2597 operam
2951 2522 3051 2579 det
3083 2526 3195 2579 arti
3220 2543 3339 2580 non
3359 2525 3467 2579 sine
3498 2518 3655 2577 solatio

2154 2607 2349 2680 poculi
2396 2609 2652 2681 quamvis
2702 2607 2925 2684 fictilis,
2978 2629 3099 2667 non
3137 2609 3385 2687 argentei
3421 2610 3499 2667 vel
3540 2606 3657 2663 aurei

2158 2693 2267 2767 (fr.
2309 2692 2372 2767 ο)
2400 2713 2416 2763 ;
2445 2693 2654 2768 vixque
2690 2693 2920 2752 dubites
2947 2698 3087 2770 quin
3125 2699 3244 2756 hoc
3282 2700 3515 2757 dramate
3538 2696 3659 2752 Plato

2156 2800 2316 2837 suam
2346 2782 2521 2856 ipsius
2548 2784 2849 2860 imaginem
2879 2790 3232 2860 expresserit.

2915 2901 2969 2942 1.

2236 2999 2444 3059 Athen.
2475 3007 2569 3070 14,
2599 3020 2663 3077 p.
2687 3001 2829 3078 644,
2855 3008 2904 3061 Α
2934 3025 2947 3058 :
2982 2999 3665 3083 pmpweiimsplacentaml

2160 3088 2189 3144 ὁ
2226 3085 2459 3164 κωμικὸς
2483 3089 2589 3148 Πλ.
2631 3087 2837 3168 εἴρηκεν
2876 3094 2929 3150 ἐν
2956 3095 3033 3170 τῷ
3060 3095 3274 3173 Ποιητῇ
3301 3090 3454 3158 οὕτως
3484 3117 3509 3142 ι
3534 3087 3664 3150 Μόνος

2161 3174 2207 3233 δ’
2230 3173 2510 3251 ἄγευστος,
2539 3175 2907 3256 ἄσπλαγχνος,
2936 3179 3328 3258 ἐνιαυτίζομαι,
3356 3177 3669 3242 ἀπλάκουντος,

2158 3261 2498 3330 ἅλιὸάνωτος.
2520 3291 2546 3316 ν
2578 3267 2845 3323 Similiter
2871 3271 3128 3330 Eustath.
3146 3271 3223 3328 ad
3242 3271 3313 3330 Il.
3338 3289 3395 3346 p.
3431 3265 3581 3336 1345,
3602 3263 3671 3329 3⁰2

2156 3353 2263 3408 nisi
2310 3353 2472 3427 quod
2512 3355 2701 3410 omisit
2739 3353 3123 3432 ἐνιαυτίζομαι,
3174 3357 3338 3432 cujus
3380 3359 3503 3414 loco
3536 3350 3670 3410 codd.

2158 3441 2298 3496 PVL
2325 3441 2593 3498 mendose
2622 3441 3000 3521 ἐνιαυγίζομαι.
3025 3448 3182 3504 Illud
3220 3467 3340 3504 non
3360 3447 3541 3503 elisum
3558 3449 3675 3497 recte

2158 3529 2297 3584 mihi
2321 3546 2565 3588 servasse
2586 3530 2816 3589 videtur
2838 3534 3205 3592 Casaubonus
3232 3541 3289 3592 in
3316 3545 3566 3592 commate
3582 3547 3675 3585 ver·

2155 3635 2264 3685 sus,
2298 3635 2405 3675 nec
2432 3619 2664 3694 placent
2702 3621 2984 3683 Gaissord.
3030 3621 3107 3680 ad
3160 3625 3440 3699 Hephaest.
3466 3639 3521 3694 p.
3568 3635 3675 3680 ου»

2158 3705 2368 3780 aliique
2396 3707 2526 3780 qui,
2558 3717 2615 3763 et
2650 3726 2871 3766 comma
2899 3721 2957 3766 et
2991 3712 3509 3788 interpunctionem
3534 3703 3677 3778 negli-

2158 3803 2352 3868 gentes
2372 3835 2389 3864 ,
2428 3813 2535 3868 pro
2575 3796 2857 3854 alacribus
2892 3800 3145 3856 numeris
3182 3800 3480 3857 ediderunt
3502 3791 3681 3851 elumbe

2159 3879 2832 3957 ἐνιαυτίζομᾶπλάκουντος.
2876 3887 2979 3942 Est
3009 3889 3208 3944 modus
3252 3893 3311 3945 in
3356 3886 3524 3944 oebm.
3560 3877 3685 3938 Dixit

2158 3971 2365 4046 igitur,
2391 3972 2440 4026 si
2467 3971 2610 4046 quid
2638 3975 2931 4051 intelligo,
2954 3987 3131 4050 poeta

2254 4123 2353 4135 --
2384 4085 2577 4163 Μόνος
2610 4079 2670 4152 δ’
2704 4084 2987 4182 ἄγευστος
3006 4141 3024 4170 ,

2258 4187 2682 4286 ἄσπλαγχνος,
2755 4191 3181 4289 ἐνιαυτίζομαι
3202 4249 3221 4282 ,
3280 4195 3684 4264 ἀπλάκουντος,

3339 4295 3689 4369 &Medma-oz·

2166 4447 2190 4472 «ι
2223 4424 2454 4480 Comica
2502 4427 2731 4484 licentia
2774 4428 2918 4486 dixit
2960 4427 3308 4510 ἄσπλαγχνος
3364 4447 3469 4506 pro
3519 4421 3687 4496 σπλάῖ·

2331 4509 2565 4591 ἄμοιρος.
2599 4535 2630 4571 »
2661 4519 2845 4576 Mein.

2921 4633 2978 4670 2.

2238 4721 2441 4778 Pollux
2485 4741 2578 4793 ro,
2617 4743 2771 4801 ¹9⁰²
2813 4722 2979 4792 ἔξεστι
3023 4724 3077 4785 δὲ
3132 4727 3228 4787 καὶ
3272 4731 3457 4806 ἀγγεῖα
3496 4717 3692 4797 &crpi-

498 4967 604 5026 Sed
633 4969 983 5028 credebamus
1013 4987 1114 5029 nos
1141 4893 1548 5032 feregomnibus
1575 4973 1892 5035 fortitudine
1926 4980 2065 5036 mul·
2806 4908 3064 5047 ΡΟῗἌ.

1545 5065 1696 5130 [tum
1723 5067 2061 5124 antecellere.
2156 5101 2227 5112 —
2249 5073 2410 5131 Solus
2436 5084 2619 5134 autem
2638 5119 2654 5144 ‚
2687 5078 2964 5150 ingustato
2986 5079 3111 5136 cibo
3131 5121 3149 5148 ,

1253 5153 1307 5201 4.

503 5233 742 5290 Probum
765 5234 1014 5308 quidem,
1037 5251 1139 5292 nec
1167 5235 1355 5292 Midiae
1389 5235 1621 5294 similem
1648 5247 1998 5316 ortygocopo.

2161 5159 2557 5236 visceribusque
2575 5179 2787 5233 curem,
2804 5179 3009 5224 aunum
3034 5167 3307 5238 transigo,
3332 5167 3446 5223 sine
3462 5165 3691 5302 placi-nge.

3224 5255 3384 5323 [sine
3410 5250 3617 5310 libanoti
3652 5261 3693 5302 e.
