3809 5850
462 449 533 497 84
1462 435 1877 497 coMOEmAE
1920 435 2246 497 VETEms
2289 436 2704 511 RELIQUIAE.

458 568 769 647 ταυτολόγον
796 584 851 627 ct
874 583 1066 647 aperte
1088 571 1421 628 mendosum
1447 590 1461 625 :
1488 588 1667 645 quare
1690 571 1879 626 scribo
1902 566 2024 626 οὐδέ
2120 572 2276 626 libris
2291 573 2422 645 plus
2447 572 2632 625 reddit
2651 574 2819 647 panis
2839 589 3007 643 quam
3035 569 3136 634 sar
3168 572 3348 629 aliud.
3375 568 3752 649 Στράόηλος

458 680 507 715 τι
536 659 735 719 δοῦλον.
767 660 963 716 Codex
1004 680 1151 717 unus
1178 659 1287 715 οὐδ’
1312 658 1367 715 ἕν
1394 658 1505 737 (sic
1521 660 1561 733 ).
1600 658 1713 715 Alii
1740 659 1875 715 libri
1911 654 2020 714 σά-
2117 659 2255 713 alias
2270 670 2354 714 est
2375 659 2726 714 concharum
2747 676 2945 733 genus,
2971 658 3066 713 hic
3085 668 3296 728 autem,
3321 659 3482 732 quod
3509 664 3748 735 aptius

458 770 567 817 κις,
600 768 746 804 unus
770 746 969 818 Σάκης.
1003 748 1241 822 Hesych.
1268 745 1455 811 Σαικίς
1482 768 1493 801 :
1519 746 1725 815 δοῦλος,
1759 758 1823 802 ut
1848 748 2020 803 Mein.

457 837 710 892 correxit
739 854 848 909 pro
878 833 1063 900 δειλός.
1095 834 1281 905 Μάνης
1302 834 1789 910 Paphlagonicum
1810 852 2022 889 nomen

460 942 575 978 esse
605 922 777 979 tradit
817 924 1024 980 Strabo
1042 963 1059 993 ,
1090 934 1407 997 notumque
1434 934 1543 992 est,
1592 940 1661 978 ex
1696 922 2024 995 regionibus

460 1008 649 1065 Ponto
676 1012 881 1067 vicinis
920 1012 1097 1067 multa
1141 1012 1279 1066 olim
1318 1011 1607 1084 mancipia
1650 1010 1711 1065 in
1747 1010 2022 1066 Graeciam

456 1114 570 1155 esse
590 1098 924 1173 deportata:
949 1120 1004 1159 v.
1028 1101 1247 1174 Heynei
1270 1101 1483 1175 Opusc.
1512 1096 1677 1154 acad.
1706 1104 1765 1168 4,
1794 1116 1856 1171 p.
1890 1096 2024 1166 335,

460 1186 594 1244 336.
617 1188 683 1246 V.
716 1206 749 1243 a
775 1184 960 1252 αὖτοὺς
978 1187 1107 1244 cod.
1130 1191 1192 1245 B.
1222 1190 1417 1245 Finem
1442 1186 1691 1243 correxit
1718 1185 2023 1256 Cauterus3

460 1274 592 1329 libri
626 1272 833 1332 ἅπαντα
866 1274 1029 1353 ταύτῇ
1059 1276 1183 1351 (vel
1219 1277 1311 1333 τᾶν
1350 1276 1446 1355 τῇ)
1478 1276 1641 1353 οἰκίᾳ.
1681 1277 1747 1333 V.
1790 1274 1823 1331 3
1868 1300 1893 1325 κ
1929 1272 2020 1352 ὄρ-

457 1363 613 1435 Θριαι.
642 1365 791 1419 Hinc
846 1364 1026 1421 facete
1075 1365 1370 1441 Aristoph.
1418 1365 1634 1422 Eccles.
1685 1362 1819 1439 739.
1862 1363 2026 1420 mola!

460 1450 603 1506 dixit
640 1448 842 1529 ὄρθριον
888 1450 1063 1527 νόμον.
1096 1478 1120 1503 ι·
1165 1455 1257 1509 M.
1299 1448 1521 1523 Ἥλουν,
1558 1462 1625 1507 ut
1650 1448 1821 1511 Pher.
1856 1453 2024 1507 etiam

455 1544 658 1619 fragm.
692 1545 897 1604 incert.
948 1566 1042 1617 17,
1074 1566 1110 1603 a
1131 1588 1147 1616 ‚
1173 1548 1431 1623 reposuit
1458 1546 1710 1603 Pierson.
1749 1545 1826 1603 ad
1852 1548 2020 1605 Moer.

455 1650 515 1705 p.
552 1630 661 1701 813
704 1651 834 1689 nam
874 1634 1007 1690 libri
1041 1630 1184 1703 ἥλων
1214 1654 1260 1691 s.
1300 1632 1443 1703 ἥλων
1475 1632 1757 1709 (Eustath.
1790 1652 2027 1710 quoque

458 1720 535 1776 ad
566 1719 768 1794 Odyss.
792 1740 859 1795 φ.
903 1720 1052 1793 1885
1072 1763 1091 1791 ,
1124 1740 1223 1796 29,
1253 1740 1323 1777 ex
1348 1721 1618 1777 Athenaeo
1650 1718 1792 1792 ἥλων
1824 1720 2026 1800 ὄρθριαι

462 1806 528 1865 τὰ
570 1806 775 1879 σιτία),
800 1797 961 1882 εἶλον,
993 1807 1139 1878 ἥλον.

1214 1907 1271 1947 a.

538 1996 699 2054 Idem
728 2016 788 2069 7,
823 2017 886 2073 p.
923 1997 1064 2069 316,
1096 2000 1165 2065 E,
1208 1998 1282 2054 de
1308 2001 1526 2075 polypo
1568 2019 1580 2053 ε
1614 1996 1825 2075 λέγουσι
1852 1998 1907 2057 δὲ
1937 2000 2027 2058 καὶ

456 2086 553 2155 ὡς,
606 2083 671 2141 ἂν
720 2082 965 2165 ἀπορήσῃ
1006 2088 1103 2156 τῆς
1148 2088 1369 2167 τροφῆς,
1414 2085 1569 2145 αὑτὸν
1616 2087 1895 2147 κατεσθίει.
1951 2082 2026 2149 ὧν

458 2162 528 2237 εἷς
554 2173 665 2229 ἐστι
704 2172 795 2231 καὶ
822 2174 851 2230 ὃ
878 2172 1273 2253 κωμῳδιοποιὸς
1316 2176 1455 2254 Φερ.
1482 2192 1495 2207 ·
1542 2165 1686 2243 οὗτος
1714 2173 1817 2254 γὰρ
1840 2178 1894 2235 ἐν
1921 2181 2028 2244 τοῖς

458 2260 889 2340 ἐπιγραφομένοις
910 2262 1069 2340 φησὶν
1100 2260 1318 2341 Ἀγρίοις

556 2372 971 2470 Ενθρύσκοισι,
1006 2378 1109 2444 καὶ
1145 2380 1487 2471 βρακάνοις,
1525 2380 1627 2447 καὶ
1662 2378 2026 2475 στραὸἥλοις

1526 2481 1663 2564 ζῆν·
1702 2488 1934 2555 ὁπόταν
1969 2482 2027 2555 δ’

556 2580 677 2661 ἤδη
708 2598 958 2655 πεινῶσι
992 2580 1294 2682 σφοδρῶς,
1336 2591 1586 2684 ὡσπερεὶ
1632 2594 1770 2669 τοὺς
1806 2596 2028 2660 πουλύ-

1832 2691 2028 2779 ποδας

557 2798 884 2891 (νήστιας)
930 2804 1161 2893 νύκτωρ
1210 2806 1596 2896 περιτρώγειν
1650 2810 1846 2871 αὐτῶν
1891 2809 2028 2885 τοὺς

1670 2902 2024 2993 δακτύλους.

460 3039 703 3094 Mettum
744 3049 1147 3113 asynartetum‚
1196 3038 1357 3113 quod
1396 3041 1629 3114 agnovit
1666 3041 1922 3104 Erfurdt.
1969 3047 2030 3100 in

464 3129 687 3182 lior-reo
725 3128 1093 3202 Regiomont.
1144 3146 1207 3203 p.
1246 3127 1393 3195 443,
1426 3139 1649 3184 constat
1687 3148 1756 3185 ex
1802 3130 2030 3189 duobus

464 3214 718 3270 versibus
760 3215 1161 3272 choriambicis
1198 3235 1331 3271 cum
1371 3216 1497 3270 basi
1541 3218 1901 3292 antispastica
1939 3221 2028 3277 vel

462 3302 787 3372 trochaica,
828 3305 1135 3360 contractis
1196 3304 1491 3360 interdum
1536 3305 1764 3378 syllabis
1808 3305 2030 3366 duabus

460 3391 729 3445 brevibus
746 3391 805 3444 in
824 3409 997 3447 unam
1016 3394 1265 3468 longam.
1288 3392 1423 3464 Ejus
1440 3394 1605 3448 metri
1624 3410 1793 3450 causa
1807 3414 1976 3452 versu
1991 3415 2026 3452 a

460 3477 693 3556 σφοδρῶς
714 3479 1128 3535 restituendum
1166 3481 1274 3535 suit
1306 3499 1415 3554 pro
1443 3478 1645 3558 σφόδρα
1663 3523 1680 3552 ,
1723 3482 1884 3556 quod
1911 3483 2027 3539 suf·

462 3567 647 3622 fecisse
669 3568 958 3643 putandus
987 3580 1069 3625 est
1096 3569 1301 3643 aliquis
1331 3568 1597 3624 librarius
1617 3608 1634 3639 ,
1662 3571 1761 3643 qui
1792 3571 1903 3626 hoc
1928 3573 2028 3627 in-

462 3657 701 3710 venisset
717 3657 775 3710 in
790 3659 1149 3732 autographo
1165 3654 1574 3736 σφοδρωσπερεὶ,
1594 3677 1771 3732 quum
1787 3662 2030 3716 alterum

460 3745 527 3804 ὡς
570 3744 843 3799 hausisset
882 3745 1141 3800 alterum.
1208 3747 1461 3800 Tertium
1508 3763 1733 3801 versum
1770 3747 2030 3806 similiter

461 3833 716 3906 supplevi
744 3851 887 3887 voce
912 3830 1159 3900 νήστιας,
1188 3835 1281 3888 cui
1313 3831 1543 3889 officere
1572 3835 1761 3907 potuit
1778 3837 2029 3894 vicinum

462 3921 663 3997 νύκτωρ
707 3931 947 3995 propter
974 3923 1324 3998 singularum
1358 3922 1675 3980 litteras-um
1702 3925 2026 3984 similitudi·

461 4027 613 4066 nem.
662 4009 913 4066 Meinek.
954 4029 1097 4065 cum·
1130 4009 1432 4066 Dindorflo
1478 4013 1535 4066 in
1576 4030 1673 4067 sex
1710 4032 1905 4072 versus
1941 4017 2030 4072 de-

462 4097 747 4164 scribunt,
781 4114 814 4150 α
846 4094 935 4152 καὶ
972 4117 1114 4173 στρ.,
1150 4105 1183 4162 4
1214 4095 1475 4175 ὡσπερεὶ,
1505 4097 1541 4154 6
1571 4119 1680 4175 γειν
1723 4101 1840 4160 αὑτ.
1878 4101 2027 4180 Βρά-

463 4207 593 4240 mm
622 4187 896 4240 incertum
926 4205 1099 4260 genus
1117 4187 1423 4243 herbarum
1454 4185 1706 4242 edulium
1730 4232 1745 4261 ,
1780 4191 1868 4244 vel
1900 4191 2013 4246 fru-

462 4275 665 4342 mcnti3
692 4274 919 4328 fortasse
960 4275 1149 4329 brace.
1179 4275 1389 4328 Plinius
1426 4274 1516 4346 18,
1553 4295 1610 4346 7,
1638 4293 1682 4330 s.
1721 4295 1782 4329 11
1829 4295 1839 4330 :
1874 4279 2024 4332 Gal-

464 4367 561 4416 11·oe
592 4383 805 4436 qnoque
833 4383 989 4418 suum
1026 4383 1201 4434 genus
1225 4361 1416 4432 farris
1447 4364 1679 4430 dedere,
1728 4366 1877 4437 quod
1914 4368 2030 4421 illic

464 4453 683 4504 brac-em
724 4463 961 4520 vocant,
998 4453 1156 4524 apud
1184 4470 1285 4506 nos
1326 4453 1656 4522 sandalum,
1706 4454 2030 4510 nitidissimi

460 4545 629 4608 grani
642 4558 657 4595 .·
694 4552 749 4592 et
775 4541 896 4594 alm
920 4536 1255 4611 cliffirentin
1283 4553 1388 4606 est,
1428 4539 1721 4613 quoclfere
1744 4548 2031 4616 quaternis

471 4693 539 4706 G·-

1219 4799 1251 4848 2

466 4881 805 4947 Anthi-iscis,
836 4889 890 4937 et
918 4881 1197 4948 bracaniS,
1223 4889 1277 4938 et
1304 4882 1461 4938 olivis
1484 4882 1790 4954 agrestibus
1823 4883 2026 4950 vivere3

461 4968 732 5041 siquando
760 4979 943 5026 autem
971 4969 1319 5026 vehementer
1340 4971 1618 5036 esuriunt,
1646 4971 1796 5026 velut
1818 4970 2000 5042 polypi

465 5057 691 5130 (jejuni)
714 5099 727 5123 ,
760 5067 929 5114 noctu
960 5073 1090 5113 suos
1120 5059 1361 5128 ipsorum
1393 5056 1794 5114 circumradere
1812 5056 2028 5129 digitos.

1224 5151 1279 5200 3.

608 5235 686 5288 Ne
713 5233 923 5290 mireris
960 5255 971 5290 :

2120 743 2426 822 βρακάνοις,
2454 748 2734 802 olivarum
2757 747 3081 819 agrestium.
3115 747 3318 802 Pollux
3347 747 3410 820 6,
3439 746 3516 813 45
3551 768 3568 803 ι
3611 747 3748 813 τὰς

2119 830 2173 889 δὲ
2201 832 2475 899 κοτινάδας
2506 832 2664 899 ἐλάας
2697 829 2990 903 σταὸήλους
3011 833 3116 910 (sle
3137 834 3270 892 cod.
3287 837 3490 910 Jung.;
3516 838 3734 911 vulgo

2117 918 2483 997 τραμὸήλους,
2525 940 2638 977 vox
2681 920 2873 997 nihili)
2914 920 3158 997 ὠνόμασε
3201 922 3281 982 Φ.
3319 954 3399 966 -
3441 924 3636 979 Versu
3693 945 3725 979 1
3757 956 3759 961 ·

2117 1026 2226 1082 pro
2255 1008 2392 1085 ἐνθρ.
2423 1009 2642 1083 aliquot
2667 1010 2870 1085 scripti
2897 1007 3232 1087 ἀνθρύσκοισι
3257 1009 3468 1065 eodem
3491 1029 3690 1067 sensu
3705 1056 3724 1067 .

2120 1098 2186 1155 V.
2203 1097 2536 1153 Schneideri
2561 1100 2702 1154 Lex.
2733 1108 2984 1173 utroque
3019 1097 3323 1155 vocabulo.
3349 1094 3576 1153 Plinius
3603 1118 3732 1170 αα,

2121 1201 2220 1253 22,
2241 1202 2284 1240 s.
2307 1183 2405 1254 38,
2425 1195 2558 1259 post
2590 1184 2913 1242 scandicem
2941 1205 2956 1240 ε
2989 1187 3186 1241 eadem
3210 1197 3333 1240 erat
3353 1184 3716 1255 anthr-iscus,

2119 1276 2169 1327 si
2193 1277 2445 1329 tenuiora
2455 1270 2616 1346 solia
2641 1284 2700 1329 ee
2717 1273 3043 1331 odoratiora
3069 1272 3318 1332 haberet.
3343 1273 3724 1337 Billetbeck.

2121 1360 2298 1416 Florae
2340 1360 2500 1420 class.
2536 1379 2598 1436 p.
2653 1378 2727 1432 77
2777 1381 2790 1415 :
2849 1362 3243 1418 «.Anthriscus
3281 1360 3557 1432 scandix,
3599 1366 3736 1419 der

2121 1449 2564 1517 Klettenkerbel,
2613 1468 2806 1523 wegen
2835 1450 2940 1505 der
2963 1448 3181 1504 rauhen
3217 1450 3429 1507 Samen
3461 1448 3562 1525 (so
3605 1472 3726 1525 ge·

2119 1544 2346 1609 nantel).
2393 1562 2418 1588 ιο
2479 1540 2590 1610 Qui
2621 1556 2964 1595 venenosam
3009 1538 3204 1594 dicens
3250 1538 3398 1593 hanc
3453 1538 3728 1597 herbam

2123 1625 2364 1702 (Steinio
2390 1626 2615 1681 Handb.
2645 1626 2706 1685 d.
2734 1624 3107 1699 Naturgesch.
3137 1642 3196 1701 p.
3229 1622 3325 1695 53,
3361 1634 3448 1681 αἱ
3471 1626 3722 1684 chare·-

2118 1715 2378 1789 phyllum
2415 1716 2690 1785 silvestre,
2717 1710 3134 1789 Koelberkmpf,
3185 1715 3380 1769 wilder
3409 1714 3666 1791 Kerbel)
3697 1758 3720 1785 ‚

2121 1804 2335 1861 fallitur
2363 1822 2379 1862 :
2409 1822 2597 1879 neque
2623 1805 2775 1860 enim
2817 1813 2954 1859 tunc
2987 1803 3080 1859 vel
3110 1802 3214 1859 feri
3237 1802 3327 1857 isti
3351 1820 3482 1858 eam
3503 1823 3720 1860 eome-

2122 1892 2258 1948 dere
2305 1889 2677 1967 fingerentur,
2715 1902 2780 1947 ut
2820 1892 2982 1947 asini.
3032 1893 3098 1950 V.
3147 1890 3182 1946 3
3226 1891 3444 1959 lacuna}
3487 1892 3718 1968 Bergk.

2121 1980 2338 2036 Comm.
2363 1999 2425 2055 p.
2458 1979 2572 2036 303
2598 1977 2889 2043 ἄνστάντας
2907 1979 3118 2047 inserit,
3147 1980 3249 2052 qui
3270 1980 3490 2035 victum
3517 1981 3582 2036 in
3613 1982 3720 2039 his

2107 2067 2360 2124 'describi
2383 2067 2646 2123 observat
2673 2066 2928 2123 ferorum
2950 2068 3182 2123 illorum
3209 2066 3536 2127 hominum.

2875 2180 2930 2236 3.

2201 2296 2363 2352 Idem
2389 2304 2446 2369 4,
2469 2314 2531 2370 p.
2562 2315 2693 2367 171,
2719 2298 2771 2350 D
2800 2313 2815 2353 t
2843 2292 3158 2369 μνημονεύει
3179 2293 3352 2351 αὐτῶν
3377 2294 3714 2373 (προτένθας

2122 2381 2294 2461 dicit)
2321 2382 2414 2441 καὶ
2444 2384 2523 2441 Φ.
2557 2384 2608 2440 ἐν
2639 2380 2780 2458 Ἆγρ.

2817 2510 2923 2583 Μὴ
2961 2507 3296 2599 θαυμάσῃς·

2219 2624 2339 2681 τῶν
2364 2612 2476 2707 γὰρ
2507 2614 2836 2706 προτενθῶν
2869 2614 3066 2706 ἔσμεν·
3089 2616 3228 2679 ἀλλ’
3259 2616 3368 2679 οὐκ
3393 2610 3580 2682 οἶσθα
3611 2618 3708 2684 σύ.

2868 2760 2900 2819 4

2165 2848 2170 2855 ⁵
2203 2868 2397 2928 schol.
2432 2865 2824 2944 Aristophanis
2852 2865 2926 2921 ad
2951 2868 3061 2921 Av.
3087 2863 3203 2921 858
3239 2884 3252 2919 ε
3282 2853 3348 2935 ἦν
3373 2862 3434 2921 δὲ
3461 2866 3712 2945 ὁΧαῗρις

2123 2949 2270 3022 οὗτος
2324 2953 2636 3036 κιθαρῳδὸς,
2687 2953 2779 3014 καὶ
2826 2952 3038 3035 γέγονεν
3087 2951 3317 3024 αὖλητής
3367 2954 3716 3032 (despectus

2122 3047 2360 3105 Athenis
2397 3065 2411 3101 ε
2456 3066 2514 3100 ν.
2547 3055 2742 3101 annot.
2777 3043 2854 3100 ad
2895 3061 3028 3100 eum
3053 3043 3247 3098 locum
3273 3043 3490 3098 Avium
3533 3044 3700 3120 διο).

2125 3133 2440 3212 μνημονεύει
2469 3132 2522 3192 δὲ
2565 3135 2724 3190 αὐτοῦ
2753 3129 2844 3190 καὶ
2873 3131 2951 3191 Φ.
2982 3131 3036 3188 ἐν
3061 3128 3204 3209 Ἄγρ.

2223 3288 2279 3327 α.
2305 3260 2456 3353 Φέρ’
2479 3251 2618 3344 ἴδω,
2643 3251 2972 3353 κιθαρῳδὸς
2992 3257 3084 3334 τίς
3103 3257 3388 3333 κάκιστος
3421 3259 3708 3344 ἑγένετος

2226 3373 2288 3453 β.
2327 3365 2379 3435 ὁ
2405 3369 2644 3436 Πεισίου
2667 3369 2892 3443 Μέλης·
2922 3362 3083 3458 μετὰ
3105 3367 3213 3431 τὸν
3229 3365 3502 3436 Μέλητα
3527 3361 3594 3432 δ’
3620 3367 3706 3440 ἦν.

2221 3501 2284 3544 α.
2317 3464 2445 3568 Ἐγ]
2475 3470 2710 3566 ἀτρέμ’,
2745 3465 2974 3568 ἐγῷδα·
3015 3479 3247 3564 Χαῖρις.

2125 3608 2236 3669 ἔστι
2263 3609 2355 3668 καὶ
2381 3607 2551 3688 ἕτερος
2567 3653 2584 3680 ,
2611 3607 2872 3682 αὗλητὴς,
2899 3598 2960 3666 οὗ
2992 3605 3307 3684 μνημονεύει
3351 3609 3634 3686 Κρατῖνος
3663 3613 3712 3668 ἐν

2125 3697 2374 3774 Νεμέσει.
2418 3699 2636 3757 Eadem
2681 3699 2797 3756 fere
2843 3699 3046 3755 Suidas
3085 3719 3143 3754 v.
3189 3698 3404 3773 Χαῖρις·
3443 3703 3636 3758 Versu
3681 3719 3712 3756 2

2123 3790 2428 3844 articulum
2454 3790 2481 3845 δ
2495 3787 2718 3845 addidit
2738 3789 3105 3862 hiusgmvius,
3128 3783 3216 3843 τὸν
3239 3799 3296 3843 et
3315 3785 3364 3842 δ’
3397 3781 3712 3845 Dobracus

2123 3879 2356 3935 Advers.
2387 3895 2445 3946 a,
2476 3897 2538 3952 p.
2579 3895 2686 3932 παι
2727 3897 2740 3932 t
2790 3895 2922 3932 nam
2963 3875 3136 3934 codd.
3167 3871 3302 3949 μετὰ
3341 3872 3594 3947 Μέλητα
3625 3868 3713 3946 ἦν,

2125 3967 2284 4040 quod
2303 3967 2592 4024 Porsonus
2609 3975 2792 4022 mutat
2811 3967 2872 4020 in
2893 3961 2988 4030 τίς.
3013 3961 3217 4022 Suidas
3241 3960 3523 4033 Μέλητος.
3549 3992 3578 4018 ι
3605 3969 3714 4022 Mc·

2121 4057 2198 4112 les
2235 4056 2393 4112 haud
2438 4055 2612 4112 dubie
2647 4056 2802 4112 idem
2841 4066 2956 4122 est,
2997 4073 3167 4128 quem
3207 4053 3445 4110 Cinesiae
3493 4067 3712 4129 patrem

2122 4143 2287 4200 fuisse
2315 4155 2539 4200 constat
2565 4163 2636 4200 ex
2657 4145 2894 4200 Platone
2923 4143 3100 4217 Gorg.
3127 4161 3189 4216 p.
3222 4141 3362 4208 501,
3383 4142 3458 4196 E.
3505 4171 3530 4190 »ι
3565 4146 3651 4198 Μ.

2873 4254 2928 4313 5.

2200 4367 2394 4424 Schol.
2423 4365 2713 4440 Aristoph.
2737 4365 2810 4420 ad
2836 4368 2940 4422 Av.
2977 4361 3157 4436 1296:
3185 4357 3470 4437 φαίνονται
3491 4361 3588 4419 τὸν
3611 4363 3708 4418 Λυ-

2122 4456 2337 4530 κοῦργον
2367 4451 2656 4528 Αἰγύπτιον
2685 4441 2818 4507 εἶναι
2852 4447 3140 4540 νομίζοντες
3167 4444 3202 4514 ἢ
3230 4445 3289 4502 τὸ
3336 4445 3496 4522 γένος
3547 4449 3584 4518 ἢ
3607 4445 3712 4507 τοὺς

2125 4539 2362 4618 τρόπους.
2394 4542 2472 4599 (Ι).
2504 4538 2655 4614 Ἀγρ.

2071 4812 2081 4875 1
2123 4811 2152 4851 e
2179 4793 2480 4866 protenthis
2505 4795 2650 4850 enim
2683 4807 2902 4857 sumum
2927 4789 3023 4848 sed
3051 4797 3110 4846 tu
3131 4775 3438 4846 nesciebas.

2875 4885 2928 4933 4.

2123 4983 2172 5025 a.
2210 4975 2324 5041 Age
2348 4968 2556 5025 videam
2590 4986 2603 5022 τ
2633 4967 2754 5041 quis
2782 4967 3043 5040 pessimus
3065 4963 3169 5020 fuit
3195 4941 3590 5024 citharmdus?

2126 5058 2177 5111 1».
2215 5057 2372 5114 Pisiae
2397 5057 2541 5112 filius
2571 5057 2776 5122 Meles3
2803 5063 2857 5111 et
2883 5062 3008 5128 post
3033 5051 3358 5110 Meletem...

2126 5163 2172 5201 a.
2197 5146 2452 5216 Quiesce;
2479 5161 2580 5216 ego
2603 5145 2746 5199 scio:
2777 5143 3004 5200 chaeris.
