3809 5850
427 413 538 463 552

622 532 941 593 Lxxxlv.
988 528 1393 590 ΟΔΥΣΣΕΥΣ
1440 530 1809 590 ΥΦΑΙΝΩΝ.

1154 771 1161 779 ·

508 822 723 881 A'then.
760 840 854 891 10,
883 842 944 897 p.
982 828 1090 887 421
1116 862 1132 890 ,
1167 823 1218 876 A
1252 837 1264 876 :
1296 816 1413 875 οὐδὲ
1458 816 1629 897 ῧὸρειτ.
1659 821 1750 881 καὶ
1778 842 1992 899 προπη-

424 906 709 985 λακισμοὺς
757 908 909 983 (scil.
949 910 1089 966 ποιεῖ
1124 905 1326 973 εὐτελὲς
1374 906 1643 983 δεῖπνον),
1679 912 1749 975 ὡς
1790 906 1905 968 Ἀλ.
1939 908 1993 965 ἰν

423 994 974 1140 ἓξιξσὶετὶἒφαίνοντι
1026 994 1217 1073 (apud
1276 997 1683 1073 Calypsonem)
1738 994 1998 1076 μαρτυρεῖ

617 1253 713 1263 —
740 1214 935 1280 Φιλεῖ
951 1212 1063 1307 γὰρ
1098 1219 1136 1287 ἡ
1173 1212 1369 1307 μακρὰ
1402 1214 1677 1283 συνουσία

521 1319 625 1385 καὶ
663 1317 743 1389 τὰ
789 1318 1099 1411 συμπόσια
1122 1318 1203 1389 τὰ
1245 1318 1452 1387 πολλὰ
1472 1371 1493 1406 ,
1534 1321 1639 1387 καὶ
1672 1322 1802 1388 καθ’
1848 1324 1996 1412 ἡμέ-

1625 1452 1726 1519 Ραν
1746 1477 1766 1510 ⁹

520 1528 766 1621 σκῶψιν·
800 1538 838 1606 ἡ
872 1528 1100 1621 σκῶψις
1142 1524 1212 1597 δὲ
1260 1539 1446 1599 λυπεῖ
1473 1539 1684 1599 πλεῖον
1724 1530 1759 1606 ἢ
1790 1535 1993 1625 τέρπει

1810 1642 1988 1705 πολύ·

515 1754 622 1809 τοῦ
653 1752 849 1821 κακῶς
880 1744 1080 1836 λέγειν
1107 1740 1219 1837 γὰρ
1254 1743 1403 1835 ἀρχὴ
1439 1740 1689 1837 γίγνετ’·
1724 1739 1793 1808 ἂν
1815 1735 1876 1808 δ’
1917 1743 1996 1812 εἴ·

1637 1874 1757 1941 πῃς
1787 1849 1950 1933 ἅπαξ
1967 1901 1986 1937 2

424 1958 465 2020 b
520 1955 679 2031 εὐθὺς
703 1956 1087 2032 ἀντήκουσας·
1114 1948 1233 2028 ἤδη
1264 1946 1664 2049 λοιδορεῖσθαι
1682 1954 1986 2045 λείπεται,

520 2055 655 2125 εἶτα
730 2063 1058 2129 τύπτεσθαι
1124 2053 1437 2129 δέδεικται
1496 2062 1601 2129 καὶ
1670 2072 1986 2157 παροινεῖν·

1652 2180 1848 2237 ταῦτα
1878 2169 1992 2266 γὰρ

515 2270 671 2338 κατὰ
699 2276 869 2365 φύσιν
910 2274 1167 2366 πέφυκεν
1198 2278 1384 2351 οὕτως
1407 2324 1425 2359 ,
1473 2274 1581 2339 κοῦ
1613 2300 1672 2341 τι
1719 2276 1989 2367 μάντεως

1836 2376 1910 2449 ἕδ
1914 2410 1940 2450 ε
1947 2412 1986 2451 ι.

427 2544 451 2567 «ι
480 2520 703 2575 Partem
739 2520 975 2591 horum,
1004 2520 1136 2577 inde
1179 2539 1211 2576 a
1248 2538 1417 2577 versu
1458 2520 1489 2574 3
1530 2540 1709 2595 usque
1748 2524 1823 2579 ad
1870 2512 1984 2583 εἶτα

416 2604 595 2678 τύπτ.,
619 2609 849 2683 repetiit
874 2608 1027 2665 Eust.
1048 2607 1124 2663 ad
1150 2608 1219 2664 11.
1241 2627 1302 2682 p.
1337 2606 1508 2677 1312,
1538 2607 1633 2665 38.
1654 2612 1721 2667 V.
1752 2610 1783 2665 3
1808 2610 1986 2669 πλεῖον

415 2714 521 2769 pro
564 2691 722 2751 πλέον
763 2694 1080 2773 Schweigh.
1121 2696 1185 2751 V.
1222 2700 1257 2760 4
1306 2694 1440 2749 libri
1468 2692 1684 2769 γίνεται.
1733 2699 1884 2757 ibid.
1925 2698 1986 2757 ἃν

414 2802 523 2857 pro
546 2777 609 2841 ἂν
631 2784 829 2839 Valek.
860 2782 938 2839 ad
963 2782 1233 2839 Phoeniss.
1264 2780 1436 2840 1651.
1464 2807 1489 2833 n
1514 2784 1567 2837 E
1583 2786 1671 2843 M.
1698 2788 1760 2841 V.
1790 2807 1821 2857 7
1854 2788 1985 2844 libri

416 2867 681 2935 mendose
704 2868 797 2928 καί
819 2892 867 2928 τι
898 2894 957 2946 μ.
992 2866 1099 2928 ἔδει
1120 2869 1497 2947 (Hirschigius
1524 2892 1584 2930 σε
1609 2870 1751 2948 δεῐ);
1802 2876 1987 2934 Minus

414 2961 667 3034 placeret
702 2957 795 3016 καί
832 2981 883 3016 τι
912 2980 972 3035 μ.
1014 2957 1156 3034 ἔδει,
1205 2964 1381 3016 etiam
1432 2966 1586 3018 vatis
1622 2963 1687 3018 id
1724 2965 1986 3041 inde‘gee?

414 3049 582 3104 Posui
614 3043 786 3107 κοῦτι.

1176 3175 1231 3214 2.

494 3288 651 3343 Idem
684 3307 739 3358 7,
767 3308 823 3362 p.
858 3289 993 3357 302,
1018 3289 1063 3344 F
1089 3307 1099 3340 :
1130 3282 1241 3343 Ἄλ.
1264 3287 1309 3343 δ’
1335 3288 1387 3344 ἰν
1419 3286 1670 3346 Ὀδυσσεῖ
1704 3291 1972 3370 ὑφαίνοντι

413 3397 503 3432 και
525 3372 620 3444 τὴν
650 3374 883 3455 κεφαλὴν
910 3379 1003 3432 τοῦ
1028 3372 1207 3432 θύννου
1241 3375 1498 3446 ἐπαινῶν,
1532 3375 1660 3454 φησὶ

507 3509 638 3575 Καὶ
670 3511 811 3586 τοὺς
844 3511 1050 3587 ἁλιέας
1080 3510 1163 3586 εἰς
1190 3511 1263 3576 τὸ
1288 3509 1577 3602 βάραθρον
1613 3505 1879 3631 ἐμὲαλῶ·

508 3617 910 3708 ἀπελευθέρων
941 3613 1163 3710 ὀψάρια
1183 3613 1486 3710 θηρευουσί
1515 3641 1653 3707 μοι,

506 3712 823 3852 τριχίδια,
858 3722 958 3787 καὶ
988 3714 1285 3807 σηπίδια,
1324 3721 1428 3788 καὶ
1465 3726 1751 3813 φρυκτούς
1784 3751 1977 3803 τινας,

505 3827 675 3904 οὗτος
697 3821 767 3893 δὲ
799 3833 1063 3919 κεφαλὴν
1096 3828 1192 3892 εἰ
1174 3829 1451 3920 πρότερον
1496 3827 1694 3896 θύννου
1722 3825 1901 3896 Mem
1926 3881 1943 3912 ‚

411 3919 450 3990 5
507 3921 767 4017 ἐνόμιζεν
800 3927 1121 4017 ἐγχέλεια,
1156 3929 1259 3990 κού
1288 3925 1487 3989 θύννον
1509 3932 1661 4016 ,’σφ
1693 3929 1874 4017 ἔχειν.

411 4079 541 4132 Haec
570 4095 682 4133 una
702 4077 785 4133 est
806 4077 1029 4144 orati0,
1058 4095 1246 4150 neque
1268 4077 1653 4148 immittenda,
1690 4091 1755 4134 ut
1786 4081 1978 4154 vulgO,

406 4165 586 4219 altera
615 4181 851 4238 persona
871 4182 1036 4220 versu
1068 4170 1125 4228 (ι.
1151 4165 1240 4221 Ibi
1263 4165 1343 4218 ita
1370 4163 1614 4224 Casaub.
1639 4177 1696 4220 et
1720 4167 1973 4222 Erfurdt.

876 4329 1151 4386 ULlXES
1187 4330 1492 4384 TEXENS.

548 4531 613 4539 -—
639 4483 784 4560 Solet
803 4502 950 4558 enim
976 4501 1135 4576 longa
1156 4421 1518 4568 ciinsuetudO,

478 4587 759 4662 multaque
787 4591 1066 4659 convivia,
1086 4599 1141 4647 et
1159 4590 1379 4664 quidem
1404 4589 1621 4653 diurna.
1648 4591 1869 4663 gignere

480 4679 709 4745 cavilla,
737 4679 929 4736 cavilla
951 4687 1134 4771 autem
1166 4680 1339 4736 multo
1368 4679 1541 4751 magis
1568 4677 1781 4736 laedunt
1809 4695 1972 4750 quam

1624 4767 1971 4836 [delet-,rann

472 4871 503 4910 a
547 4853 879 4910 malecdictis
928 4856 1069 4911 enim
1114 4855 1182 4926 nt,
1218 4857 1463 4922 initium3
1518 4869 1754 4928 quaeque
1806 4853 1972 4910 semel

1690 4940 1972 5009 [dixeriS‚

402 5034 433 5082 5
470 5033 653 5084 statim
665 5029 735 5085 ab
746 5029 917 5087 altero
928 5029 1217 5095 audiveri53
1229 5030 1345 5103 jam
1361 5027 1691 5086 contumelia
1706 5037 1971 5101 superest,

470 5117 667 5173 deinde
696 5118 867 5190 plagae
890 5126 1051 5190 atque
1073 5117 1301 5175 ebrietas
1326 5136 1339 5172 ε
1513 5117 1680 5185 [vatis
1708 5115 1970 5188 indigent.

1800 1434 1993 1493 ποιεῖν
2065 1471 2073 1479 -

1444 397 1711 459 MEDlAE
1756 398 2168 461 COMOEDIAE
2213 386 2623 473 RELl‘QUlAE.

2029 554 2032 559 ·
2091 530 2252 611 Libri
2297 520 2442 593 οὗτος
2494 527 2743 609 πρότερον
2789 529 3021 608 κεφαλὴν
3063 532 3110 589 εἰ
3159 530 3314 589 λάὸοι
3355 530 3543 590 θύννου.
3579 536 3637 588 ln

2085 619 2262 675 altera
2286 620 2378 678 ed.
2415 619 2646 678 Meinek.
2683 636 2697 676 τ

2195 759 2364 838 οὗτος
2380 761 2661 855 πρότερον
2681 761 3010 854 κεφάλαιον
3045 764 3098 829 εἰ
3131 763 3330 831 θύννου
3357 756 3551 830 Mem.

2086 894 2256 969 Οὗτος
2269 914 2354 959 est
2367 906 2800 976 contemnentis,
2815 916 2881 961 ut
2903 906 3197 982 Aristopb.
3215 906 3376 963 Nub.
3397 907 3524 981 293,
3537 920 3636 962 etc.

2086 996 2153 1052 V.
2201 992 2236 1049 5
2263 994 2560 1050 manifesto
2591 995 2804 1052 mendo
2825 995 2962 1051 libri
2985 995 3107 1071 ἐγχ.
3138 992 3232 1053 καὶ
3265 994 3468 1061 θύννους
3493 993 3636 1073 ἔχειν.

2089 1082 2365 1157 Anguillae
2393 1082 2556 1139 cibus
2579 1082 2875 1154 delicatus,
2899 1101 3020 1160 prae
3043 1084 3258 1159 quibus
3285 1078 3640 1143 inter-locutor

2087 1171 2401 1227 contemnit
2422 1183 2596 1247 caput
2623 1174 2843 1247 thynni.

2789 1328 2797 1331 ·⁴
2847 1302 2900 1357 3.

2167 1446 2512 1499 Memoratur
2549 1444 2920 1517 Tiehymallus
2947 1446 3256 1518 parasitus;
3304 1465 3360 1507 v,
3403 1448 3636 1501 Athenaei

2085 1533 2256 1589 verba
2275 1534 2334 1587 in
2361 1534 2430 1587 fr.
2465 1553 2498 1587 ἰ
2521 1534 2746 1588 Milesiae
2767 1534 2972 1607 posita.

2381 1645 2664 1755 LXXXV.
2713 1694 3351 1756 ΟΛΥΜΠΙΟΔΩΡΟΣ.

2165 1840 2332 1915 Diog.
2365 1843 2552 1897 Laert.
2581 1840 2635 1912 3,
2665 1840 2741 1897 28
2777 1860 2790 1895 :
2817 1842 3042 1905 τοιοῦτος
3071 1840 3118 1897 δ’
3146 1834 3222 1897 ὢν
3251 1841 3475 1915 (Plato)
3515 1838 3634 1913 ὅμως

2087 1926 2329 2006 ἐσκώφθη
2351 1926 2441 1985 καὶ
2472 1926 2624 1993 αὐτὸς
2651 1924 2750 1985 ὑπὸ
2774 1928 2876 1985 τῶν
2899 1928 3162 2003 κωμικῶν.
3203 1971 3272 1987 ...
3303 1924 3425 1988 Ἄλ.
3450 1926 3630 2003 Ὀλυμ·

2082 2014 2347 2094 πιοδώρῳ,

2183 2157 2365 2239 Σῶμα
2399 2150 2508 2239 μὲν
2537 2152 2684 2239 ἐμοῦ
2713 2148 2784 2215 τὸ
2815 2148 3024 2219 θνητὸν
3053 2146 3196 2215 οῶον
3227 2150 3462 2241 ἐγένετο
3483 2197 3500 2229 ,

2178 2255 2248 2320 τὸ
2279 2246 2338 2320 δ’
2377 2254 2670 2321 ἀθάνατόν
2697 2250 2842 2348 (γ’)
2876 2248 3044 2348 ἐξῆρε
3063 2254 3212 2347 πρὸς
3241 2256 3347 2321 τὸν
3377 2255 3533 2345 ἀέρα.

2177 2362 2366 2427 Ταῦτ’
2403 2366 2468 2427 οὐ
2491 2364 2682 2453 σχολὴ
2721 2361 3097 2445 Πλάτωνος;

2087 2542 2109 2565 a
2153 2520 2327 2573 Versu
2365 2536 2397 2572 ο
2449 2516 2668 2573 restitui
2713 2517 2983 2571 aoristum
3037 2532 3147 2589 pro
3194 2516 3428 2589 vulgato
3463 2510 3620 2589 ἐξῇρε,

2080 2606 2242 2680 quod
2271 2624 2388 2661 non
2419 2615 2539 2661 erat
2576 2606 2758 2661 curin
2794 2600 2939 2679 ἐξῇξε
2985 2614 3332 2661 mutaretur.
3377 2602 3622 2657 Similiter

2082 2686 2323 2768 ἀπαίρειν
2361 2692 2714 2748 intransitive
2743 2692 2975 2749 dicitur.
3010 2694 3213 2747 Versus
3238 2690 3272 2745 3
3298 2690 3526 2745 fortasse
3541 2690 3617 2743 al-

2081 2782 2183 2835 teri
2207 2781 2606 2837 interlocutori
2625 2778 3004 2854 assignandus.
3045 2804 3068 2828 »
3099 2781 3150 2833 Ε
3174 2780 3265 2837 Μ.
3313 2780 3407 2834 mi
3443 2778 3617 2833 immisi

2075 2888 2158 2943 γε,
2189 2869 2456 2943 idemque
2486 2867 2804 2923 faciendum
2827 2878 2970 2944 puto
2992 2868 3147 2944 apud
3171 2867 3464 2943 Aristoph.
3489 2866 3612 2921 Ach.

2080 2953 2178 3029 53,
2211 2957 2314 3014 Av.
2365 2975 2538 3030 1129,
2568 2958 2716 3014 Rau.
2753 2953 2866 3029 590
2893 2973 2908 3012 :
2935 2972 3123 3029 neque
3157 2955 3311 3009 enim
3334 2955 3507 3029 prima
3539 2955 3616 3007 τοῦ

2077 3042 2329 3110 ἀθάνατος
2342 3057 2584 3120 propter
2597 3055 2841 3101 metrum
2861 3043 3142 3120 producta
3153 3043 3311 3119 apud
3329 3045 3614 3100 Homerum

2075 3133 2186 3189 huc
2213 3136 2480 3209 pertinet.

2483 3310 2810 3371 Lxxxvl.
2859 3310 3146 3370 ΟΛΥΝΘΙ
3157 3313 3222 3368 Α.

2151 3468 2243 3524 Sic
2265 3465 2503 3522 Photius
2515 3479 2572 3522 et
2581 3467 2814 3536 Suidas;
2829 3461 3099 3530 Ὀλύνθιος
3117 3477 3312 3522 autem
3337 3467 3424 3521 vel
3445 3463 3606 3522 ’02:32-

2072 3557 2171 3611 θιοι
2197 3556 2404 3610 Athen.
2425 3566 2483 3610 et
2505 3555 2783 3612 StobaeuS.

2153 3815 2358 3875 Athen.
2394 3834 2448 3884 α,
2481 3834 2540 3891 p.
2573 3814 2646 3881 54
2669 3859 2686 3888 ,
2719 3817 2797 3890 F,
2831 3815 2900 3871 de
2933 3811 3211 3892 ἕρεὸίνθοις
3239 3833 3415 3890 agens
3451 3809 3612 3869 :mz-

2070 3897 2143 3967 Εῑς
2171 3927 2196 3952 ⁸
2219 3898 2402 3962 Ἔστιν
2429 3905 2490 3960 ἀν
2493 3901 2560 3982 ήρ
2591 3925 2700 3974 μοι,
2732 3915 2879 3961 etc.
2905 3904 3064 3961 Idem
3086 3903 3142 3973 3,
3167 3923 3229 3978 p.
3259 3903 3375 3977 75,
3401 3907 3480 3959 Α·
3510 3897 3607 3957 Ἆλ.

2069 3988 2115 4044 δ’
2144 3989 2197 4046 ἐν
2239 3989 2496 4070 Ὀλυνθίῳ
2530 3991 2705 4072 (sic),
2750 3989 3002 4070 Φρυγίων
3043 3989 3218 4048 σύκων
3261 3988 3580 4066 μνημονεύων

2069 4077 2250 4156 ‹pneri-
2269 4077 2348 4138 Τό
2365 4101 2422 4136 τε
2449 4079 2711 4159 θειοφανὲς
2733 4119 2810 4132 -
2837 4083 3020 4150 συκῆξ,
3056 4099 3267 4154 »quos
3293 4081 3460 4178 hujus
3482 4079 3608 4151 frag-

2069 4171 2246 4224 menti
2276 4188 2468 4226 versus
2488 4171 2720 4226 ultimos
2748 4188 2864 4227 esse
2891 4170 3038 4225 vidit
3067 4170 3237 4227 Mein.
3293 4179 3302 4192 ’

2823 4344 2873 4391 2.

2141 4425 2314 4480 Etiam
2341 4425 2634 4496 piscatores
2666 4425 2723 4479 in
2747 4424 3064 4480 barathrum
3091 4422 3442 4497 praeeipitabo
3473 4439 3482 4470 :

2139 4509 2421 4567 illiberalia
2452 4512 2596 4566 enim
2617 4510 2846 4582 opsonia
2873 4510 3007 4565 mihi
3029 4518 3315 4576 venantur,

2137 4596 2412 4666 tricliidia,
2433 4605 2488 4653 et
2506 4596 2758 4670 sepiolaS‚
2775 4605 2940 4670 atque
2959 4604 3168 4652 assatos
3191 4595 3404 4667 aliquos
3429 4591 3600 4664 pist-eff:

2135 4683 2466 4756 quidamque
2492 4673 2650 4740 antea
2669 4683 2713 4739 si
2743 4691 2908 4756 caput
2933 4681 3132 4755 thynni
3151 4686 3480 4752 sumpserat-

2067 4777 2098 4824 5
2133 4769 2398 4842 anguillas
2415 4811 2429 4836 ‚
2453 4785 2564 4825 non
2590 4768 2854 4842 thynnum
2872 4779 2894 4836 ,⁸
2914 4785 2974 4824 se
2995 4768 3194 4824 babere
3214 4764 3568 4824 arbitrabatur.

2545 4905 3149 4962 OLYMPIODORUS.

2065 5031 2276 5099 Corpus
2293 5025 2516 5098 quidem
2545 5041 2726 5080 meum
2753 5025 2984 5080 mortale
3001 5024 3241 5090 exaruit,

2063 5114 2368 5171 immortale
2393 5123 2573 5170 autem
2593 5111 2838 5168 aseendit
2851 5113 2908 5167 in
2930 5126 3132 5167 aerem.

472 5207 588 5262 lnaec
621 5207 764 5262 enim
812 5207 1113 5263 set-undum
1158 5215 1410 5264 naturam
1460 5207 1538 5262 sic
1582 5205 1745 5272 liunt,
1796 5221 1968 5276 neque
2063 5200 2381 5256 Nonne-hoc
2408 5207 2488 5254 est
2510 5199 2691 5254 schola
2711 5197 2987 5254 Platonis?
