3809 5850
439 444 554 496 ⁴22

437 654 600 711 Libri
626 651 877 733 σήμερον.

893 797 1078 856 XXV.
1128 795 1548 856 ΟΔΥΣΣΕΥΣ.

1210 939 1258 974 1.

518 1034 728 1090 Athen.
756 1031 813 1102 6,
843 1051 908 1108 p.
949 1051 1092 1102 227,
1134 1033 1178 1086 B
1209 1051 1221 1085 :
1252 1027 1342 1086 καὶ
1377 1031 1425 1086 οἱ
1461 1027 1624 1093 ἁλιεῖς
1649 1026 1734 1085 ἐπὶ
1766 1030 1831 1106 τῇ
1855 1025 2015 1106 τέχνῃ

441 1117 580 1196 μέγα
622 1120 865 1197 φρονοῦσι
905 1117 1106 1195 μᾶλλον
1139 1115 1174 1186 ἢ
1216 1116 1264 1173 οἱ
1305 1115 1507 1194 ἄριστοι
1532 1117 1636 1172 τῶν
1683 1118 2013 1194 στρατηγῶν.

443 1205 672 1286 παράγει
700 1209 822 1281 γοῦν
862 1227 978 1264 τινα
1001 1202 1198 1262 τούτων
1227 1202 1334 1262 Ἂν.
1374 1204 1429 1262 ἐν
1456 1200 1705 1264 Ὀδυσσεῖ
1723 1245 1739 1275 ,
1768 1201 1892 1280 περὶ
1924 1205 2019 1274 τῆς

443 1295 739 1364 ἁλιευτικῆς
769 1290 958 1372 τέχνης
985 1290 1108 1350 τάδε
1133 1289 1353 1364 λέγοντα
1373 1335 1389 1364 ,

589 1449 649 1490 α.
682 1423 821 1488 Τῶν
862 1417 1191 1512 ζωγράφων
1227 1421 1334 1514 μὲν
1363 1427 1399 1494 ἡ
1434 1425 1589 1496 καλὴ
1624 1418 1962 1513 χειρουργία

586 1533 645 1595 ἐν
673 1535 801 1604 τοῖς
829 1525 1032 1608 πίναξι
1061 1529 1403 1618 κρεμαμένη
1435 1521 1834 1617 θαυμάζεται·

586 1639 734 1706 αὕτη
765 1626 826 1700 δ’
863 1634 1132 1725 ἀσέμνως
1161 1635 1229 1698 ἐκ
1257 1623 1532 1710 λοπάδος
1561 1627 1899 1722 ἁρπάζεται
1919 1681 1937 1714 ,

585 1742 707 1806 ἀπὸ
737 1750 845 1806 τοῦ
877 1741 1139 1832 ταγτΐνου
1177 1745 1234 1804 τ’
1270 1739 1476 1816 εὐθέως
1507 1732 1889 1830 ἀφανίζεται.

493 1842 531 1912 5
593 1849 653 1931 β.
674 1838 798 1912 Ἐπὶ
812 1841 948 1911 τίνα
960 1836 1022 1910 δ’
1045 1841 1242 1916 ἄλλην
1263 1839 1334 1910 ἃν
1363 1847 1658 1936 τέχνην,ὧ
1677 1844 1899 1936 χρηστὲ
1920 1845 2015 1929 σὺ,

587 1949 667 2018 τὰ
696 1950 974 2042 στόματα
1000 1957 1120 2016 τῶν
1147 1951 1443 2041 νεωτέρων
1471 1950 1830 2030 κατακάετ’,
1857 1946 1892 2020 ἢ

590 2057 848 2148 ὠθισμός
879 2060 1013 2122 ἐστι
1044 2049 1364 2122 δακτύλων
1396 2053 1700 2122 τοιουτοσὶ

590 2161 626 2234 ἢ
655 2162 910 2255 πνιγμὸς
928 2211 947 2246 ,
981 2157 1054 2226 ἃν
1069 2166 1154 2252 μὴ
1184 2162 1344 2254 ταχὺ
1374 2153 1632 2232 δύνηται
1661 2167 2018 2246 καταπιεῖν;

589 2269 730 2334 ἀλλ’
763 2267 860 2336 οὖν
890 2267 1036 2361 μόνη
1067 2267 1295 2361 χαρτοίς
1321 2263 1466 2360 (γε)
1495 2266 1796 2341 συνουσίας
1815 2273 1983 2332 ποιεῖ

596 2373 866 2463 εἷοψος“
831 2372 1052 2468 αγοροί·
1084 2374 1175 2452 τίς
1207 2367 1270 2439 δ
1253 2399 1278 2440 ε
1312 2365 1656 2439 συνδειπνεῖ
1684 2377 1913 2464 βροτῶν

591 2481 890 2607 φρυκτοὺς
912 2474 1378 2564 καταλαὲὼν,““
1351 2505 1387 2551 η
1419 2477 1760 2570 κορακίνους
1781 2476 2019 2565 ωνίους,

592 2585 628 2658 ἢ
659 2568 925 2676 μαινίδ;
960 2589 1180 2678 ὡραῖον
1211 2579 1278 2651 δὲ
1313 2586 1733 2676 μειρακύλλιον

591 2691 789 2768 ποίαις
817 2683 1148 2776 ἐπῳδαῖς*
1119 2717 1154 2764 η
1181 2693 1384 2784 λόγοις
1415 2688 1733 2758 ἁλίσκεται

594 2797 749 2864 τίσιν
779 2795 1036 2890 (φράσον
1065 2793 1345 2890 γὰρ),
1302 2823 1376 2862 αν
1413 2823 1506 2874 τις
1535 2797 1726 2889 ἀφέλῃ
1771 2801 1884 2871 τὴν
1923 2801 2023 2864 τέ-

1873 2932 2026 2996 χνην

462 3006 541 3077 15
597 3018 719 3077 τῶν
749 3011 968 3076 ἁλιέων
995 3008 1177 3104 (γε);
1209 3004 1362 3104 τῇδε
1392 3009 1508 3104 γὰρ
1535 3005 1921 3103 δαμάζεται,

595 3116 810 3239 ἑφθοῖς
821 3119 1154 3227 προσώποις
1187 3087 1402 3206 ἰχθύων
1421 3120 1799 3245 χειρούμενοι·

597 3218 790 3314 ἅγουσ
827 3227 909 3287 ὑπ
947 3220 1139 3299 αὐτὰς
1157 3220 1239 3288 τὰ
1267 3224 1513 3314 στόματ
1559 3224 1808 3317 ἀρίστου
1824 3228 2023 3304 πύλας

595 3322 937 3422 ἀσύμὸολον
964 3325 1172 3401 κλίνην
1201 3336 1262 3395 τ’
1295 3325 1624 3421 ἀναγκάζει
1653 3334 1845 3423 φύσιν.

458 2397 541 2441 10

450 3473 816 3547 Colloquium
863 3476 1102 3549 pictoris
1139 3487 1198 3533 et
1239 3478 1560 3555 piscatori-1.
1597 3480 1775 3538 Versu
1818 3479 1850 3539 3
1889 3484 2021 3539 libri

453 3559 587 3633 αὐτή
606 3609 624 3639 ,
648 3576 807 3623 recte
828 3566 1152 3643 Schweigh.
1175 3569 1310 3638 αὕτη
1325 3610 1342 3639 ,
1365 3568 1491 3625 hoec
1501 3610 1521 3637 ,
1543 3588 1634 3626 ars
1652 3572 2021 3644 piscatorum,

449 3653 652 3726 pisces.
686 3654 910 3711 Ibidem
942 3658 1117 3729 vulgo
1145 3658 1291 3713 male
1319 3677 1376 3715 α.
1417 3653 1472 3713 δὲ
1499 3659 1724 3729 σεμνῶς.
1753 3662 1823 3717 V.
1851 3666 1884 3728 4
1918 3659 2024 3717 ἀπὸ

449 3742 542 3797 τοῦ
558 3761 680 3816 ταγ.
697 3742 770 3797 ad
785 3739 984 3811 frixa,
1013 3742 1156 3801 illud
1177 3755 1364 3799 autem
1385 3743 1444 3798 ἐκ
1467 3745 1589 3804 λοπ.
1617 3745 1690 3800 ad
1711 3747 1866 3801 elixa
1891 3766 2022 3821 per-

453 3830 632 3884 tinere
655 3831 879 3884 monuit
897 3830 1217 3905 Schweigh.
1252 3832 1322 3887 V.
1365 3828 1398 3884 5
1423 3830 1558 3887 libri
1591 3828 1672 3890 Ἥ.
1699 3854 1748 3887 τ.
1784 3832 1829 3889 δ’
1855 3832 2021 3905 ἄλλην

450 3913 658 3989 τέχνην.
687 3916 800 3971 Pro
822 3916 1065 3972 arbitrio
1084 3918 1430 3990 scripserunt
1455 3916 1542 3976 Ἤ.
1573 3940 1626 3977 τ.
1659 3917 1705 3975 δ’
1726 3908 1828 3976 ὧδ’
1856 3919 2023 3993 ἄλλην

1087 4081 1386 4137 ULlXES.

1225 4175 1250 4225 ἱ
1272 4215 1277 4220 .

559 4266 614 4307 a.
641 4252 916 4308 Pictorum
943 4253 1168 4325 quidem
1192 4271 1281 4312 ars
1303 4264 1551 4323 venusta,

561 4340 618 4395 in
645 4338 846 4396 tabulis
866 4354 1152 4417 suspensa,
1183 4341 1534 4400 admirationi
1559 4354 1675 4413 est;

562 4426 682 4483 haec
707 4435 892 4483 autem
923 4428 1282 4486 irreverenter
1309 4445 1341 4488 e
1361 4431 1546 4504 patina
1571 4432 1799 4505 rapitur,

561 4521 618 4572 et
634 4530 666 4571 e
691 4514 872 4572 catino
891 4516 1075 4573 statim
1099 4518 1388 4575 evanescit.

490 4608 524 4659 5
561 4602 618 4659 b.
643 4602 940 4675 cujusnam
963 4620 1091 4662 vero
1107 4604 1243 4661 artis
1263 4604 1522 4677 cupidine
1537 4646 1552 4673 ,
1573 4622 1606 4662 ο
1627 4604 1769 4663 bone
1790 4650 1803 4673 ‚

563 4706 658 4747 ora
679 4690 968 4763 juniorum
991 4692 1406 4749 inflammantur
1427 4700 1710 4765 tantopere
1729 4736 1744 4760 ‚

563 4777 819 4834 manibus
835 4778 1270 4846 retrudentibuS‚
1290 4777 1714 4853 hominibusque

563 4860 848 4919 suffocatis
861 4906 876 4931 ,
895 4864 942 4920 si
967 4880 1081 4921 non
1101 4866 1285 4922 subito
1309 4865 1600 4923 devorandi
1629 4866 1794 4925 datur
1815 4870 2009 4941 copia?

563 4964 760 5022 nempe
776 4949 954 5006 solum
973 4949 1318 5008 delectabiles
1329 4950 1514 5009 reddit
1531 4964 1832 5012 conventus
1850 4954 2032 5013 sorum

461 5042 528 5092 10
565 5036 710 5094 bono
734 5046 1006 5111 opsonatu
1041 5038 1304 5098 refertum
1341 5056 1356 5095 ι
1387 5042 1514 5113 quis
1535 5040 1681 5098 enim
1719 5045 2032 5101 mortalium

1683 5134 2035 5199 [convivetur

565 5212 796 5269 inventis
825 5212 994 5271 frictis
1013 5256 1029 5283 ,
1053 5216 1138 5271 vel
1159 5217 1394 5274 corvulis
1428 5217 1730 5287 venalibuS,

563 5298 650 5353 vel
677 5304 893 5357 maena?
915 5311 969 5357 et
995 5300 1266 5361 formosus
1289 5303 1730 5363 adolescentulus

2104 821 2288 880 Codd.
2318 819 2481 878 ἄλλου
2508 819 2703 895 μόνονη
2726 816 2863 896 γὰρ,
2892 818 3055 874 ἄλλου
3093 815 3251 892 μόνον
3290 818 3325 886 ἡ
3368 815 3487 894 γαρ,
3512 815 3631 878 ὅλους

1451 431 1733 490 MEDIAE
1775 427 2187 490 COMOEmAE
2230 425 2643 500 RELIQUIAE..

437 563 725 640 Significat
753 566 926 641 igitur
957 559 1246 642 Εὐριπίδης
1265 581 1576 638 γενησεται,
1612 559 2001 618 inebriabetur.
2106 579 2160 616 τ.
2195 561 2263 616 V.
2302 577 2353 628 7.
2389 556 2717 612 «Similitet
2744 552 3025 628 Polybius
3062 559 3120 624 4,
3168 553 3288 610 58:
3320 551 3527 626 ὦθισμον
3558 555 3625 609 ni

2100 642 2395 719 πνιγμόν.»
2372 647 2467 700 »E
2484 646 2569 702 M.
2586 647 2653 702 V.
2684 643 2797 698 Set
2822 638 2941 708 14
2910 663 2975 698 αν
3002 640 3271 700 Dindorf.
3292 661 3394 717 pro
3412 639 3511 700 ἐάν.
3528 647 3612 700 Ὧι
3600 668 3625 714 1
3668 709 3670 718 Ι

2107 735 2279 808 vulgo
2308 732 2621 789 secundum
2649 731 2774 791 Cas.
2802 730 2917 787 ἀλλ’
2948 729 3008 786 οὗ
3046 727 3181 805 μόνη
3216 727 3321 806 γὰρ
3352 727 3441 790 τὰς
3464 751 3560 786 ουν.
3580 752 3623 786 π

2108 906 2265 982 μόνον
2312 909 2345 976 ἡ
2376 904 2499 984 γάρ.
2536 906 2803 964 Dindorf.
2848 903 2966 962 ἀλλ’
3004 893 3117 964 ουν.
3150 904 3237 962 Cf.
3271 908 3378 963 Ar.
3420 905 3629 962 Achata.
3670 889 3672 896 ¹

2110 995 2222 1052 585
2240 995 2491 1069 ,Eurip.
2516 994 2675 1068 Cycl.
2706 993 2847 1064 237,
2877 991 3148 1067 Xenoph.
3172 993 3386 1068 Cyrop.
3412 1011 3463 1062 1,
3494 997 3635 1064 4,19,

2108 1041 2279 1143 Meni.
2308 1083 2362 1140 S.
2394 1092 2453 1152 4,
2487 1087 2541 1154 4,
2568 1101 2637 1139 οι
2659 1122 2678 1152 ,
2712 1093 2821 1142 etc.
2850 1081 3023 1138 Posui
3050 1075 3297 1156 χαρτάς·
3282 1119 3297 1134 .
3323 1099 3356 1154 γ
3390 1089 3501 1154 0²7.
3526 1097 3633 1132 con·

2108 1171 2262 1242 susa,
2302 1180 2367 1227 ut
2412 1172 2711 1246 Hermippi
2757 1170 2987 1227 Phorm.
3038 1186 3090 1224 1.
3136 1166 3223 1224 ef.
3278 1165 3445 1222 index
3487 1167 3635 1238 Lyco·

2107 1258 2347 1332 phronis
2368 1259 2630 1329 Bachm.,
2658 1268 2770 1315 etc.
2792 1261 2861 1316 V.
2895 1274 2966 1312 10
3004 1252 3187 1333 εὔοψος
3221 1254 3435 1311 dictum
3456 1254 3639 1326 εωρῶ-

2112 1347 2253 1417 tice,
2285 1347 2562 1421 oppositis
2598 1346 2809 1402 vilibus
2833 1345 3153 1420 pisciculis,
3185 1344 3291 1418 qui
3316 1343 3639 1398 nominantur
3676 1337 3678 1340 ⁴

2109 1453 2161 1490 v.
2194 1453 2257 1490 11
2288 1445 2344 1491 et
2375 1452 2464 1492 ια.
2490 1432 2559 1490 V.
2600 1453 2661 1491 ιι
2696 1433 2971 1490 Casaub.:
3001 1456 3028 1481 ι
3049 1429 3259 1510 φρυκτὰ
3289 1431 3381 1487 vel
3402 1426 3639 1508 φρυκτοὺς,

2114 1523 2331 1578 omissis
2352 1523 2593 1578 vocibus
2627 1516 2837 1597 ἰχθύδια
2864 1521 2955 1576 vel
2983 1519 3163 1597 ἰχθῦς,
3190 1520 3473 1575 vocabant
3496 1519 3639 1591 pisces

2112 1610 2393 1682 minutos,
2425 1611 2525 1683 qui
2553 1620 2611 1666 et
2632 1609 2979 1680 edebantur,
3002 1618 3061 1664 et
3079 1626 3293 1664 venum
3320 1606 3639 1682 exponeban-

2112 1708 2227 1768 tur,
2254 1697 2425 1754 fricti.
2456 1695 2705 1772 Hesych.
2740 1693 2969 1774 Φρυκτά
2995 1712 3010 1754 :
3034 1692 3166 1773 ξηρὰ
3198 1691 3409 1771 ἰχθύδια
3428 1694 3639 1762 tin-eli.-

2110 1788 2177 1843 V.
2201 1805 2269 1841 ιιι
2295 1785 2532 1843 Casaub.
2564 1782 2782 1860 μαινίδ’,
2812 1785 2952 1840 dum
2978 1783 3113 1840 libri
3142 1779 3329 1858 μηδὲν.
3356 1786 3425 1842 V.
3452 1781 3514 1840 15
3542 1785 3641 1836 libn'

2112 1875 2217 1929 τῶν
2247 1871 2468 1944 ἁλιέως
2506 1871 2601 1942 ἥδε
2654 1869 2775 1949 γὰρ.
2812 1874 3049 1932 Porson.
3096 1881 3155 1927 et
3185 1870 3417 1930 Jacobs.
3454 1867 3540 1938 τὴν
3565 1871 3639 1926 τῶν
3684 1931 3686 1934 ⁴

2116 1959 2203 2018 ἇλ.
2230 1963 2297 2019 V.
2334 1961 2406 2016 16
2432 1961 2607 2036 vulgo
2640 1956 2975 2039 χειρουμένη.
3006 1958 3303 2034 Aristoph.
3330 1961 3489 2033 Voep.
3518 1959 3637 2022 428:

2116 2049 2205 2105 ὕπ’
2238 2047 2439 2126 ἀνδρῶν
2479 2045 2761 2126 βαρὸάρων
2806 2045 3163 2126 χειρούμενον.
3206 2047 3283 2108 V.
3338 2066 3407 2117 17
3446 2045 3639 2118 asynde·
3687 2069 3688 2092 ι

2112 2147 2211 2192 ton
2230 2178 2249 2207 ,
2281 2155 2401 2210 quo
2434 2139 2687 2194 celeritas
2713 2136 3007 2194 indicatur
3030 2137 3301 2204 actionis3
3348 2134 3421 2190 de
3460 2129 3561 2208 quo
3590 2133 3639 2188 ad

2115 2225 2281 2284 Iliad.
2316 2233 2371 2295 4,
2392 2226 2489 2302 89.
2521 2227 2683 2283 Libri
2710 2227 2823 2282 hoc
2845 2215 3015 2282 ret-su
3035 2235 3095 2281 et
3126 2226 3198 2281 18
3224 2219 3358 2280 αὗτδι
3386 2221 3453 2280 τὰ
3478 2217 3639 2278 σώματ’
3689 2236 3690 2246 ’

2122 2355 2185 2370 ...
2204 2309 2415 2370 κλίνειν.
2442 2309 2764 2388 Ἀσύμὸολον
2789 2309 2971 2382 κλίνην
2984 2355 3001 2384 ,
3020 2312 3229 2368 lectum
3246 2311 3520 2378 convivae,
3538 2309 3614 2383 qui
3628 2351 3641 2378 ,

2113 2399 2359 2473 cupidus
2378 2399 2652 2475 piscium,
2688 2417 2807 2454 non
2836 2399 2967 2455 data
3000 2399 3263 2472 symbola
3284 2438 3307 2469 ,
3343 2399 3641 2454 tumultuosi·

2112 2487 2187 2543 ad
2232 2489 2561 2544 convivium
2601 2488 2833 2562 irrupit.
2861 2485 3061 2557 Φύσιν,
3106 2499 3371 2542 naturam
3408 2486 3639 2552 hominis,

2112 2575 2405 2631 hominem
2432 2575 2512 2630 sic
2538 2585 2933 2650 comparatum
2960 2585 3183 2630 natura.

2196 2766 2285 2822 lb.
2315 2785 2379 2842 p.
2412 2774 2551 2836 242,
2581 2769 2635 2823 D
2678 2784 2693 2825 ε
2724 2766 2828 2822 τῶν
2866 2763 2923 2823 δὲ
2954 2763 3201 2824 τοιούτων
3230 2764 3497 2840 ἐπιθέτων,
3518 2763 3547 2821 ἃ
3580 2763 3645 2820 ἐπὶ

2115 2851 2281 2931 χλεύῃ
2309 2849 2569 2920 Ἀθηναῖοι
2598 2851 2869 2920 παίζοντες
2894 2849 3106 2933 ἔλεγον,
3142 2851 3458 2931 μνημονεύει
3484 2851 3575 2912 'Am
3606 2852 3647 2908 ἐν

2117 2939 2371 3002 Ὀδυσσεῖ
2398 2938 2586 3007 οὕτως·

2258 3048 2444 3145 Ῠμεῖς
2500 3052 2619 3147 γὰρ
2674 3056 2978 3134 ἀλλήλους
3006 3054 3099 3123 ἀεὶ
3124 3052 3503 3149 ,χλευάζετᾎ
3552 3049 3645 3119 οἷδ’

3402 3156 3639 3253 ἀκριὲὦς·

2272 3270 2344 3341 διν
2374 3275 2480 3369 μὲν
2508 3272 2625 3371 γὰρ
2654 3273 2817 3372 ἥτις
2856 3280 3183 3365 εὐπρεπὴς,
3232 3278 3415 3369 ἱερὸν
3454 3275 3647 3365 ripum

3414 3388 3645 3449 καλεῖτε·

2262 3487 2363 3555 ἐὰν
2396 3484 2465 3557 δὲ
2508 3492 2711 3583 μικρὸν
2756 3499 3074 3568 παντελῶς
3120 3491 3473 3583 ἀνθρώπιον,
3514 3514 3643 3554 στα·

3377 3602 3418 3661 λ
3431 3620 3468 3659 α
3572 3618 3639 3658 ν.

2260 3650 2537 3794 λαμπρός
2555 3728 2649 3780 τις
2667 3697 3051 3787 ε’ξελ·η’λυθ’,’ι
3068 3704 3149 3769 ὄλ
3161 3728 3192 3767 ο
3204 3708 3246 3767 λ
3258 3730 3293 3766 υ
3303 3730 3330 3779 ς
3346 3620 3641 3777 οὗτόῖἕστι.

2172 3802 2210 3873 5
2264 3806 2563 3900 λιπαρὸς*
2585 3816 2913 3899 περιπατεῖ
2934 3815 3293 3900 Δημοκλῆς,
3326 3804 3541 3899 ζωμὸς
3561 3832 3643 3871 κα·

3272 3913 3639 4005 τωνόμκσται·

2228 4092 2557 4165 quibusnam
2582 4093 3006 4150 incantamentis
3024 4066 3109 4151 iel
3128 4094 3467 4153 orationibus
3484 4092 3647 4169 eapitur

2230 4179 2349 4248 (dic
2380 4180 2575 4249 mihi),
2600 4180 2645 4237 si
2669 4181 2793 4254 quis
2820 4180 3037 4240 auferat
3057 4191 3235 4239 artem
3264 4184 3481 4257 quidem

2126 4272 2191 4322 15
2229 4270 2563 4341 piscatorum
2580 4271 2605 4323 ?
2626 4284 2689 4325 ea
2710 4268 2921 4326 scilicet
2940 4270 3235 4343 subigitur,

2228 4365 2508 4412 coctorum
2534 4353 2775 4413 faciebus
2800 4354 3035 4429 piscium
3059 4356 3238 4414 victus
3264 4378 3278 4413 ε

2230 4439 2300 4496 ad
2326 4440 2468 4513 ipsas
2489 4457 2585 4498 ora
2610 4451 2794 4515 portas
2816 4440 3079 4514 jentaculi

2192 4576 2200 4584 ,
2230 4525 2542 4601 lectumque
2570 4526 2855 4600 ἀσύμεολον
2879 4528 3105 4587 adducit
3130 4538 3405 4586 naturam.

2231 4701 2341 4756 Vos
2358 4700 2505 4757 enim
2525 4701 2663 4759 alter
2680 4624 3153 4776 alterutri-semper
3166 4702 3507 4770 cavillamini,
3522 4698 3647 4795 prpbe

3586 4802 3612 4839 0
3634 4804 3643 4837 ζ

2232 4890 2357 4931 nam
2381 4873 2427 4931 si
2448 4875 2568 4947 quis
2590 4874 2862 4934 formosus
2884 4882 2999 4945 est,
3018 4880 3283 4935 sanctum
3306 4876 3469 4951 Γάμον
3488 4792 3649 4931 insilitis

2228 5048 2313 5104 sin
2335 5056 2516 5104 autem
2546 5045 2705 5105 valde
2728 5048 2955 5121 pusillus
2974 5048 3376 5119 homunculus,
3400 4966 3649 5121 miggini,

2230 5132 2547 5207 splendidus
2576 5134 2761 5207 egredi
2784 5134 2923 5192 solet
2952 5137 3152 5209 aliquis
3186 5155 3198 5191 :
3230 5150 3300 5191 en
3330 5150 3489 5209 purus
3520 5142 3653 5207 putus

3200 5225 3213 5295 Ι
3232 5224 3447 5280 bacelus
3470 5224 3545 5278 ille
3564 5228 3649 5277 est.

2238 5308 2442 5367 nitidus
2464 5310 2838 5384 circumgarrit
2862 5312 3143 5369 Democles
3170 5313 3299 5383 :Jees
3324 5312 3633 5369 nominatur.
