3809 5850
1565 385 1979 448 CRATINUS.
3313 401 3383 448 17

133 543 194 598 p.
245 521 382 594 151,
427 522 796 596 intelligitur,
839 520 1228 577 Alexandrum
1269 521 1350 580 M.
1397 521 1562 578 valde
1613 521 1720 576 hac

136 613 333 670 sabula
357 613 708 670 delectatum
738 629 876 668 esse.
905 611 1122 668 -Meim

911 751 961 789 1.

216 849 380 904 Stob.
414 847 618 906 Ploril.
647 845 745 918 52,
781 865 842 902 11
877 863 893 904 ε
925 846 1029 923 Κρ.
1064 845 1119 902 ἐν
1153 840 1438 908 Εὐνείδαις·

233 954 407 1038 [16ης
437 960 692 1047 ἐκείνης,
733 971 836 1026 νοῦ
865 954 934 1027 δὲ
971 953 1157 1026 τοῦδε
1201 958 1306 1026 καὶ
1339 967 1586 1051 φρενῶν.

131 1089 380 1146 Addunt
413 1090 550 1145 libri
592 1086 952 1160 κατάλληλος,
996 1089 1160 1163 quod
1201 1089 1416 1145 delevit
1460 1089 1714 1146 Grotius.

131 1179 448 1252 synesius,
491 1179 937 1249 comoedianrm,
981 1197 1116 1234 cum
1153 1178 1516 1250 antiquarum
1537 1219 1556 1248 ‚
1599 1189 1720 1234 tum

130 1267 481 1332 recentium,
510 1265 798 1321 studiosus
843 1265 935 1342 (v,
965 1267 1080 1323 Dio
1114 1285 1171 1340 p.
1219 1264 1322 1335 62,
1366 1267 1432 1322 C.
1457 1266 1502 1342 ),
1535 1267 1715 1341 Epist.

141 1372 280 1426 129,
313 1373 376 1429 p.
409 1351 526 1409 265
554 1373 569 1412 :
602 1351 866 1428 Στένομεν
901 1351 1224 1428 μεμνημένοι
1251 1351 1386 1423 ἤὸης
1420 1351 1466 1411 τ’
1497 1351 1714 1424 ἐκείνης,

131 1445 224 1496 νοῦ
239 1441 290 1497 τ’
321 1439 524 1498 ἐκείνου
548 1438 639 1497 καὶ
668 1440 886 1518 φρενῶν,
909 1460 1158 1515 quorum
1178 1443 1350 1497 verba
1379 1439 1518 1500 στέν.
1549 1463 1712 1514 μεμν.

129 1531 523 1603 probabiliter
549 1531 658 1604 ipsi
676 1531 908 1586 Cratino
939 1531 1273 1585 tribuuntur
1302 1548 1336 1585 a
1357 1529 1714 1586 Blomfieldio

129 1617 206 1672 ad
229 1617 490 1690 AEschyl.
518 1620 670 1674 Pers.
696 1635 813 1693 290
841 1627 900 1674 et
924 1618 1172 1693 Bergkio
1193 1617 1511 1678 Comment.
1537 1637 1595 1693 p.
1619 1635 1711 1690 7¹·

127 1707 318 1761 Possis
337 1706 513 1762 etiam
541 1725 556 1760 ε
581 1735 592 1749 -

431 1817 972 1914 Ᾱναμιμντϊσκεσθε
1004 1831 1104 1888 νῦν

229 1923 382 2006 rig-n<
417 1933 479 1994 τ’
519 1927 742 2005 ἐκείνης
777 1938 877 1994 νοῦ
909 1920 981 1993 δὲ
1014 1923 1192 1994 τοῦδε
1223 1926 1328 1993 καὶ
1358 1935 1600 2020 φρενῶν,

127 2069 194 2112 ιιι
215 2058 434 2131 legitur
455 2058 614 2133 apud
647 2058 938 2112 sulianum
963 2059 1170 2132 Misop.
1187 2075 1252 2132 p.
1288 2056 1426 2130 339,
1455 2059 1525 2112 D.
1551 2057 1712 2113 Cete-

127 2165 260 2200 rum
289 2147 338 2200 is
361 2163 602 2220 quoque
623 2147 716 2202 νοῦ
742 2145 793 2201 τ’
844 2143 1060 2215 ἐκείνου,
1089 2144 1248 2220 quod
1275 2145 1488 2200 nollem
1519 2143 1712 2200 admi-

125 2236 260 2288 sisse
299 2233 542 2302 doctos,
572 2251 754 2306 quum
795 2229 985 2289 verbis
1021 2230 1219 2303 ἐκείνης
1247 2243 1306 2288 et
1345 2229 1494 2288 τοῦδε
1527 2251 1712 2307 oppo-

126 2333 344 2376 nantur
363 2324 514 2376 inter
541 2340 602 2376 se
626 2331 848 2396 tempus
867 2323 1123 2396 elapsum
1144 2319 1457 2392 juventutis
1480 2333 1538 2378 et
1564 2339 1710 2395 prae·

127 2427 254 2464 sens
273 2409 632 2484 prudentiae,
671 2409 743 2466 de
776 2427 890 2483 qua
920 2409 1066 2465 illud
1096 2410 1273 2478 valet,
1304 2409 1465 2482 quod
1501 2408 1574 2465 de
1604 2429 1710 2465 usu

127 2497 270 2552 dicit
293 2497 540 2554 Ovidius
559 2498 694 2556 Met.
713 2495 772 2566 6,
799 2514 899 2570 29,
926 2513 1048 2552 eam
1072 2513 1106 2552 a
1137 2497 1277 2552 seris
1299 2497 1459 2552 annis
1484 2499 1702 2554 venire.

842 2637 896 2674 2.
943 2618 998 2678 3.

229 2737 440 2824 Δωροῖ
459 2727 843 2802 συκοπέδιλε.

227 2843 520 2919 Τέκτονες
553 2841 920 2933 εὐπαλάμων
945 2844 1170 2933 ὕμνων.

125 2973 345 3028 Cratini
371 2972 574 3041 verba,
609 2984 1062 3029 commemorata
1092 2972 1165 3028 ab
1192 2972 1572 3047 Aristophane
1598 2974 1706 3047 Eq-

129 3060 248 3115 523
285 3080 409 3134 seq.
437 3062 528 3116 Ibi
551 3062 730 3119 schol.
760 3082 775 3117 :
817 3064 1027 3139 Δωροῖ
1056 3082 1199 3117 συκ.
1235 3060 1578 3137 (secundum
1601 3062 1706 3115 ho·

123 3150 416 3204 mericum
463 3146 872 3225 χρυσοπέδιλος,
928 3161 994 3205 ut
1038 3150 1371 3208 Schneider.
1414 3151 1711 3205 annotavit

121 3238 347 3291 Lexico
385 3254 445 3295 v·
493 3232 842 3301 Συκοπὲδιλος
867 3234 884 3313 )
931 3254 946 3295 :
991 3234 1249 3311 Κρατίνου
1293 3235 1459 3311 (sort.
1507 3238 1708 3315 Κρατι·

123 3321 268 3380 νείου
291 3326 310 3401 )
345 3322 536 3399 μέλους
559 3322 722 3403 ἀρχή·
751 3320 1011 3381 σκώπτων
1039 3320 1098 3381 δέ
1125 3344 1242 3380 τινα
1271 3324 1461 3391 ἐκεῖνος
1485 3322 1706 3402 δωροδό-

123 3434 218 3470 κον
229 3412 322 3469 καὶ
337 3412 669 3493 συκοφάντην
684 3415 839 3471 τοῦτο
858 3400 1018 3473 εἶπεν.
1041 3416 1112 3469 Et
1135 3412 1208 3469 ad
1231 3410 1376 3470 τέκτ
1389 3434 1418 3470 ο
1431 3434 1494 3470 νε
1509 3434 1534 3477 ς
1562 3434 1586 3469 ε
1599 3414 1703 3473 ὗπ.

121 3499 352 3575 ὕμνων
379 3520 396 3559 :
439 3500 533 3557 καὶ
576 3504 730 3559 τοῦτο
777 3498 832 3557 δὲ
863 3502 922 3559 ἐκ
953 3502 1056 3557 τῶν
1102 3500 1361 3560 Εὗνειδῶν
1392 3502 1563 3577 (libri
1593 3501 1706 3559 Εὐ·-

121 3586 398 3665 μενίδων)
449 3586 734 3665 Κρατίνου.
776 3614 802 3637 α
835 3587 1042 3645 Priora
1082 3588 1256 3663 Δωροῖ
1286 3586 1596 3645 συκοπέδιλε
1637 3607 1708 3643 ex

121 3680 370 3751 antiquo
389 3678 641 3734 carmine
665 3678 922 3753 parodiae
955 3678 1084 3735 lusu
1110 3676 1300 3734 efficta
1326 3694 1442 3734 esse
1474 3688 1708 3733 testatur

127 3767 450 3842 Hesychius
471 3766 576 3823 sub
601 3784 669 3822 ea
691 3785 750 3824 ν.
791 3792 818 3816 ιο
865 3768 946 3825 Μ.

203 3997 433 4068 Suidas,
479 3992 939 4072 Ἀμφιανακτίζειν
979 4013 995 4049 :
1041 3990 1182 4049 ἄδειν
1227 3988 1316 4047 τὸν
1364 3986 1704 4067 Τερπάνδρου

127 4082 282 4155 νόμον
321 4082 414 4139 τὸν
441 4079 770 4156 καλούμενον
803 4076 1004 4159 ὄρθιον,
1033 4053 1093 4136 0⁸5
1119 4076 1180 4133 τὸ
1209 4074 1481 4153 προοίμιον
1507 4072 1705 4145 ταύτην

129 4170 224 4237 τὴν
250 4168 426 4249 ἀρχὴν
454 4164 618 4247 εἶχεν·

209 4288 370 4369 'Ay-pi
397 4312 493 4365 μοι
531 4278 680 4354 αὖτις
706 4286 892 4367 ἄναχθ’
924 4284 1246 4357 ἑκατηὸόλον
1274 4284 1444 4367 ᾀδέτω
1477 4284 1512 4341 ἃ
1540 4283 1696 4363 φρήν.

127 4376 236 4435 ἔστι
259 4379 318 4435 δὲ
345 4376 439 4434 καὶ
467 4376 524 4433 ἐν
551 4375 824 4451 Εὐνείδαις
845 4374 936 4432 καὶ
964 4376 1018 4433 ἰν
1037 4372 1321 4454 Ἀναγύρῳ.
1345 4374 1509 4431 Libri
1535 4370 1704 4429 ἀδέτω

123 4466 258 4543 φρὴν
287 4478 350 4522 et
383 4462 584 4541 Εὗναίᾳ
606 4506 624 4533 ,
656 4484 784 4537 quae
809 4463 1026 4521 dudum
1051 4464 1210 4519 docti
1229 4460 1698 4521 emendaverunt.

123 4544 286 4619 Λῦτις
325 4572 438 4629 pro
469 4554 705 4627 vulgato
735 4550 892 4609 αὐτὸν
933 4553 1053 4626 ipse
1092 4551 1315 4618 Suidas,
1348 4552 1427 4605 ita
1461 4568 1703 4625 pergens
1741 4524 1750 4645 Ι

125 4644 222 4698 1.1.
249 4640 690 4719 ἀμφιανακτίζειν
715 4658 730 4699 :
751 4636 840 4696 διὰ
859 4638 922 4696 τὸ
943 4636 1080 4695 οὕτω
1097 4639 1545 4717 προοιμιάζεσθαι.
1571 4632 1704 4714 Τίρ-

758 4788 1074 4860 EUMDAE.
1097 4824 1106 4833 ·

895 4898 918 4945 1
931 4930 946 4945 .

133 4980 434 5036 Iuventutis
459 4978 627 5045 iuius,
659 4978 934 5048 hujusque
967 4976 1170 5033 mentis
1194 4983 1250 5031 et
1287 4972 1690 5045 intelligentioe.

893 5070 948 5119 2.

135 5158 278 5209 Doro
299 5155 550 5211 ficulneis
567 5152 851 5209 sandaliis,

341 5260 634 5297 razonem
663 5257 906 5295 conanae
933 5256 1144 5293 νετειιιε.

1819 520 2045 598 πανδρος
2079 545 2102 570 σι
2140 516 2297 598 Ἀμφί
2326 539 2413 594 μοι
2444 507 2587 584 αὖτις
2616 516 2835 576 ἄνακτα·
2868 544 2891 568 n
2921 518 3010 575 καὶ
3040 517 3295 598 Ἀριστοφ.
3333 523 3385 576 ἐν

1822 604 2081 684 Νεφέλαις
2113 605 2272 686 (595)
2300 632 2323 656 α
2344 603 2501 683 Ἄμφί
2522 626 2612 681 μοι
2634 597 2781 677 αὖτε,
2810 604 2987 676 Φοῖ6’,
3012 605 3141 674 ἄναξ
3160 605 3337 677 Δήλιε.
3363 633 3386 654 ι»

1821 691 1836 771 (
1863 687 2107 768 Hesych.
2140 692 2295 772 Ἀμφὶ
2328 691 2531 750 ἄνακτα
2563 713 2577 751 :
2608 691 2747 770 ἀρχὴ
2774 692 2933 767 νόμου
2971 695 3335 772 κιθαρῳδικοῧ.
3366 697 3386 770 )

1815 811 1898 824 -
1937 778 2325 859 Ἀμφιάνακτας
2370 779 2548 857 ἔλεγον
2594 778 2686 837 καὶ
2740 778 2858 845 τοὺς
2897 779 3383 858 διθυραμὸοποιούς·

1816 871 2045 946 συνεχῶς
2067 867 2171 947 γὰρ
2194 868 2377 926 ἐκεῖνοι
2404 865 2571 946 ταύτῃ
2596 868 2827 946 ἐχρῶντο
2846 870 2912 946 τῇ
2935 865 3089 934 λέξει.
3126 894 3150 920 ι
3182 871 3383 926 Athen.

1823 955 1917 1027 15,
1947 976 2009 1032 p.
2045 956 2185 1032 698,
2216 961 2267 1013 D
2301 976 2315 1011 ε
2348 952 2603 1032 κέχρηται
2641 954 2697 1012 δὲ
2746 955 3107 1034 (παρῳδίαις)
3151 955 3241 1013 καὶ
3274 958 3377 1034 Κρ.

1814 1043 1844 1098 ὁ
1870 1045 1963 1112 τῆς
1992 1041 2217 1120 ἀρχαίας
2247 1041 2527 1120 κωμῳδίας
2556 1064 2715 1112 ποιητ
2741 1064 2781 1112 ,ς
2818 1043 2871 1098 ἐν
2914 1040 3204 1107 Εὐνείδαις.
3234 1046 3383 1100 Hinc

1814 1128 2048 1186 fortasse
2072 1130 2149 1186 ad
2186 1131 2429 1186 eandem
2458 1131 2709 1186 fabulam
2744 1131 3047 1186 referenda
3080 1141 3228 1200 sunt,
3255 1150 3384 1204 quae

1812 1217 2081 1293 leguntur
2111 1217 2268 1292 apud
2294 1218 2679 1292 Porphyrium
2699 1217 2928 1274 Eusebii
2970 1220 3146 1292 Praep.
3175 1237 3378 1294 evang.

1817 1326 1913 1376 10,
1966 1307 1997 1361 3
2047 1325 2060 1364 z
2111 1304 2171 1362 τὸ
2230 1303 2333 1382 γὰρ
2382 1330 2406 1356 ιι
2453 1302 2541 1361 τὸν
2590 1304 2635 1362 δ’
2680 1303 3102 1379 ἀπαμειὸόμενος
3146 1305 3381 1386 προσέφη

1810 1390 1998 1472 κρείων
2028 1395 2045 1470 (
2074 1396 2251 1448 immo
2288 1390 2536 1470 κρατερὸς
2583 1394 2744 1450 Iliad.
2790 1393 2846 1463 5,
2895 1394 3043 1465 8143
3089 1413 3180 1464 11,
3226 1395 3378 1468 316)

1811 1477 2104 1556 Διομήδης,
2132 1505 2159 1529 ι·
2196 1480 2362 1555 σιγῶ,
2384 1475 2626 1557 Ὁμήρου
2654 1477 3061 1558 κωμῳδηθέντος
3092 1469 3209 1537 bno
3236 1483 3382 1559 Κρα-

1810 1565 1952 1624 τίνου
1982 1565 2067 1624 διὰ
2096 1563 2157 1622 τὸ
2179 1561 2467 1623 πλεονάσαι
2490 1566 2543 1622 ἓν
2566 1568 2643 1644 τῷ
2676 1591 2699 1618 α
2719 1564 2805 1623 τὸν
2832 1565 2878 1623 δ’
2897 1564 3315 1642 ἀπαμειὸόμενος
3338 1591 3379 1625 n.

1811 1693 1888 1704 ....
1912 1657 2091 1710 Usum
2114 1653 2471 1728 frequentem
2494 1654 2809 1710 hexametri
2829 1656 2887 1710 in
2916 1656 3121 1724 nomis,
3146 1673 3379 1730 praeser·

1811 1743 1913 1796 tim
1947 1741 2268 1815 prooemiis,
2308 1741 2559 1798 ostendit
2614 1743 2786 1798 etiam
2834 1743 3120 1800 Timothei
3176 1744 3381 1800 Milesii

1809 1829 2109 1884 exordium
2150 1831 2453 1884 Persarum
2492 1829 2651 1904 apud
2677 1829 3043 1886 Plutarchum
3066 1830 3292 1904 Philop.
3326 1850 3376 1888 c.

1817 1935 1836 1970 1
1857 1936 1902 1972 1.
1932 1942 1955 1966 »
1985 1918 2164 1973 blein.

2560 2031 2619 2090 6.

1887 2148 2093 2204 Joann.
2132 2147 2549 2206 Alexandrinus
2588 2148 2673 2202 De
2714 2163 2832 2201 acc.
2860 2165 2921 2219 p.
2964 2162 3061 2217 29,
3105 2143 3224 2203 253
3264 2141 3377 2200 ἔστι

1809 2229 1925 2290 τινὰ
1967 2233 2295 2311 (adverbia)
2328 2231 2419 2292 καὶ
2454 2229 2601 2310 παρὰ
2634 2231 2925 2301 αἰτιατικῆς
2954 2228 3201 2308 γεγονότα
3216 2273 3233 2302 ,
3270 2219 3376 2288 οἷον

1807 2320 1868 2380 τὸ
1908 2319 2075 2400 πέραν
2102 2321 2191 2380 καὶ
2220 2322 2457 2402 πέρην...
2482 2319 2575 2378 καὶ
2600 2317 2705 2378 ἀπὸ
2732 2319 2959 2389 δοτικῆς.

1907 2442 2168 2539 Ἐπίσχες
2204 2452 2411 2515 αὐτοῦ·
2450 2452 2531 2539 μὴ
2565 2447 2717 2538 πέρα
2752 2438 2975 2538 apog-⁴1:2⁹5
2998 2443 3207 2536 λόγου,

1809 2587 1858 2645 K
1865 2608 1913 2663 ρ.
1943 2583 2243 2662 Εὐμίνισιν.
2267 2587 2576 2648 Contendit
2603 2585 2776 2641 Mein.
2804 2601 2913 2658 pro
2943 2578 3223 2656 Εὐμίνισιν
3248 2600 3371 2656 po-

1807 2675 2062 2730 nendum
2098 2693 2213 2732 esse
2244 2673 2548 2744 Εὖνείδαις,
2582 2673 2729 2728 sicut
2759 2669 3015 2728 Εὖνειδῶν
3040 2688 3153 2744 pro
3197 2669 3373 2744 Εὐμε-

1805 2757 1957 2818 νίδων
1992 2765 2052 2818 in
2088 2763 2306 2819 scholio
2339 2761 2414 2818 ad
2444 2764 2549 2835 Eq.
2584 2759 2699 2817 523
2744 2757 2985 2836 (fragm.
3024 2756 3195 2830 hujus
3234 2757 3373 2813 dra-

1805 2850 1971 2904 matis
2006 2869 2039 2906 2
2080 2859 2136 2906 et
2165 2849 2267 2924 3);
2305 2868 2413 2906 nec
2440 2848 2801 2924 negaverim,
2844 2865 3047 2921 parum
3089 2856 3249 2920 aptas
3274 2863 3371 2900 co·

1804 2936 2026 2993 moediae
2060 2954 2335 3011 personas
2368 2956 2481 2994 esse
2511 2934 2891 2993 Eumenidum
2925 2952 3025 2991 seu
3048 2935 3369 3002 Furiarum,

1805 3024 1904 3080 sed
1933 3026 2213 3101 ipsarum,
2248 3044 2367 3081 non
2394 3022 2638 3099 figurate
2664 3022 2967 3091 dictarum,
2994 3031 3059 3076 ut
3086 3019 3251 3076 dictae
3290 3023 3371 3075 vi·

1805 3114 2015 3171 dentur
2038 3132 2129 3171 res
2153 3113 2533 3171 Eumenidum
2552 3113 2612 3167 in
2628 3112 2737 3167 hac
2765 3110 2955 3167 fabula
2977 3127 3085 3184 pro
3114 3111 3371 3165 meretri·

1805 3202 1987 3273 cibuS‚
2019 3202 2229 3276 quibus
2271 3219 2544 3277 personas
2582 3200 2913 3274 imposuerit
2938 3196 3063 3265 Cr„
3101 3207 3372 3269 tanquam

1801 3291 2079 3346 similibus
2092 3293 2298 3347 harum
2314 3300 2370 3345 et
2388 3288 2651 3345 affectata
2666 3288 3064 3343 benevolentia
3086 3285 3101 3363 (
3122 3303 3255 3341 nam
3284 3286 3373 3341 εὐ-

1803 3378 1945 3453 μενὶς
1969 3381 2207 3454 proprie
2232 3390 2313 3435 est
2331 3378 2630 3446 benevola,
2654 3377 2809 3433 mitis
2834 3392 2849 3433 ε
2872 3394 2926 3432 ν.
2946 3375 3180 3431 Gesneri
3205 3374 3369 3431 Thes.

1801 3467 1842 3521 l.
1875 3468 1915 3523 l.
1950 3486 2005 3519 v.
2050 3464 2461 3539 Eumenides),
2498 3474 2557 3519 et
2584 3462 2953 3535 crudelitate3
2985 3459 3367 3534 quemadmo-

1802 3553 1942 3608 dum
2000 3562 2057 3607 et
2093 3553 2411 3626 Sphingum
2473 3550 2705 3607 nomine
2758 3547 3052 3603 verberari
3112 3547 3372 3602 solebant

1799 3652 1986 3696 scorta
1998 3639 2306 3715 Megarica,
2323 3638 2557 3695 testibus
2572 3636 2854 3711 Hesychia
2878 3646 2937 3691 et
2957 3633 3151 3691 Suida.
3178 3634 3369 3707 Lydus

1801 3729 2093 3783 Plautinus
2119 3726 2326 3783 Bacch.
2360 3724 2420 3800 3,
2462 3744 2513 3796 1,
2540 3736 2691 3783 stans
2730 3723 2805 3779 ad
2832 3722 2983 3779 fores
3003 3720 3369 3791 Bacchidum‚

1880 3815 2116 3873 Pandite
2166 3826 2337 3888 atque
2380 3814 2596 3887 aperite
2636 3829 2887 3888 propere
2922 3816 3169 3882 januam
3218 3808 3369 3864 hanc

2915 3930 3087 4007 [Orc1‘,
3116 3932 3336 3987 obsecm
3347 3934 3371 3985 !

1875 4041 2009 4079 nam
2034 3998 2298 4099 equidem
2330 4023 2485 4080 haud
2528 4024 2691 4079 aliter
2732 4038 2849 4079 esse
2892 4020 3043 4077 duco
3084 4036 3102 4079 t
3151 4021 3368 4097 quippe

2758 4108 2897 4187 [quo
2918 4126 3084 4165 nemo
3105 4109 3366 4179 advenit,

1875 4201 1986 4255 nisi
2014 4218 2183 4273 quem
2221 4183 2347 4276 spes
2388 4199 2665 4273 reliquere
2707 4216 2921 4268 omnes,
2960 4215 3079 4253 esse
3112 4209 3179 4253 ut
3218 4196 3369 4271 frugi

3008 4284 3261 4362 [possiet.
3288 4316 3369 4331 --

1872 4374 2185 4432 Bacchides
2233 4394 2353 4432 non
2408 4374 2716 4431 Bacchides
2735 4414 2751 4441 ,
2802 4374 2901 4429 sed
2944 4372 3190 4428 Bacchoe
3239 4386 3371 4429 sunt

3014 4458 3362 4536 [acerrumae.

1874 4551 2073 4625 Apage
2098 4551 2226 4606 istas
2250 4570 2282 4606 a
2310 4567 2402 4605 me
2425 4568 2654 4615 soem-es,
2691 4568 2819 4623 quoe
2840 4548 3123 4603 homiuum
3146 4548 3371 4604 sorbent

2969 4634 3323 4711 [sanguinem
3341 4636 3365 4694 !

2552 4802 2604 4852 3.

1796 4886 2094 4944 Architecti
2118 4886 2525 4958 ingeniosorum
2548 4884 2903 4956 hymnorum.

2551 4978 2603 5027 6.

1797 5060 1900 5117 Hic
1926 5060 2140 5127 desine3
2173 5075 2241 5114 ne
2266 5074 2427 5131 perge
2446 5058 2679 5116 ulterius
2700 5058 2896 5115 dicere.
