3809 5850
385 414 459 463 “12
1388 394 1802 457 coMOEDIAE
1847 392 2179 455 VETEnls
2221 395 2628 469 RELlQUlAE.

378 537 479 593 ubi
512 554 629 591 non
649 534 943 589 nominato
966 541 1205 587 auctore
1246 529 1561 587 afferuntur
1591 530 1761 586 verba
1808 518 1948 585 οὗτοι
2045 540 2164 585 tum
2197 547 2316 585 non
2353 546 2550 585 omnes
2595 528 2951 604 depravatae;
2997 527 3116 583 haec
3163 527 3399 601 quidem
3441 528 3616 583 nobis

378 621 423 680 δ’
453 610 522 679 αὖ
547 624 659 686 σῦς.
696 647 719 671 υ
746 623 831 680 Μ.

1104 727 1230 799 157.

458 848 651 905 Schol.
677 846 875 919 Eurip.
901 844 1075 899 Rhea.
1106 840 1246 911 416,
1262 836 1563 913 Ἄμυστιν.
1592 840 1639 897 οἱ
1670 836 1763 915 μὲν
1782 859 1944 907 ποι-η-

380 936 489 1014 ρίου
517 922 649 999 εἶδος
679 930 1077 1002 ἐπιτηδειότατα
1103 928 1261 1035 ἔχον..
1258 926 1383 1007 πρὸς
1408 926 1500 994 τὰς
1528 926 1742 1003 ἀμυστὶ
1736 925 1944 997 πόσεις,

376 1028 448 1090 ὥς
476 1024 529 1081 ἐν
559 1020 784 1099 Αὔγῃ...
816 1019 968 1076 ἄλλοι
1003 1018 1048 1075 δ’
1077 1018 1165 1076 ἐπὶ
1195 1020 1289 1089 τῆς
1316 1014 1566 1074 ἅπνευστι
1591 1015 1793 1081 πόσεως
1819 1012 1944 1071 τάτ-

378 1134 527 1171 τουσι
552 1110 613 1169 τὸ
640 1108 838 1193 ὄνομα,
862 1109 933 1172 ὥς
954 1108 1056 1186 Κρ.

478 1224 633 1296 Ᾰλλ’
652 1225 751 1294 οὖν
780 1224 895 1311 θεῷ
915 1222 1266 1300 σπείσαντες
1286 1218 1545 1314 ἄμυστιν
1563 1212 1664 1288 δεῖ
1674 1227 1853 1289 πιεῖν.

380 1339 578 1397 Codex
618 1334 732 1395 θεὸν
778 1334 1055 1399 πείσαντες
1110 1337 1299 1409 μῦστιν
1333 1333 1415 1391 δεῖ
1450 1338 1643 1393 πονεῖν.
1690 1334 1950 1391 Correxit

381 1432 453 1487 L.
479 1424 773 1495 Dindorf„
795 1426 907 1481 nisi
926 1424 1087 1499 quod
1109 1420 1379 1480 σπάσαντ’
1396 1426 1589 1498 posuit
1614 1424 1734 1480 sine
1760 1443 1950 1481 neces-

378 1518 559 1574 sitate.
590 1516 853 1573 Fortasse
885 1512 961 1570 ad
987 1508 1217 1582 Πυτίνην
1244 1512 1627 1570 referendum.

1106 1622 1239 1684 158.

462 1743 655 1801 Schol.
690 1741 939 1797 Platonis
954 1739 1198 1796 Bekker.
1228 1760 1289 1816 p.
1326 1739 1441 1797 330
1468 1759 1479 1795 :
1508 1736 1901 1819 Ἀριστοφάνης.
1936 1784 1951 1797 .

380 1830 714 1908 έκωμῳδεῖτο
745 1826 833 1886 ἐπὶ
860 1829 937 1906 τῷ
982 1823 1243 1885 σκώπτειν
1279 1825 1375 1902 μὲν
1408 1825 1722 1905 Εὐριπίδην,
1766 1836 1950 1904 μιμεῖ..

384 1924 505 1977 σθαι
534 1919 579 1976 δ’
608 1916 785 1975 αὐτόν.
813 1918 913 1993 Κρ.

577 2035 687 2113 Τίς
720 2028 792 2103 δὲ
822 2060 922 2119 συ;
950 2030 1183 2125 κομψός
1208 2058 1300 2109 τις
1337 2034 1528 2125 ἔροιτο
1570 2032 1805 2110 θεατής·

479 2141 990 2235 ὑπολεπτολόγος,
1034 2130 1539 2233 γνωμοδιώκτης,
1581 2132 1954 2233 εὖριπιδαρι-

1560 2240 1849 2337 στοφανίΥ
1850 2272 1952 2312 ων

384 2382 453 2438 V.
508 2398 529 2435 ι
562 2380 849 2435 Personas
874 2376 1109 2433 Miscell.
1150 2394 1212 2449 p.
1250 2372 1411 2429 268·
1400 2416 1412 2428 .
1446 2370 1521 2438 τίς
1550 2371 1606 2430 δὲ
1634 2372 1696 2431 συ
1726 2373 1954 2452 κομψός,

385 2474 490 2533 πᾶς
512 2465 575 2523 ἄν
602 2488 679 2531 τις
706 2464 788 2542 ἕρ.
820 2468 871 2523 θ.
902 2465 975 2522 V.
998 2482 1032 2519 a
1061 2462 1263 2532 codex,
1298 2472 1365 2517 ut
1386 2462 1631 2532 videtur,
1661 2464 1954 2541 γνιιιμιδιώ-

386 2576 533 2629 κιης.
574 2554 663 2613 Ad
686 2556 929 2631 Pytinen
956 2552 1235 2611 referebat
1260 2551 1592 2609 Runkelius.

1115 2663 1243 2738 159.

468 2780 659 2837 Schol.
688 2776 989 2850 Sophoclis
1006 2773 1083 2830 ad
1104 2776 1297 2850 Antig.
1327 2771 1571 2844 404,⁸Ov
1598 2772 1659 2832 σὺ
1673 2774 1761 2834 τὸν
1779 2778 1956 2855 νεκρὸν

390 2864 638 2931 Ἀπεῖπας
667 2907 678 2917 .
710 2860 772 2920 τὸ
800 2860 932 2933 ἑξῆς·
955 2859 1043 2918 τὸν
1070 2858 1277 2939 νεκρὸν,
1300 2858 1356 2917 ὃν
1380 2858 1444 2917 σὺ
1470 2861 1698 2928 ἀπεῖπας
1718 2862 1955 2925 θάπτειν.

390 2954 527 3014 οὕτω
556 2951 611 3012 δὲ
632 2953 867 3031 χρῶνται
894 2953 942 3010 οἱ
966 2947 1217 3021 παλαιοὶ,
1254 2947 1392 3008 ὥστε
1422 2948 1512 3009 δύο
1538 2950 1725 3030 ἄρθρα,
1753 2976 1959 3033 προτα-

390 3041 567 3102 κτικόν
597 3063 653 3099 τε
681 3038 773 3099 καὶ
812 3037 1163 3098 ὑποτακτικὸν
1180 3082 1197 3109 ,
1226 3037 1365 3096 κατὰ
1393 3043 1485 3096 τοῦ
1512 3040 1673 3098 αὐτοῦ
1709 3041 1962 3118 ὀνόματος

390 3128 850 3212 παραλαμβάνειν.
882 3130 985 3206 Κρ.

487 3241 687 3342 ὅνπερ
711 3248 1043 3324 Φιλοκλέης
1068 3246 1174 3313 τὸν
1204 3245 1389 3339 λόγον
1423 3237 1745 3341 διέφθορεν.

398 3399 421 3420 «ι
476 3369 643 3447 Λόγον
696 3371 890 3427 dicere
922 3367 1151 3426 videtur
1188 3380 1587 3444 argumentum
1630 3367 1926 3446 tragoediae
1939 3413 1956 3442 ,

391 3461 552 3536 quod
602 3461 887 3517 Philocles
934 3470 1294 3535 corruperat,
1339 3477 1512 3534 quem
1556 3459 1962 3536 Aristophanes

391 3567 624 3626 quoque
660 3549 864 3605 irridet
886 3566 1009 3604 non
1034 3566 1155 3604 uno
1176 3547 1331 3607 loco.
1367 3571 1391 3598 υ
1428 3549 1517 3606 Μ.

1112 3659 1242 3719 16ο.

470 3772 661 3830 Schol.
688 3771 977 3827 Theocriti
998 3768 1169 3844 Idyll.
1210 3779 1271 3839 4,
1302 3769 1391 3840 18,
1412 3767 1609 3844 Κώμυς
1638 3790 1651 3824 :
1682 3773 1716 3838 ἡ
1753 3767 1922 3844 δέσμη
1943 3813 1960 3846 ,

390 3859 507 3929 ἤτοι
526 3856 586 3914 τὸ
606 3853 908 3931 δεσμάτιον,
927 3858 997 3920 ὣς
1020 3857 1069 3914 K
1076 3876 1128 3934 ρ.
1156 3881 1182 3907 ι
1202 3854 1273 3916 ‘0
1293 3853 1349 3914 δὲ
1369 3853 1483 3931 μετ’
1507 3853 1735 3928 εὖδήμου
1762 3856 1962 3935 τρέχων

392 3945 652 4022 κώμυθος,
670 3941 767 4015 τὴν
797 3940 986 4013 λοιπὴν
1006 3941 1118 4020 ἔχει
1145 3943 1223 4022 τῷ
1243 3941 1503 4022 στεφάνῳ.
1541 3968 1566 3994 n
1601 3943 1763 4018 (Duo
1783 3946 1958 4002 codd.

392 4033 581 4106 λοιπὴν
623 4031 760 4112 ἔχων
797 4033 901 4089 τῶν
926 4053 1142 4111 πρωων,
1175 4033 1263 4090 vel
1283 4052 1415 4088 cum
1434 4034 1663 4104 lineola,
1690 4036 1733 4093 i.
1764 4053 1818 4093 e.
1851 4057 1964 4092 πα-

392 4119 617 4200 τρώων).
631 4119 667 4192 ἢ
682 4117 862 4195 κῶμυς
880 4116 1048 4194 δέσμη
1068 4117 1261 4198 χόρτου
1276 4115 1431 4190 ἱκανὴ
1447 4120 1519 4186 εἰς
1540 4119 1757 4199 τροφήν.
1775 4125 1964 4182 Locus

392 4216 503 4270 situ
540 4211 814 4286 temporis
840 4219 1143 4284 corruptus
1171 4229 1184 4262 t
1208 4210 1516 4283 praesertim
1534 4209 1749 4266 Cratini
1777 4229 1967 4270 versus

394 4311 526 4357 sunt
542 4301 764 4372 disjecti
780 4299 1028 4353 membra
1045 4309 1249 4372 poeeoe,
1282 4315 1567 4370 vocesque
1586 4298 1816 4372 singulae
1846 4311 1966 4355 tan·
2211 4308 2232 4319 ·
2545 4301 2560 4324 ‘
2940 4303 2954 4322 ·
3015 4305 3032 4326 ’
3097 4303 3113 4322 ’

1153 4499 1187 4550 5
1228 4537 1241 4550 .

395 4589 537 4644 Sane
554 4584 659 4644 deo
686 4583 915 4642 libantes
936 4501 1168 4657 amystiln
1188 4503 1349 4641 ¹{lecet
1373 4583 1575 4640 bibere.

398 4762 667 4835 Quianam
699 4763 795 4816 tu?
823 4759 1047 4830 elegans
1069 4677 1265 4829 εἱίᾳὸιῗίε
1300 4763 1575 4829 spectator
1598 4757 1918 4830 quaesiverit
1950 4775 1964 4810 ;

396 4845 850 4920 subtililoquulus
865 4885 881 4914 ‚
922 4843 1317 4903 sententiarum
1361 4851 1605 4910 venator,
1644 4841 1965 4915 euripidari·

1122 4935 1245 4986 159.
1500 4933 1519 4997 [
1542 4929 1965 5002 stoplianissans.

398 5021 555 5094 Quod
584 5019 855 5078 Philocles
876 5025 1261 5092 argumentum
1284 5019 1546 5090 corrupit.

400 5197 447 5250 E
474 5197 691 5269 reliquis
710 5201 893 5252 autem
918 5195 1000 5250 vir
1024 5110 1459 5264 cuni‘iinanipulo
1481 5191 1613 5248 bene
1638 5194 1813 5248 vincto

2040 618 2364 693 probabilia
2381 618 2726 674 videbantur
2749 637 2762 670 z

2122 728 2192 788 ‘0
2219 727 2274 787 δὲ
2301 730 2406 787 τῶν
2435 752 2495 806 γι
2517 729 2717 787 λοιπῶν
2744 726 2982 803 κώμυθος
3005 726 3258 803 εὖδέσμου
3289 727 3427 803 μέτα

2119 815 2316 897 τρέχων
2346 814 2512 894 ἐχέτω
2533 812 2600 873 τὰ
2629 816 2816 895 πρῶτα
2843 817 2948 873 τῶν
2976 814 3244 894 στεφάνων
3273 812 3428 894 ἀνήρ.

2041 934 2286 1003 Αοιπῶν,
2315 935 2645 1007 reliquorum
2673 950 2972 989 cursorum
3011 933 3072 987 in
3115 931 3280 989 ludis.
3305 927 3472 1005 Κώμ.
3501 930 3618 989 εὐδ.

2043 1018 2207 1097 μέτα,
2237 1040 2360 1077 cum
2385 1023 2524 1076 bene
2561 1026 2756 1076 υἱησιο
2775 1022 3080 1095 manipula,
3112 1038 3287 1094 quem
3317 1020 3492 1075 fuisse
3515 1021 3620 1091 qui

2042 1128 2217 1165 manu
2263 1120 2548 1179 tenentes,
2583 1108 2733 1163 sicut
2768 1109 2912 1163 alios
2947 1106 3166 1178 facem,
3207 1118 3508 1165 currerent
3559 1108 3622 1161 in

2041 1198 2258 1266 stadio,
2301 1216 2372 1253 ex
2399 1197 2487 1253 his
2511 1206 2769 1273 apparet.
2807 1194 2982 1269 Quod
3013 1195 3232 1268 adjeci,
3269 1208 3470 1271 aptum
3509 1214 3624 1270 pa-

2042 1288 2182 1342 riter
2203 1287 2490 1343 sententiae
2520 1305 2586 1342 ac
2607 1297 2792 1342 metro
2813 1327 2830 1355 ,
2858 1286 3194 1361 absorptum
3229 1297 3376 1360 puto
3403 1304 3438 1341 a
3461 1304 3620 1359 prae-

2044 1374 2281 1431 cedente
2305 1373 2498 1431 -άνων,
2525 1376 2712 1431 Etiam
2729 1385 3018 1450 postrema
3035 1374 3369 1445 scholiastae,
3401 1375 3496 1430 vel
3517 1375 3628 1427 ali-

2046 1464 2206 1537 cujus
2233 1465 2682 1539 interpolatoris,
2727 1463 2906 1519 verba
2933 1458 2970 1530 ἢ
2997 1461 3178 1537 κώμυς
3204 1474 3340 1531 etc„
3369 1482 3496 1518 non
3523 1479 3626 1516 ca-

2045 1563 2173 1609 rent
2212 1552 2456 1621 mendo,
2485 1552 2588 1607 sed
2626 1550 2962 1625 ponendum
2987 1549 3144 1605 haud
3181 1549 3358 1606 dubie
3385 1560 3469 1605 est
3497 1568 3626 1625 τρο·

2045 1638 2148 1718 χὴν
2165 1684 2184 1715 ‚
2211 1658 2443 1707 cursum,
2481 1649 2548 1694 nt
2570 1637 2919 1714 significetur
2953 1638 3274 1711 manipulus
3296 1637 3626 1713 gramiimm

2047 1740 2213 1804 aptus
2247 1728 2320 1784 ad
2357 1726 2710 1803 portandum
2735 1728 2798 1781 in
2841 1743 3030 1785 cursu.
3073 1726 3272 1800 Nuper
3299 1726 3628 1783 Meinekius

2045 1818 2166 1873 haec
2193 1816 2497 1891 proposuit
2523 1816 2744 1871 leniore
2774 1832 2918 1871 ausu
2951 1834 2964 1868 t

2243 1928 2296 1999 ὁ
2337 1928 2406 2000 δὲ
2445 1938 2582 2025 μετ’
2619 1924 2906 2024 Εὔδημον
2933 1934 3168 2025 τρέχων

2145 2040 2392 2132 κώμυθα
2417 2044 2529 2114 τὴν
2551 2043 2776 2114 λοιπὴν
2805 2040 2936 2130 ἔχει
2960 2047 3084 2105 τῶν
3107 2036 3372 2131 πρωΐων.

2771 2160 2901 2215 161.

2129 2274 2290 2331 Idem
2332 2292 2551 2347 9,19:
2594 2266 2809 2329 εἰώθασι
2835 2269 2937 2349 γὰρ
2967 2270 3168 2349 ἔγκατα
3203 2266 3501 2339 πλήσαντες
3531 2267 3628 2327 και

2051 2358 2360 2440 ξηράναντες
2394 2360 2580 2418 ὀπτᾶν·
2621 2347 2734 2415 εἶτα
2777 2356 3006 2417 ἐσθίουσι
3041 2361 3240 2427 ταῦτα,
3275 2354 3310 2413 ἃ
3340 2354 3434 2414 καὶ
3463 2356 3629 2435 χόρια

2049 2447 2511 2529 προσαγορεύωσι.
2531 2449 2562 2480 *
2589 2446 2818 2525 «xpeel
2845 2446 3140 2526 νεοτρόφοιο
3163 2446 3182 2523 (
3204 2447 3326 2502 duo
3343 2449 3476 2505 Vat.
3507 2466 3632 2501 νεο-

2052 2536 2268 2619 στέφοι)
2303 2536 2510 2615 γέννας,
2539 2532 2696 2615 χόριά
2733 2537 2782 2591 τ’
2798 2532 3106 2614 ,ἒμὸρύων
3133 2556 3192 2591 τε
3230 2531 3488 2605 πλήθημ·
3521 2532 3630 2607 ἔμ-

2051 2625 2206 2707 ὅρυον
2230 2623 2331 2705 γὰρ
2356 2622 2462 2682 ἀπὸ
2479 2646 2569 2682 του
2597 2624 2651 2680 ἐν
2673 2624 2843 2703 ἑαυτῷ
2869 2620 2965 2693 τὴν
2997 2619 3158 2701 βορὰν
3177 2620 3315 2700 ἔχειν
3339 2619 3440 2699 (9),
3463 2616 3500 2689 ἢ
3521 2619 3636 2677 ἀπὸ

2051 2721 2141 2776 τοῦ
2188 2713 2430 2795 ἐμὸρύειν
2475 2712 2539 2792 (Ρ)
2579 2712 2669 2770 καὶ
2713 2710 2979 2779 αὔξεσθαι.
3023 2712 3404 2769 Probabiliter
3443 2712 3631 2771 Mein.

2055 2802 2364 2884 ξηράναντες
2388 2821 2499 2879 pro
2525 2799 2866 2879 ξηραίνοντες.
2894 2800 3118 2859 Deinde
3151 2802 3374 2876 legam:
3417 2798 3634 2876 Κρατῖ-

2053 2916 2135 2960 νος
2162 2894 2384 2972 (minus
2400 2892 2591 2967 placet
2617 2887 2831 2968 Κράτης
2851 2886 2893 2966 )·

2299 3008 2636 3101 Νεότροφον
2669 3008 2862 3099 γένος,

2148 3115 2328 3210 χόριά
2359 3121 2415 3200 ἰζ’
2457 3109 2723 3208 ἐμὸρύων
2757 3139 2828 3179 τε
2861 3112 3084 3186 πλήθη·

2055 3255 2112 3300 et
2133 3245 2194 3299 in
2213 3241 2326 3300 fine
2347 3243 2698 3299 scholiorum
2729 3237 2836 3298 ἀπὸ
2861 3242 2953 3296 τοῦ
2984 3235 3176 3317 βρύειν.
3208 3237 3504 3316 Νεότροφον
3533 3237 3640 3313 γέ·-

2052 3352 2162 3402 νος,
2186 3332 2424 3388 sortasse
2456 3328 2683 3409 ἰχθύων,
2720 3330 2822 3404 qui
2855 3329 3162 3386 laudantur
3186 3339 3480 3396 recentes,
3513 3325 3642 3382 νεό-

2053 3437 2255 3497 τροφοι,
2282 3415 2409 3476 νέοι.

2779 3529 2906 3586 162.

2135 3642 2327 3699 Schol.
2371 3641 2631 3716 Thucyd.
2685 3661 2740 3710 1,
2787 3642 2863 3698 30
2912 3662 2925 3697 z
2973 3642 3297 3718 τροπαῖον
3345 3645 3379 3710 ἡ
3421 3639 3640 3698 παλαιὰ

2057 3725 2247 3799 Ἀτθὶς,
2295 3723 2356 3798 ἧς
2399 3725 2538 3786 ἔστιν
2579 3725 2841 3800 Εὔπολις,
2889 3729 3178 3806 Κρατῖνος,
3222 3727 3638 3804 Ἀριστοφάνης,

2055 3814 2405 3886 Θουκυδίδης·
2461 3814 2794 3893 τρόπαιον
2842 3819 2876 3886 ἡ
2905 3814 2997 3874 νέα
3033 3815 3232 3893 Ἀτθὶς,
3263 3807 3324 3887 ἧς
3367 3814 3480 3874 ἔστι
3517 3815 3640 3876 Μέ-

2057 3901 2266 3980 νανδρος
2289 3901 2382 3960 καὶ
2411 3903 2458 3960 οἱ
2479 3900 2650 3964 ἄλλοι.
2675 3906 2894 3962 Similia
2921 3905 3142 3962 SuidaS.

2775 4017 2906 4075 163.

2137 4128 2329 4184 Schol.
2360 4131 2596 4186 Homeri
2620 4129 2689 4187 11.
2723 4133 2790 4200 B,
2823 4129 2936 4187 56:
2969 4125 3289 4184 ἐνύπνιον
3319 4126 3642 4200 ὀνοματικὸν

2057 4211 2326 4293 ἐπίρρημα
2346 4214 2462 4273 ἀντὶ
2488 4220 2578 4273 τοῦ
2603 4215 2872 4282 ἐνυπνίως.
2895 4214 3008 4274 ἔστι
3035 4214 3090 4273 δὲ
3116 4213 3208 4273 καὶ
3221 4213 3389 4290 ὄνομα
3417 4217 3498 4272 δεῖ
3521 4215 3642 4294 (sic)

3423 4330 3448 4354 ¹·
3487 4307 3640 4362 Cod-

3301 4437 3317 4444 ο
3328 4437 3604 4448 ----

2061 4301 2315 4378 Κρατινος
2351 4325 2374 4356 ι
2411 4303 2722 4382 Θραττει
2773 4326 2848 4379 με
2899 4325 2966 4362 το
3007 4326 3368 4362 ενυπνιον.

2059 4517 2285 4559 currens
2307 4501 2506 4561 habeto
2529 4505 2767 4576 primam
2786 4521 3065 4562 coronam.
3092 4534 3164 4546 —
3181 4508 3311 4561 Sive
3330 4525 3350 4558 .-

2241 4589 2342 4646 llle
2353 4606 2481 4648 cum
2499 4589 2746 4647 Eudemo
2761 4607 2989 4648 currens

2062 4675 2396 4748 manipulum
2421 4693 2594 4734 unum
2607 4677 2881 4750 reliquum
2901 4677 3064 4736 habet
3085 4695 3148 4734 ex
3175 4677 3494 4750 matutinis.

2781 4772 2848 4822 16
2889 4806 2903 4820 .

2129 4880 2200 4892 —
2223 4853 2438 4908 Recens
2457 4849 2715 4908 eductum
2734 4771 2902 4923 gemis
2921 4853 3194 4922 (piscium
3211 4849 3276 4918 ἲ)

2059 4943 2115 4992 et
2141 4935 2424 4994 farcimina
2442 4979 2458 5006 ,
2483 4943 2539 4993 et
2560 4936 2911 5011 embryorum
2929 4937 3162 5011 copiam.

2783 5029 2804 5080 1
2815 5029 2883 5080 63
2893 5065 2904 5078 .

2060 5113 2250 5166 Terret
2277 5126 2358 5166 mc
2391 5109 2690 5168 somnium.
