3809 5850
1522 410 2096 473 PHERECBATES.
3351 433 3426 482 89
3497 496 3504 504 ¹

186 547 265 603 Sic
284 548 455 603 etiam
486 546 707 604 Suidas
730 566 789 605 v.
819 544 1044 623 Ἀγορᾶς
1060 542 1233 623 ὥραν,
1258 546 1364 600 nisi
1399 545 1557 618 quod
1578 546 1769 600 omisit
1856 542 2098 624 εἰρήκασι
2137 546 2408 623 Τιμοκλῆς
2455 545 2550 622 μὲν
2593 546 2645 603 ἐν
2691 546 2897 626 Πύκτῃ,
2931 548 3210 619 ἐπισιτίους
3248 552 3424 611 καλῶν

188 636 349 691 verba
371 632 471 691 καὶ
500 634 559 691 ἐν
590 633 726 694 Aah.
764 658 787 683 α
814 638 1020 692 Versus
1040 632 1407 708 eupolideus,
1436 632 1669 689 sortasse
1696 650 1767 689 cx
1856 630 2140 703 m’noiic‚...
2165 635 2245 693 Φ.
2273 631 2327 692 δὲ
2351 632 2550 713 Γραυσί

186 724 437 797 pai-abasi
460 724 703 799 petitus.
742 748 769 773 ι
794 724 888 780 Μ.

938 853 1031 894 ιο.

260 951 425 1007 idem
446 950 536 1006 ib.
565 967 627 1027 p.
657 947 801 1019 460,
832 966 934 1019 27,
952 944 1315 1025 Ἀτραπίζεινς
1350 944 1577 1025 βαδίζειν
1596 943 1633 1018 ἢ
1652 948 1760 1007 ὁδα

184 1040 370 1096 ποιεῖν.
396 1034 545 1097 οὕτω
575 1036 658 1095 Φ.
686 1037 821 1097 Αὗτ.

280 1155 753 1254 Ᾱτραπίζοντες
791 1157 905 1237 τὰς
934 1158 1219 1254 ἁρμονίας
1243 1152 1350 1227 διὰ
1374 1168 1612 1230 πασῶν.

186 1320 211 1338 -
252 1294 553 1367 Diapason
602 1286 725 1369 (διὰ
768 1288 989 1359 πασῶν,
1032 1288 1211 1347 intell.
1244 1287 1512 1367 χορδῶν),
1539 1290 1765 1347 mnsicae

182 1382 323 1437 artis
350 1379 735 1454 symphonia,
784 1387 1053 1433 constans
1094 1394 1162 1432 ex
1197 1374 1231 1430 5
1270 1376 1419 1432 tonis
1455 1387 1511 1433 et
1540 1376 1766 1433 duobus

178 1468 515 1536 sunnonis,
564 1466 611 1521 i.
655 1484 709 1524 c.
766 1463 899 1539 (ex)
950 1464 1231 1537 Diapcnte
1273 1474 1333 1520 et
1376 1466 1759 1525 Diatessaron.

182 1558 465 1612 Octavam
485 1552 669 1611 hodie
690 1563 920 1611 vocant.
944 1552 1154 1608 Plinius
1177 1554 1252 1613 fl.
1272 1550 1345 1611 Ν.
1376 1570 1434 1623 a,
1455 1570 1529 1609 22
1556 1572 1570 1613 z
1594 1572 1763 1629 quam

180 1645 477 1719 Βίαραςαη
512 1643 873 1698 harmoniam
898 1651 1125 1707 meant,
1174 1640 1237 1699 h.
1267 1660 1320 1700 e.
1353 1647 1764 1697 universitatem

178 1745 499 1789 concentus.
538 1756 565 1781 n
602 1728 651 1786 E
680 1730 915 1788 Gesneri
946 1730 1113 1785 Thes.
1160 1754 1185 1779 σι
1239 1732 1431 1785 Locus
1454 1748 1526 1786 cx
1562 1732 1763 1787 eadem

182 1820 393 1876 sabula
435 1834 615 1875 scena
659 1818 875 1892 petitus
917 1817 1169 1886 videtur,
1213 1835 1280 1872 ex
1322 1835 1437 1891 qua
1475 1816 1675 1893 fragm.
1728 1837 1761 1873 α

180 1906 417 1962 ductum
447 1914 557 1963 ωε.
594 1928 623 1954 ⁸
656 1905 749 1959 M.

262 2129 505 2185 photius
526 2130 671 2185 Lex.
699 2146 763 2203 Ρ.
793 2133 899 2192 401
924 2166 943 2196 ,
976 2134 1067 2198 14,
1106 2124 1403 2183 Πασσυδί
1430 2144 1445 2185 τ
1470 2127 1757 2193 παντελῶς.

180 2214 208 2269 δ
226 2212 561 2283 Θουκυδίδης
578 2208 635 2283 η’
655 2211 678 2290 (
690 2232 747 2272 e.
780 2232 803 2268 1
823 2208 863 2289 )τ
885 2211 961 2289 μὴ
990 2210 1153 2278 οὕτως
1173 2234 1229 2270 τε
1259 2212 1395 2291 (leg.
1421 2211 1511 2294 γε)
1535 2216 1765 2274 πασσυδὶ

182 2298 487 2378 διεφθάρθαι
500 2343 519 2374 ,
542 2296 677 2379 ὅπερ
705 2298 1059 2378 ἀγνοήσαντίς
1078 2322 1211 2367 τινες
1232 2300 1486 2381 γράφουσι
1508 2304 1765 2362 πασσυδεί

182 2392 293 2463 (sic
314 2390 517 2446 scribo
542 2408 658 2464 pro
682 2386 968 2466 πασσυδί).
988 2390 1202 2447 Eadem
1220 2390 1455 2462 Suidas,
1476 2394 1584 2449 nisi
1606 2394 1767 2468 quod

178 2477 349 2536 habet
359 2476 651 2535 πασσυδεί.
676 2502 705 2528 ι
727 2480 815 2535 De
832 2497 897 2536 rc
918 2480 1178 2535 disseruit
1192 2480 1447 2539 Lobeck.
1462 2480 1537 2537 ad
1550 2480 1759 2555 Phryn.

184 2586 245 2639 p.
278 2564 399 2623 515
428 2577 493 2623 et
517 2567 703 2641 Soph.
730 2565 827 2638 Aj.
867 2585 931 2641 p.
968 2564 1105 2641 369.
1136 2567 1505 2624 Pherecrates
1532 2568 1765 2623 fortasse

182 2672 313 2711 usus
360 2666 449 2711 est
496 2656 828 2728 antiquiore
876 2654 1061 2712 forma
1106 2652 1362 2727 πανσυδὶ,
1408 2657 1481 2713 de
1526 2674 1641 2731 qua
1685 2656 1761 2713 cf.

180 2742 455 2817 Spitzner.
484 2741 565 2798 ad
588 2741 757 2801 Iliad.
782 2742 851 2814 B,
886 2761 977 2800 ια.
1016 2767 1041 2792 υ
1083 2746 1171 2800 Μ.

934 2874 1027 2913 12.

264 2968 431 3024 idem
462 2967 549 3024 ib.
590 2986 654 3041 p.
694 2965 832 3038 541,
867 2965 923 3037 5,
963 2963 1357 3044 Στραγγαλίδες
1384 2985 1399 3026 :
1428 2963 1499 3023 ’τὰ
1528 2953 1758 3024 δύσλυτα

180 3053 429 3130 ἅμματα.
470 3055 555 3114 Φ.
590 3055 725 3112 Λῦτ.

266 3176 457 3274 Ῡμεῖς
486 3178 617 3274 γὰρ
646 3180 745 3246 ἀεὶ
778 3173 1233 3274 στραγγαλίδας
1264 3179 1606 3274 ἐσφίγγετε.

172 3329 391 3386 Eadem
432 3327 647 3386 Suidas
674 3339 733 3384 et
758 3329 1026 3386 Zonaras.

934 3442 1027 3502 13.

246 3557 465 3612 Pollux
482 3575 544 3626 α,
566 3555 641 3611 23
670 3575 683 3608 :
713 3553 1057 3632 Φερεκράτης
1078 3549 1133 3610 δὲ
1158 3578 1183 3602 ι
1212 3553 1275 3609 ἐν
1302 3555 1435 3633 χρῷ
1462 3555 1764 3634 κουριῶν·

1957 775 2018 815 α.
2055 751 2132 815 Σὺ
2159 741 2221 815 δ’
2255 743 2376 816 ὦδε
2406 750 2664 833 θᾶσσον,
2703 748 3076 843 Σμικυθίωνί
3113 757 3418 820 ἐπισιτιεῖ.

1959 858 2025 939 β.
2069 852 2178 931 Τίς
2205 846 2267 920 δ’
2311 852 2484 933 οὗτος
2513 861 2657 948 ὑμῖν
2692 857 2866 944 ἔστι,
2904 884 2968 925 α.
3008 870 3234 927 Τοῦτον
3273 887 3422 927 παν-

3233 1003 3426 1085 ταχοῦ

1955 1088 2090 1187 ἄγω
2111 1094 2477 1188 λαρυγγικόν
2507 1098 2625 1161 τιν’
2668 1092 2772 1161 ἐπὶ
2811 1095 3008 1186 μισθῷ
3039 1090 3226 1175 ξένον.

1856 1224 1924 1279 V.
1960 1242 1984 1277 1
2013 1210 2146 1299 ὧδε,
2185 1223 2319 1293 huc,
2357 1224 2538 1283 intell.
2564 1220 2981 1299 102.·Aristoph.
3015 1230 3118 1283 Av.
3148 1226 3258 1283 231
3290 1245 3303 1280 τ
3331 1222 3427 1283 ἴτω

1853 1329 1931 1375 τις
1949 1298 2053 1368 ὧδε
2069 1310 2175 1367 τῶν
2194 1310 2336 1385 ἐμῶν
2351 1308 2681 1389 ὁμοπτέρων.
2701 1313 2866 1369 Libri
2883 1311 3023 1384 οὐδέ,
3043 1316 3101 1369 in
3118 1334 3236 1388 quo
3256 1315 3427 1371 etiam

1854 1400 2027 1456 Mein.
2059 1398 2324 1459 offendit.
2357 1397 2659 1472 Σμικυθίων
2681 1400 3036 1457 Atheniensis
3063 1402 3297 1479 quidam
3320 1420 3426 1457 vo-

1856 1497 2017 1543 catur
2033 1488 2203 1563 vap.
2239 1495 2378 1557 401,
2404 1488 2624 1547 Eccles.
2657 1488 2758 1558 46,
2784 1491 2884 1563 qui
2905 1492 3254 1565 parasitatur
3274 1491 3429 1567 apud

1854 1576 2144 1634 Nostrum.
2171 1574 2247 1635 V.
2275 1575 2308 1633 3
2337 1574 2434 1632 τιν’
2465 1594 2496 1631 a
2518 1580 2776 1635 Porsono
2799 1589 2913 1663 cst3
2941 1579 3076 1638 cod.
3109 1583 3160 1638 A
3189 1582 3422 1651 omittit,

1854 1664 1897 1719 B
1917 1664 2134 1737 prabet
2153 1660 2270 1733 τήν.

2613 1776 2670 1819 a.

1933 1853 2093 1910 Idem
2117 1874 2179 1930 9,
2199 1874 2263 1931 p.
2296 1854 2435 1933 395,
2463 1860 2534 1933 A,
2559 1856 2605 1914 B
2637 1874 2652 1911 ε
2689 1852 2909 1915 Ἀττικοὶ
2935 1854 2990 1913 δὲ
3017 1858 3298 1934 ἀρσενικῶς
3320 1883 3418 1919 πε-

1860 1938 2096 2019 ριστερὸν
2108 1943 2379 2004 καλοῦσιν.
2402 1939 2600 2011 Ἄλεξις
2615 1941 2996 2023 Συντρέχουσιν
3024 1944 3393 2029 (frag1n.a.)..
3407 1996 3420 2009 .

1854 2028 1936 2089 Φ.
1964 2029 2018 2086 ἕν
2039 2030 2308 2110 Γραφεῦσί
2336 2030 2469 2111 (sic)
2499 2051 2656 2112 φησιν

1951 2138 2328 2237 Απόπεμψον
2364 2148 2744 2241 ἀγγέλλοντα
2772 2147 2878 2213 τὸν
2911 2150 3278 2243 περιστερόν.

1853 2272 2036 2328 Sensit
2065 2275 2240 2334 Mein.
2267 2275 2602 2350 ponendum
2631 2292 2750 2330 esse
2777 2270 2982 2351 Γραυσί
3003 2291 3018 2332 :
3045 2292 3179 2329 nam
3203 2274 3428 2353 Γραφεῗς

1853 2360 2187 2437 inscriptam
2229 2362 2572 2421 comoediam
2609 2362 2750 2419 alius
2773 2379 2945 2419 nemo
2989 2374 3421 2419 commemorat.

1854 2444 2095 2507 Photius
2137 2454 2277 2513 Lex.
2328 2472 2392 2528 p.
2442 2459 2580 2523 422,
2610 2448 2924 2529 Περιστερόν
2956 2470 2973 2510 :
3009 2451 3310 2531 ἀρσενικῶς.
3342 2452 3425 2515 Φ.

1856 2537 2076 2595 Eodem
2112 2542 2345 2615 respicit
2383 2540 2566 2596 schol.
2601 2540 2864 2597 Aristidis
2900 2559 2962 2615 p.
3014 2540 3127 2611 273
3174 2541 3269 2599 ed.
3317 2542 3416 2599 Fr.

1864 2646 1888 2673 α
1917 2627 2000 2682 De
2043 2628 2324 2685 columbis
2362 2629 2724 2685 internuntiis
2761 2628 3000 2685 Casaub.
3041 2628 3235 2687 laudat
3279 2629 3422 2685 Plin.

1856 2713 1930 2773 Η.
1961 2718 2034 2775 N.
2075 2737 2164 2790 ιο,
2195 2718 2295 2790 37,
2324 2716 2425 2794 59,
2450 2730 2508 2776 et
2529 2720 2735 2775 AElian.
2771 2721 2834 2777 V.
2864 2718 2937 2776 H.
2969 2734 3030 2793 9,
3062 2736 3120 2777 2.
3155 2742 3180 2770 ι
3213 2720 3376 2776 ΕΜ.

2614 2831 2674 2891 3.

1935 2945 2190 3002 Gramm.
2222 2945 2462 3008 Bekker.
2497 2946 2720 3004 Anecd.
2756 2965 2820 3022 p.
2853 2945 3006 3019 326,
3049 2954 3151 3017 al„
3181 2938 3370 3023 Ἄγραι
3406 2948 3433 3002 ;“

1856 3029 2050 3110 χωρίον
2091 3028 2192 3098 ἔξω
2219 3033 2314 3102 τῆς
2333 3029 2536 3097 πόλεως
2561 3029 2806 3104 Ἀθηνῶν,
2830 3021 2892 3090 οἶ
2918 3031 2984 3090 τὰ
3009 3031 3176 3111 μικρὰ
3201 3033 3293 3103 τῆς
3318 3029 3426 3102 Δή-

1856 3139 2052 3196 μητρος
2080 3115 2266 3197 ἄγεται
2293 3117 2585 3198 μυστήρια,
2614 3116 2651 3176 ἃ
2681 3117 2893 3196 λέγεται
2917 3117 2986 3178 τὰ
3032 3121 3084 3179 ἐν
3113 3117 3326 3199 Ἄγρας,
3353 3119 3426 3184 ’ὡς

1855 3205 1911 3263 ἐν
1940 3204 2277 3276 Ἀσκληπιοῦ.
2307 3205 2388 3266 Φ.
2419 3203 2667 3284 Γραυσίν·

1953 3322 2138 3398 Εὐθὺς
2170 3319 2283 3415 γὰρ
2334 3327 2418 3399 ὡς
2459 3316 2822 3413 ἐκαθιζόμην
2851 3325 2910 3388 ἐν
2947 3311 3166 3417 Ᾰγρας.

1859 3448 2152 3504 Bekkerus
2185 3448 2371 3505 edidit
2409 3445 2712 3523 ἐὸαδίζομεν
2743 3449 2797 3505 ἐν
2839 3444 3064 3526 Ἄγρας,
3103 3448 3204 3504 sed
3240 3449 3422 3506 codex

1854 3533 1909 3604 ἐξ
1939 3530 2166 3614 Ἄγρας,
2214 3555 2284 3593 ex
2330 3557 2448 3612 quo
2489 3547 2623 3595 ante
2666 3536 2992 3595 Bekkerum
3035 3537 3416 3593 Montesalco-

162 3665 281 3708 τας
310 3671 357 3714 ι,
383 3639 423 3712 ἢ
454 3641 605 3708 ὅστις
630 3639 752 3706 τοὺς
778 3640 1115 3717 Αὖτομόλους
1138 3641 1297 3699 αὐτοῦ
1322 3639 1645 3703 διεσχεύασε,
1678 3647 1759 3700 Ex
1854 3627 1983 3682 nius
2007 3626 2154 3681 Bibl.
2187 3627 2356 3686 Coisl.
2381 3645 2442 3701 p.
2470 3626 2585 3683 603
2609 3625 2964 3702 produxerat
2985 3623 3312 3701 ἐκαθίζομεν,
3343 3628 3422 3682 ita

160 3733 505 3806 fragmento
535 3731 571 3787 3
604 3731 943 3806 intelligitur
964 3733 1241 3806 scriptam
1270 3749 1389 3788 ωε
1425 3733 1570 3789 hanc
1598 3733 1755 3788 (ψῃ.
1856 3724 1919 3769 ut
1955 3713 2218 3770 dedimus
2259 3731 2296 3770 a
2321 3713 2607 3771 Meinekio
2637 3725 2982 3770 correctum.
3027 3715 3266 3768 Pausan.
3299 3717 3416 3772 Att.

160 3820 283 3876 lam
319 3821 493 3878 brevi
531 3831 671 3897 post
710 3829 946 3896 ruptum
988 3820 1215 3878 celebre
1260 3821 1405 3878 illud
1452 3820 1760 3878 decennale
1863 3821 1957 3877 ¹92
1998 3801 2036 3859 6
2075 3822 2091 3857 ³
2138 3799 2353 3859 &aeaut
2380 3797 2436 3859 δὲ
2462 3798 2708 3861 Εἷλῑσσὸν
2741 3797 3000 3879 (Ἰλισσὸν
3039 3801 3317 3857 Ηθΐῡᾶθῑ·
3356 3820 3417 3873 7ι

160 3911 363 3966 t'oedns
390 3912 551 3966 inter
574 3909 821 3984 Argivos
848 3918 909 3965 et
937 3909 1332 3982 Athenienses,
1359 3909 1435 3966 id.
1454 3922 1540 3967 est
1577 3913 1757 3985 olym·

160 3997 361 4072 piadis
386 3999 493 4055 XC
512 4015 673 4054 anno
702 3996 819 4055 fere
849 4007 1081 4072 quarto.

764 4157 863 4214 IV.
908 4154 1175 4214 ῙῬΑΕΣ.

242 4303 341 4358 De
366 4311 719 4378 argumento
742 4299 1007 4376 quaedam
1030 4299 1188 4358 dicta
1212 4299 1273 4356 in
1296 4299 1368 4359 fr.
1390 4305 1451 4368 4.

954 4443 1005 4480 1.

1864 3891 1998 3966 189,
2041 3889 2274 3966 aliique)
2316 3887 2508 3969 χωρίον
2553 3883 2747 3968 Ἄγρας
2787 3885 3139 3963 καλούμενον,
3181 3883 3270 3944 καὶ
3299 3879 3428 3951 ναὸέ

1858 3976 2166 4058 Ἀγροτέρας
2194 3979 2336 4036 ἔστιν
2378 3976 2700 4057 Ἀρτέμιδος.
2743 4009 2818 4022 --
2847 3979 3060 4036 Vetulae
3095 3978 3216 4034 haec
3244 3977 3422 4032 verba

1853 4068 2072 4125 suerint
2090 4069 2375 4126 narrantis
2399 4068 2540 4145 quid
2560 4068 2620 4123 in
2648 4068 2865 4143 templo
2894 4067 3002 4124 sibi
3026 4059 3324 4137 acciderit,
3355 4076 3418 4122 ut

1852 4155 2031 4215 Mein.
2057 4159 2376 4216 annotavit.

2551 4260 2610 4322 4.
2654 4249 2713 4311 5.

1933 4361 2136 4422 Suidas
2163 4384 2217 4419 v.
2249 4361 2519 4436 Ἀθηναίας
2557 4384 2573 4424 :
2611 4364 2640 4420 ὁ
2661 4359 3035 4440 Μεγακλείδης
3061 4360 3116 4419 ἓν
3150 4367 3262 4428 τοῖς
3295 4359 3418 4440 περὶ

1851 4447 2097 4529 Ὁμήρου
2125 4449 2186 4508 οὔ
2213 4473 2340 4531 φησι
2381 4453 2655 4510 καλεῖσθαι
2693 4449 2789 4516 τὰς
2828 4455 3080 4526 γυναῖκας
3105 4445 3380 4520 Ἀθηναίας
3399 4491 3417 4524 ,

246 4541 469 4600 Athen.
494 4539 557 4610 6,
596 4558 661 4615 Ρ.
707 4537 850 4612 246,
884 4539 931 4595 1³·
962 4556 978 4594 τ
1018 4539 1167 4615 κοινῇ
1197 4535 1253 4594 δὲ
1280 4535 1402 4618 περὶ
1450 4536 1758 4616 παρασίτων
1849 4539 1972 4598 ἀλλ’
1998 4539 2334 4608 Ἀττικάς....
2363 4538 2502 4599 ἀλλὰ
2522 4537 2634 4600 ἰδοὺ
2657 4539 2738 4602 Φ.
2769 4540 2824 4598 ἓν
2847 4541 2946 4618 Γρ.
2979 4557 3140 4617 φησιν

925 4758 1017 4809 10.

160 4843 547 4916 ingredientes
572 4841 929 4900 harmoniam
956 4839 1245 4914 diapason.

930 4933 1012 4984 12.

166 5023 281 5078 vtis
306 5021 455 5079 enim
476 5035 705 5095 semper
724 5017 917 5075 nodos
942 5017 1289 5074 connectitis.

863 5107 1083 5162 ANUS.

180 5213 224 5252 ὃ.
262 5201 339 5258 Tu
362 5199 491 5269 linc,
512 5195 909 5272 Smieythion!
932 5193 1225 5252 satiaberis,

1856 4755 1913 4812 b.
1947 4754 2084 4828 Quis
2104 4764 2288 4814 autem
2317 4755 2410 4812 hic
2431 4755 2582 4814 vobis
2608 4759 2732 4813 est?
2765 4770 2818 4813 a.
2852 4759 3016 4812 Hunc
3036 4753 3242 4827 ubique
3352 4811 3362 4822 ,

1850 4859 2072 4901 mecum
2099 4843 2243 4901 duco
2263 4843 2520 4917 gulosum
2547 4843 2830 4917 quendam
2844 4884 2861 4911 ‚
2887 4841 3160 4909 mercede,
3187 4840 3418 4913 peregri·

1850 5016 2030 5086 Mitte,
2049 5016 2144 5089 qui
2167 5017 2416 5086 nuntiet,
2437 4973 2777 5074 columbum.

1850 5193 2043 5252 Statim
2065 5193 2212 5250 enim
2233 5199 2298 5250 ut
2311 5191 2530 5250 consedi
2553 5193 2610 5248 in
2641 5144 2802 5264 ligra}
2825 5185 3107 5260 (templo).
3131 5199 3134 5204 ·
