3809 5850
525 468 630 517 324

608 588 637 655 ὃ
675 593 800 666 νέος
837 584 905 654 ἂν
938 588 1017 652 ὢν
1044 587 1261 679 ἀγαθόν
1296 612 1358 651 τι
1400 596 1475 677 τῇ
1524 588 1680 677 τύχῃ
1712 575 1910 665 νπαθᾎ
1955 584 2036 660 εἰς

607 701 761 789 ὥραν
795 695 1155 777 καταλύσει,
1188 684 1337 783 μηδ’
1362 691 1658 783 ἀγόμφιόν
1692 715 1837 755 ποτε

516 800 555 871 5
609 802 797 869 αἰῶνα
822 798 1031 892 τρίψῃ.

509 939 721 994 Vitiose
748 935 933 992 codex
962 956 1016 1009 γ.
1046 931 1317 1011 γενέσθαι,
1348 929 1693 1011 προνοησᾶτω
1722 929 1767 989 δ’
1797 928 1942 998 ὅπως
1974 928 2085 998 νέος

509 1022 583 1081 ὢν
624 1024 714 1101 ἀγ.
750 1044 801 1080 τι
827 1024 893 1100 τῇ
920 1022 1067 1102 ψυχῇ
1092 1018 1277 1077 παθὼν
1304 1020 1375 1085 εἷς
1410 1016 1552 1098 ὥραν
1590 1041 1743 1090 κατ.,
1776 1029 1833 1076 et
1870 1020 1932 1074 in
1969 1017 2084 1075 fine

507 1108 699 1191 τρίψει.
723 1109 797 1169 At
822 1112 991 1168 tertio
1020 1112 1152 1166 loco
1179 1109 1467 1165 sententiae
1484 1108 1753 1184 positum,
1778 1116 1845 1162 ut
1860 1106 2082 1181 Euripi-

510 1201 614 1258 des
646 1202 787 1257 Ione
816 1199 983 1271 678:
1011 1198 1105 1255 τοῦ
1140 1197 1318 1275 κρατῶ
1343 1195 1390 1252 δ’
1415 1193 1629 1261 ἄκοντος
1649 1191 1733 1253 οὗ.
1766 1195 2083 1270 Theopom-

508 1306 618 1365 pus
638 1290 867 1358 Nemea,
883 1287 1092 1344 Athen.
1128 1303 1191 1341 11
1201 1303 1299 1360 ,.p
1330 1293 1465 1357 470,
1485 1286 1573 1341 F.
1606 1280 1753 1363 φίλος
1782 1279 2084 1363 φιλοτήσιον

510 1372 569 1433 δέ
606 1396 690 1434 σοι
732 1372 1042 1455 προπίομαι.
1090 1372 1407 1429 Meinekius
1445 1368 1839 1450 περινοησᾶτω
1858 1370 1904 1429 δ’
1943 1368 2083 1435 ὅπως

508 1464 539 1521 3
551 1485 615 1521 τι
644 1461 753 1530 νέος
791 1460 883 1520 ὤν.
922 1461 1348 1519 Vocabulorum
1384 1457 1521 1538 τύχη
1562 1472 1620 1517 et
1645 1454 1791 1539 ψυχη
1820 1459 2081 1517 confusio

507 1554 832 1609 tralaticia:
862 1550 1509 1609 v.Bast.Com1nentat.
1545 1548 1814 1624 palaeogr.
1853 1566 1915 1623 p.
1946 1548 2079 1623 739.

507 1638 685 1720 Τρίψη
713 1658 823 1717 pro
850 1636 1039 1717 τρίὸῃ,
1066 1638 1141 1695 de
1172 1656 1291 1712 quo
1318 1638 1519 1696 Matth.
1546 1638 1645 1695 Gr.
1668 1636 1704 1711 §
1734 1634 1863 1692 506.

1266 1770 1326 1811 2.

586 1865 825 1922 Photius
862 1883 923 1941 p.
954 1862 1097 1940 509,
1129 1882 1223 1935 17,
1250 1860 1541 1938 Τιμαὶος
1573 1883 1584 1914 :
1626 1862 1655 1917 ὁ
1683 1860 1881 1931 πολλῆς
1909 1862 2080 1936 τιμῆς.

510 1952 647 2012 οὕτω
675 1956 742 2014 Δ.

1268 2048 1321 2107 3.

588 2166 792 2223 Pollux
822 2164 895 2235 3,
926 2170 999 2230 42
1038 2184 1049 2195 ·
1090 2161 1178 2220 καὶ
1225 2160 1787 2239 διεπαρθένευσε,
1834 2158 1924 2217 καὶ
1968 2158 2078 2216 δια·

508 2251 961 2332 πεπαρθενευκότα
978 2274 993 2287 ·
1019 2250 1082 2308 τὸ
1128 2246 1223 2323 μὲν
1257 2247 1509 2328 πρότερον
1547 2252 1636 2322 Δ.,
1673 2246 1733 2307 τὸ
1763 2246 1818 2306 δὲ
1846 2244 2082 2325 δεύτερον

508 2337 707 2407 Ἄλεξις
724 2383 743 2412 ,
764 2340 812 2397 οἱ
840 2336 1089 2413 κωμικοί.

1188 2457 1400 2518 ΧΧΧῙ.

995 2593 1587 2664 NICOCHABES.

596 2772 619 2798 α
652 2746 988 2805 Nicochares
1044 2742 1384 2827 (Νικοχάρης
1411 2790 1427 2818 ,
1480 2746 1657 2821 genit.
1713 2742 2039 2822 Νικοχάρους
2061 2784 2078 2816 ,

511 2854 631 2893 non
671 2832 999 2913 Νικόχαρις,
1034 2834 1198 2910 quod
1236 2835 1410 2891 habet
1450 2852 1583 2909 pars
1616 2834 1898 2889 librorum
1936 2834 2080 2888 vitio

506 2924 787 2982 iotacismi
802 2923 843 3000 ),
866 2923 1275 2998 cydathenaeus
1291 2965 1310 2995 ‚
1334 2922 1651 2980 Philonidis
1669 2964 1685 2994 ,
1706 2920 1915 2978 comici
1937 2939 2078 2996 poe·

508 3022 609 3083 tae,
641 3011 792 3068 filius
810 3052 827 3083 ,
856 3011 1169 3068 secundum
1201 3011 1399 3086 Steph.
1427 3012 1560 3086 Byz.
1587 3029 1645 3069 v.
1682 3005 2077 3084 Κυδαθήναιον,

508 3100 745 3172 suidam
770 3119 826 3161 v·
859 3097 1193 3178 Νικοχάρης,
1226 3099 1542 3156 Eudociam
1561 3117 1623 3174 p.
1660 3097 1797 3167 311,
1837 3098 2076 3153 certavit

506 3208 639 3247 cum
674 3189 1055 3264 Aristophane
1071 3228 1089 3259 ,
1130 3187 1293 3263 quod
1329 3206 1398 3243 ex
1446 3185 1601 3242 Pluti
1642 3190 1997 3261 Argumento
2043 3203 2076 3241 a

505 3276 859 3352 intelligitur,
896 3277 1190 3352 vitamque
1218 3277 1367 3332 ultra
1411 3276 1630 3349 olymp.
1670 3273 1816 3344 106,
1846 3272 1878 3328 3
1923 3271 2078 3348 (353

506 3376 637 3422 ante
656 3365 799 3440 Chr.
814 3375 937 3424 nat.
960 3363 980 3442 )
1002 3365 1339 3441 produxisse
1363 3362 1677 3420 censendus
1696 3371 1809 3434 est,
1838 3361 1886 3418 si
1911 3363 2078 3418 Boec-

503 3452 672 3508 lthius
698 3452 897 3528 (Corp.
938 3453 1215 3528 inscriptt.
1248 3471 1304 3521 1,
1334 3471 1396 3526 p.
1436 3446 1585 3529 354)
1628 3461 1787 3506 recte
1832 3449 2082 3525 explevit

504 3542 771 3598 lacunam
837 3542 1191 3600 monumenti
1257 3538 1587 3597 didascalici
1648 3557 1665 3596 t
1728 3532 2082 3616 Νι[κοχάρ]ης

508 3629 741 3707 Ποιητῇ.
758 3652 783 3680 »
808 3631 863 3685 E
883 3631 1092 3701 Mein„
1117 3627 1309 3704 quide
1332 3627 1565 3704 singulis
1589 3626 1793 3682 fabulis
1817 3626 2080 3683 disseruit

508 3717 651 3777 liist.
678 3718 802 3774 crit.
824 3718 988 3772 Com.
1020 3736 1082 3790 p.
1117 3715 1231 3773 253
1260 3733 1418 3790 seqq.

1035 3860 1085 3919 1.
1131 3857 1542 3918 ΑΜΥΜΩΝΗ.

588 3979 801 4038 Athen.
831 3997 919 4052 10,
938 3998 1001 4055 p.
1018 3979 1158 4050 426,
1180 3982 1262 4039 E:
1280 3977 1388 4037 οἶδ’
1412 3975 1794 4054 ἐπιτεταμένως
1816 3976 2078 4057 χρώμενοι
2169 3975 2174 3980 ’

506 4073 581 4150 τῷ
606 4073 754 4150 ποτῷ
776 4067 867 4128 δύο
893 4067 1029 4129 οἴνου
1049 4070 1197 4148 (scil.
1209 4069 1389 4179 ’‘uipn
1370 4110 1391 4148 J
1412 4068 1585 4128 ἔπινον
1612 4067 1742 4149 πρὸς
1764 4068 1921 4129 πέντε
1945 4069 2071 4128 5802-

1500 450 1903 510 comossmAE
1951 446 2278 509 verems
2321 450 2743 525 REUQmAE.

2185 578 2251 638 τὰ
2272 581 2620 661 παραπλήσια
2654 582 2826 661 εἴρηκε
2850 582 2942 640 καὶ
2967 582 3018 639 ἐν
3047 582 3325 659 Λημνίαις.
3341 589 3402 645 V.
3419 604 3450 642 2
3479 584 3534 643 oia
3567 588 3670 643 forte

2179 672 2443 727 omissum
2469 684 2626 729 recte
2651 671 2997 729 addiderunt
3033 674 3142 729 viri
3177 673 3355 734 docti.
3389 677 3554 749 Quum
3587 678 3670 733 ΟΕ-

2176 761 2369 816 nomai
2401 778 2612 817 nomen
2634 758 2754 833 joci
2787 761 3184 818 tantummodo
3209 780 3374 819 causa
3403 774 3670 837 usurpatum

2175 847 2245 900 sit
2271 846 2344 902 ab
2385 865 2488 917 eo,
2525 848 2624 922 qui
2659 847 2779 905 haec
2817 848 2994 917 dixit,
3031 859 3322 905 strenuum
3357 850 3570 925 aliquem
3591 868 3670 923 po·

2177 944 2417 991 tatorem
2451 937 2762 1006 allocutus,
2785 954 2906 991 non
2931 947 3085 993 recte
3105 938 3280 995 Mein.
3303 939 3596 1013 cogitarent
3583 936 3670 991 de-

2179 1033 2273 1078 tur
2295 1022 2367 1079 de
2393 1025 2692 1081 OEnomao
2722 1021 3150 1099 mythologico,
3175 1042 3460 1099 quumque
3489 1022 3672 1095 Suidas,

2175 1110 2486 1169 insolenter
2509 1112 2768 1187 neglecto
2815 1110 3018 1167 ordine
3043 1111 3396 1185 alphabetico
3409 1153 3426 1183 ,
3456 1114 3580 1167 inter
3603 1112 3670 1165 lii·

2177 1200 2436 1257 eucharis
2462 1218 2639 1277 opera
2660 1200 2927 1276 proximo
2947 1210 3080 1275 post
3098 1203 3446 1275 Amymonen
3470 1202 3576 1256 loco
3599 1218 3670 1253 no·

2173 1288 2352 1344 minet
2389 1285 2610 1347 Πέλοπα
2624 1327 2642 1358 ,
2681 1304 2752 1343 ex
2779 1304 2852 1344 eo
2889 1286 3172 1361 conjicere
3186 1328 3204 1359 ,
3246 1289 3469 1363 plenum
3503 1288 3668 1343 titulum

2175 1374 2378 1433 fabulae
2409 1374 2575 1433 fuisse
2601 1370 2886 1451 Ἀμυμώνη
2922 1370 3016 1431 καὶ
3053 1373 3263 1455 Πέλοψ.
3295 1378 3467 1432 Immo
3495 1374 3670 1450 spectati

2176 1463 2381 1521 fuerint
2416 1456 2638 1521 ludicre
2667 1464 2727 1518 in
2762 1463 2874 1519 hoc
2915 1462 3169 1520 dramate
3195 1466 3377 1540 Satyri
3410 1475 3463 1521 et
3485 1461 3670 1537 Neptuni

2145 1591 2152 1597 -
2175 1570 2428 1628 amores,
2455 1570 2600 1627 quos
2632 1563 2828 1609 narrat
2851 1552 3242 1628 Apollodorus
3269 1570 3324 1623 a,
3350 1572 3402 1609 1.

2693 1732 2771 1793 11.
2815 1732 3229 1795 ΓΑΛΑΤΕῙΑ.

2257 1908 2533 1961 Amorum
2573 1904 2839 1981 Cyclopis
2865 1916 2923 1962 et
2949 1906 3196 1963 Galateae
3231 1907 3574 1982 spectaculum
3595 1922 3665 1957 co-

2175 1994 2388 2051 micum
2403 2037 2420 2065 ,
2445 2012 2590 2069 quos
2617 2012 2872 2065 amores,
2895 2007 3098 2071 postea
3131 1996 3442 2053 celebratos
3473 2014 3504 2050 a
3529 1992 3668 2048 ’Πιθο-

2175 2085 2348 2157 crito,
2394 2082 2740 2139 Callimacho
2788 2081 3030 2162 (Athen.
3091 2084 3150 2153 8,
3221 2103 3280 2161 p.
3336 2084 3498 2158 284),
3537 2083 3665 2135 Bione

2176 2168 2429 2251 (Mosch.
2470 2170 2534 2241 3,
2576 2169 2689 2248 58)
2715 2208 2734 2242 ,
2771 2172 3232 2229 Hermesianacte
3277 2170 3580 2247 (Herodian.
3613 2170 3666 2221 De

2175 2260 2309 2317 dict.
2332 2261 2482 2317 solit.
2506 2278 2564 2336 p.
2599 2262 2688 2331 16,
2718 2266 2784 2327 14
2807 2258 2849 2337 ),
2873 2262 3092 2335 primus
3113 2261 3374 2317 omnium
3394 2258 3579 2315 finxisse
3593 2256 3665 2309 fer·

2175 2360 2269 2404 tur
2286 2346 2631 2404 Philoxenus
2649 2348 2969 2423 Cytherius,
2982 2359 3120 2405 teste
3139 2349 3368 2406 Dux-ide
3377 2346 3544 2403 Samio
3557 2340 3666 2418 apud

2173 2437 2461 2493 Theocriti
2505 2436 2684 2495 schol.
2735 2436 2898 2510 idyll.
2930 2437 2990 2507 6,
3026 2457 3078 2509 7.
3111 2438 3408 2494 Philoxeni
3433 2452 3616 2492 carmen
3637 2430 3666 2482 si

2174 2523 2350 2581 modo
2393 2542 2496 2580 suo
2530 2525 2822 2580 aemulatus
2865 2536 2949 2581 est
2987 2526 3140 2597 Nic„
3183 2524 3344 2600 quod
3381 2542 3498 2579 sane
3527 2530 3664 2594 pute,

2174 2632 2352 2687 quum
2393 2612 2557 2669 brevi
2596 2625 2726 2669 ante
2767 2609 2998 2669 Plutum
3038 2614 3351 2670 secundam
3389 2614 3445 2667 in
3477 2609 3666 2665 notitiam

2172 2701 2472 2758 hominum
2521 2702 2773 2770 venerit,
2829 2719 2900 2757 ex
2950 2720 3021 2758 eo
3073 2702 3326 2759 Meinek.
3371 2696 3668 2776 probabiliter

2175 2789 2445 2863 conjicit,
2477 2790 2766 2847 Galateam
2805 2808 2922 2845 non
2962 2790 3212 2846 multum
3249 2800 3377 2846 ante
3413 2788 3588 2861 olymp·
3617 2777 3667 2833 88

2174 2876 2470 2954 (427-424
2535 2889 2662 2936 ante
2701 2878 2831 2936 Chr.
2876 2874 3028 2955 nat.)
3071 2880 3424 2936 commissam
3453 2892 3564 2932 esse.

2253 3141 2461 3200 Pollux
2487 3162 2582 3218 10,
2601 3129 2676 3218 {33
2699 3160 2715 3202 :
2741 3141 2904 3208 εἴποις
2925 3141 2971 3201 δ’
2986 3141 3048 3201 ἂν
3069 3143 3165 3202 καὶ
3189 3142 3286 3214 τὴν
3311 3133 3666 3218 ἡδυσματῦθῆῑῑῑν
3706 3143 3707 3154 ³

2174 3227 2510 3302 κυμινοδόκον
2525 3272 2542 3302 ,
2567 3229 2894 3311 Νικοχάρους
2912 3231 3148 3298 εἰπόντος
3169 3234 3224 3292 ἐν
3251 3229 3494 3307 Γαλατείᾳ

2273 3367 2515 3451 Σοφαῒσι
2557 3360 2870 3453 παλάμαις
2899 3363 3202 3429 τεκτόνων
3233 3359 3598 3456 εἰργασμένον,
3702 3383 3703 3399 ἢ

2274 3468 2377 3532 καὶ
2405 3467 2586 3534 πόλλ’
2625 3469 2684 3534 ἐν
2705 3473 2867 3552 αὐτῷ
2893 3471 3072 3534 λέπτ’
3109 3471 3258 3563 ἔχον
3289 3462 3566 3543 καδίσκια,

2270 3567 2684 3665 κυμινοδόκον.

2173 3717 2520 3782 inconcinna
2548 3717 2826 3774 librorum
2855 3715 3037 3797 σοφαῖς
3065 3729 3127 3775 et
3156 3717 3387 3782 τέκτονος
3411 3704 3662 3773 emendam
3696 3743 3697 3748 ,

2177 3805 2456 3882 Meinek.‚
2483 3806 2585 3880 qui
2607 3806 2872 3881 Cyclopis
2899 3807 3078 3864 verba
3104 3817 3420 3883 esseputat.

2938 3954 2994 3990 2.

2251 4062 2444 4120 Schol.
2486 4063 2778 4136 Aristoph.
2821 4062 2971 4118 Pluti
3016 4081 3160 4138 179,
3185 4061 3258 4120 de
3296 4053 3564 4117 Philonide
3585 4047 3691 4101 lit·-¹

506 4181 613 4226 τος.
645 4156 946 4237 Νικοχάρης
973 4161 1095 4236 γοῦν
1122 4159 1177 4215 ἐν
1209 4156 1519 4237 Ἀμυμώνῃ,
1548 4157 1677 4237 πρὸς
1702 4157 1932 4235 τοῦνομα
1951 4158 2078 4218 παῖ·
2173 4151 2356 4207 litem!
2391 4169 2406 4206 ἓ
2443 4149 2776 4227 κωμῳδεῖται
2803 4147 2858 4207 δὲ
2891 4151 2962 4214 ὥς
2983 4147 3235 4227 εὔπορος,
3263 4147 3404 4208 καὶ*
3377 4169 3440 4210 ως
3467 4157 3597 4218 Μ’(
3616 4147 3689 4204 “3¹

508 4251 626 4322 ζων,
655 4246 753 4325 ἔφη

598 4364 902 4455 Οἰνόμαος
942 4361 1143 4448 οὗτος,
1177 4369 1345 4456 χαῖρε
1366 4413 1385 4449 ,
1425 4365 1600 4430 πέντε
1636 4363 1738 4429 καὶ
1780 4355 1924 4445 δύο,

602 4470 773 4563 κάγώ
810 4493 875 4535 τε
896 4469 997 4534 καὶ
1030 4470 1100 4536 σὺ
1129 4469 1434 4562 συμπόται
1466 4467 1811 4561 γενοίμεθαῑ

1016 4601 1461 4610 -ι------.--

582 4667 729 4741 quod
754 4667 883 4724 boni
901 4669 1117 4740 juvenis
1144 4667 1361 4728 fortuna
1390 4676 1647 4742 expertus
1674 4677 1755 4726 est
1774 4710 1791 4735 .

576 4765 823 4828 tempore
851 4755 1037 4828 perdet
1055 4797 1070 4824 ‚
1103 4772 1215 4814 neu
1242 4757 1365 4814 sine
1386 4755 1684 4813 molaribus

510 4852 545 4900 5
582 4845 747 4900 vitam
774 4841 972 4899 trahat.

508 5017 831 5090 virginitate
858 5015 1105 5089 privavit.
1270 4937 1317 4984 ¹·

1094 5104 1254 5159 Am(
1261 5103 1409 5178 MDN
1424 5105 1478 5158 F..

508 5193 793 5248 OEnomae
812 5195 875 5244 tu
896 5229 913 5256 ‚
936 5187 1083 5244 salve
1102 5229 1116 5254 ‚
1147 5188 1387 5261 quinque
1410 5194 1465 5243 et
1480 5187 1591 5244 duo
1608 5229 1621 5256 ,

505 5283 717 5342 egoque
744 5275 799 5326 et
816 5275 874 5324 tu
904 5268 1099 5324 fiamus
1118 5276 1457 5340 compotores
1477 5271 1489 5322 ι

2175 4237 2382 4313 σώματι
2405 4259 2498 4294 και
2517 4236 2732 4306 ἠλίθιος.
2775 4237 2905 4299 Νικ.
2933 4237 3066 4296 Γαλ.
3157 4311 3176 4326 ·

2270 4360 2346 4427 Τί
2373 4353 2554 4434 δῆτ’·
2539 4351 3094 4452 ,ἀπαιδευτότερος
3137 4356 3190 4426 εἷ
3221 4345 3528 4427 Φιλωνίδου

2271 4477 2376 4532 τοῦ
2413 4468 2756 4543 Μελιτέως.

3565 4575 3658 4596 ..ς’

1827 4603 1970 4610 -—-—.-
1983 4602 2251 4610 ..-————-—-

2779 4666 3143 4723 GALATEA.

2176 4843 2368 4898 Doctis
2394 4841 2648 4898 manibus
2680 4765 3049 4915 operationi-im
3074 4840 3338 4897 fabricata
3354 4879 3371 4904 .

2175 4927 2456 4999 multaque
2479 4927 2538 4983 in
2561 4943 2620 4984 se
2649 4941 2841 5000 parvos
2859 4927 3063 4985 liabens
3079 4927 3354 4992 cadiseos.

2175 5013 2384 5069 cumini
2421 5013 2592 5071 theca.

2174 5183 2321 5256 Quid
2345 5185 2548 5256 igitur?
2581 5185 2832 5243 rusticior
2853 5201 2910 5242 es
2927 5106 3104 5258 {luam
3129 5179 3438 5242 Philonides

2173 5269 2485 5326 Melitensis,
