3809 5850
1590 311 2008 375 DlODORUS.

147 477 191 516 '2
208 444 257 515 5
318 449 405 527 εἰς
434 448 542 525 τὰς
570 445 765 524 θυσίας
786 446 1011 523 ταύτας
1032 444 1395 538 παρασίτους
1419 458 1507 534 τῷ
1536 448 1647 535 θεῷ

316 560 389 622 οὐ
424 558 661 622 πώποτ’
703 555 1152 645 ἀπεκλήρωσεν,
1190 546 1329 621 οὐδὲ
1354 550 1693 648 παρέλαὲεν

320 660 407 739 εἰς
432 670 635 727 ταῦτα
667 652 813 737 τοὺς
843 659 1137 753 τυχόντας
1156 710 1176 743 ,
1216 656 1381 727 ἀλλὰ
1428 664 1745 756 κατέλεγεν

318 770 395 831 ἐκ
418 776 543 833 τῶν
572 771 841 833 πολιτῶν
870 756 1093 831 δώδεκ’
1115 757 1232 832 ἅνδ
1236 791 1366 857 ρας,
1397 769 1696 858 ἐπιμελῶς

318 864 687 962 ἐκλεξαμένη
719 871 857 949 τοὺς
886 873 953 937 ἐκ
986 863 1298 937 δυναστῶν
1332 872 1651 965 γεγονότας
1672 922 1691 955 ,

321 978 573 1067 ἔχοντας
598 977 830 1062 οὐσίας,
857 981 1063 1053 καλῶς
1090 968 1475 1061 βεὸιωκότας.

320 1076 455 1148 Εἶθ’
488 1084 761 1174 ὕστερον,
788 1080 891 1147 τὸν
918 1074 1198 1175 Ἡρακλέα
1226 1083 1581 1173 μιμούμενοι
1600 1132 1618 1167 ,

316 1197 443 1255 τῶν
472 1186 731 1281 εὐπόρων
756 1188 914 1265 τινὲς
936 1187 1305 1280 παρασίτους
1336 1188 1609 1280 ἑλόμενοι

316 1295 550 1385 τρέφειν
566 1293 968 1386 παρεκάλουν,
992 1292 1128 1383 οὐχὶ
1152 1294 1292 1371 τοὺς
1314 1297 1744 1386 χαριεστάτους

322 1400 709 1492 ἐκλεγόμενοι
726 1450 745 1485 ,
791 1402 931 1477 τοὺς
973 1393 1043 1465 δὲ
1090 1402 1435 1467 κολακεύειν
1483 1392 1744 1491 δυναμέ-

1604 1530 1739 1583 νους

318 1607 429 1676 καὶ
455 1606 636 1676 πάντ’
678 1612 969 1693 ἐπαινεῖν,
1011 1604 1099 1687 οἷς
1139 1604 1346 1685 ἐπειδὴ
1391 1612 1743 1704 προσερύγοι

316 1710 652 1807 ῥαφανῖδας
683 1712 721 1789 ἢ
751 1716 980 1808 σαπρὸν
1010 1714 1282 1808 σίλουρον
1302 1719 1704 1810 καταφαγὼν,

318 1820 393 1887 ἴα
420 1820 525 1888 καὶ
560 1813 685 1913 ῥόδ’
724 1822 951 1913 ἔφασαν
978 1822 1159 1889 αὐτὸν
1185 1824 1587 1915 ἠριστηκέναι·

318 1926 457 1995 ἐπεὶ
488 1920 548 1996 δ’
594 1922 944 2019 ἀποπάρδοι
980 1926 1139 2019 μετοί
1173 1954 1334 2006 τινος
1386 1928 1744 2021 κατακείμε-

152 972 263 1043 30

152 1554 303 1678 35¹

1649 2060 1743 2113 νος

316 2138 545 2205 τούτων
564 2187 583 2224 ,
634 2136 963 2231 προσάγων
1006 2142 1115 2212 τὴν
1161 2136 1269 2230 ῥῖν’
1322 2130 1499 2207 ἐδεῖτ’
1557 2145 1740 2207 αὐτοῦ

1495 2246 1737 2339 φράσαι,

316 2346 500 2415 πόθεν
532 2348 607 2415 τὸ
632 2348 901 2441 θυμίαμα
922 2361 1107 2417 τοῦτο
1136 2346 1465 2443 λαμςοὶνει.

318 2452 350 2481 *
398 2454 511 2523 Διὰ
537 2456 670 2534 τοὺς
698 2458 998 2536 τοιούτους
1032 2458 1167 2536 τοὺς
1210 2460 1479 2553 ἀσελγῶς
1514 2462 1744 2553 χρωμέ·

1614 2589 1743 2641 νους

315 2669 395 2733 τὸ
420 2666 623 2761 τίμιον
638 2670 741 2736 καὶ
766 2671 837 2737 τὸ
856 2670 1043 2737 καλὸν
1068 2669 1322 2761 αἰσχρόν
1356 2672 1489 2736 ἐστι
1516 2678 1635 2735 νῦν.

140 2829 349 2884 Versu
404 2822 439 2879 3
483 2825 679 2881 malim
724 2822 1017 2903 εὕρημα,
1067 2823 1174 2882 καὶ
1214 2825 1375 2882 θεῶν
1423 2820 1587 2901 (γε),
1636 2820 1732 2889 τὰς

148 2912 201 2972 δ’
237 2924 392 2988 etc„
415 2931 582 2970 versu
602 2923 792 2970 autem
835 2911 871 2968 8
896 2912 1260 2970 scribendum

254 3041 409 3132 οὐχὶ
444 3035 747 3135 διακρίνας
779 3042 1079 3134 πενιχρὸν,
1112 3039 1149 3115 ἢ
1176 3045 1289 3116 τὴν
1316 3038 1639 3126 πλουσίαν,

143 3215 297 3254 nam
327 3196 481 3252 male
508 3194 787 3253 collocata
807 3213 922 3252 vox
942 3193 1219 3273 πενιχράν.
1243 3197 1470 3253 Dictum
1500 3193 1741 3273 πενιχρὸν

144 3307 277 3364 pro
316 3287 627 3356 femininO,
653 3297 719 3341 ut
742 3282 899 3362 ἀργὸν
931 3304 1042 3360 pro
1073 3283 1238 3363 ἀργὴν
1278 3285 1460 3362 Soph.
1493 3285 1737 3342 Philoni.

144 3395 261 3450 97.
298 3372 392 3432 cf.
430 3373 628 3428 Matth.
655 3373 755 3431 Gr.
782 3373 820 3448 S
854 3389 984 3443 ιη,
1011 3390 1064 3429 ι.
1099 3374 1279 3429 Versu
1310 3392 1381 3430 10
1404 3371 1501 3440 τὴν
1521 3371 1743 3429 addidit

142 3461 421 3520 Casaub.
442 3459 624 3518 Versu
652 3481 676 3516 1
692 3480 716 3517 1
736 3462 911 3536 vulgo
940 3457 1273 3526 κατακλιθεὶς
1294 3456 1541 3534 κοσμίως,
1566 3478 1742 3533 quum

146 3554 321 3608 forte
349 3549 647 3618 exciderit,
671 3550 901 3626 opinor,
928 3568 987 3603 ευ
1017 3559 1149 3622 post
1175 3567 1288 3612 -εις
1326 3549 1523 3606 simile.
1558 3547 1743 3602 Minus

142 3637 552 3717 probabiliter
576 3636 763 3704 Robr.
787 3635 1023 3693 Advers.
1051 3653 1107 3706 2,
1130 3654 1194 3711 p.
1230 3635 1367 3707 310,
1396 3635 1742 3712 συγκατακλι-

144 3726 285 3791 θείς.
313 3727 387 3784 V.
429 3743 497 3780 η
521 3725 817 3800 legebatur
846 3719 1133 3800 ἐντραγὼν,
1165 3719 1392 3800 ἐμπιὼν,
1425 3723 1585 3797 quod
1609 3743 1740 3779 cor-

146 3817 319 3873 rexit
336 3813 595 3872 Grotius.
617 3816 689 3872 V.
722 3832 793 3889 19
824 3815 1071 3870 scribam
1104 3809 1498 3890 παρατεθέντων
1522 3813 1739 3884 ποιῶν,

148 3907 485 3978 aliquorum
525 3901 585 3960 h.
624 3919 680 3959 e.
712 3903 1219 3976 qualiumcunque.
1246 3905 1372 3958 Vox
1412 3919 1576 3971 rara,
1627 3921 1732 3958 nec

152 4073 229 4122 25
274 4071 335 4121 et
354 4064 413 4120 in
438 4062 524 4120 his
540 4062 813 4120 sacrificiis
831 4065 927 4137 qui
945 4063 1048 4121 deo
1070 4064 1461 4122 accumberent
1474 4105 1489 4131 ‚

272 4165 566 4223 nunquam
602 4150 790 4207 sortita
809 4159 919 4218 est,
950 4166 1131 4224 neque
1156 4150 1363 4222 accepit

270 4238 553 4312 quoslibet
574 4235 797 4316 adhoc,
824 4237 921 4296 sed
939 4239 1103 4312 elegit

272 4342 311 4382 e
338 4324 551 4382 civibus
573 4323 859 4404 duodecim
880 4325 1041 4396 vii-0³,
1063 4313 1273 4383 curiose

268 4413 517 4486 sumptis
540 4412 843 4485 potentium
872 4412 1000 4471 liliis
1016 4455 1033 4482 ‚

154 4511 229 4560 30
270 4517 399 4559 rem
424 4499 747 4558 habentibus
764 4505 885 4569 (et)
914 4501 1147 4560 honeste
1176 4501 1497 4558 viventibus.

272 4593 474 4647 Postea
491 4627 509 4655 ‚
535 4588 825 4644 Herculem
848 4587 1071 4656 imitati,

270 4673 683 4732 fortunatorum
706 4673 958 4731 nonnulli
984 4675 1249 4746 parasitos

270 4763 647 4832 advocabant,
678 4778 818 4835 quos
836 4763 1045 4820 alerent
1062 4805 1079 4830 ‚
1107 4779 1223 4820 non
1245 4760 1653 4819 formosissimis

272 4851 363 4908 ele
382 4850 498 4914 wis,
523 4849 631 4919 sed
651 4850 961 4924 aptissimis.
974 4850 1249 4908 adulando

156 4949 227 4997 35
268 4940 573 5017 omniaque
594 4929 907 5006 laudand03
934 4954 1119 4995 coram
1142 4939 1344 5013 quibus
1378 4937 1425 4994 si
1451 4937 1577 5008 quis
1611 4951 1739 4994 eru·

470 5043 487 5054 ·
1476 5029 1497 5094 [
1510 5026 1735 5083 ctaverit

266 5114 549 5188 raphanos
566 5113 649 5170 vel
668 5114 901 5172 silurum
916 5155 934 5183 ‚
958 5128 1126 5187 quem
1148 5111 1387 5172 comedit
1406 5155 1421 5181 ‚
1461 5113 1737 5185 putidum,

384 5220 676 5257 naumann
706 5219 983 5260 commun!
1013 5220 1113 5258 GR..

3289 334 3402 382 593

1840 453 2028 503 tamen
2071 448 2388 505 desiderata
2439 449 2494 503 in
2535 450 2746 506 lexicis.
2811 452 2880 508 V.
2926 469 2993 506 αι
3032 452 3216 507 scribo
3265 451 3409 511 ἔνδο-

1840 534 1922 603 ξον
1956 533 2060 593 ἀεί
2091 534 2225 613 (τε)
2253 536 2342 593 καὶ
2372 535 2558 609 καλὸν,
2607 559 2679 595 ne
2707 536 2788 595 ἀεὶ
2829 539 3197 614 producatur.
3233 546 3294 599 V.
3333 552 3406 610 24

1836 626 1972 681 libri
1996 622 2209 700 δήμοισι
2237 624 2530 703 (Casaub.‚
2557 638 2867 701 utcumque
2886 626 3079 684 efficto
3108 649 3298 700 versu,
3317 631 3407 701 δή·

1842 708 1992 786 μοις)
2036 710 2218 777 θυσίας
2277 711 2578 789 ποιουμένη.
2626 716 2914 773 Glossema
2968 719 3400 775 immodulatum

1840 794 2023 863 θυσίας
2053 808 2136 855 est
2162 801 2321 857 vocis
2346 798 2477 877 θύη,
2510 820 2635 876 quae
2663 814 2848 859 metro
2883 806 3168 879 congruit.
3207 810 3406 862 Versus

1839 886 1916 943 28
1938 896 1996 944 et
2022 904 2182 962 seqq.
2217 899 2436 963 spectat
2465 888 2766 946 Athenaeus
2791 890 2873 949 ib.
2906 909 2964 963 p.
2991 888 3128 960 235,
3160 894 3209 947 D
3240 912 3252 945 :
3289 890 3404 951 Φι-

1838 972 2054 1054 λόχορος
2082 971 2422 1051 μνημονεύων
2453 979 2554 1035 τῶν
2589 973 3022 1055 καταλεγομένων
3052 980 3127 1055 τῷ
3149 972 3410 1056 Ἡρακλεῖ

1836 1060 2174 1139 παρασίτων,
2215 1060 2308 1120 καὶ
2346 1062 2492 1124 Διόδ.
2543 1068 2572 1123 ὃ
2615 1064 2884 1133 Σινωπεὺς
2929 1063 3304 1143 κωμῳδοποιὸς
3351 1068 3404 1125 ἐν

1836 1147 2055 1207 Ἐπικλ.
2099 1154 2168 1211 V.
2209 1150 2284 1208 30
2327 1149 2505 1217 οὐσίας
2531 1154 2769 1211 Casaub.
2809 1165 2866 1209 et
2899 1172 3108 1229 margo
3158 1155 3286 1211 cod.
3333 1156 3402 1227 Q.

1836 1240 2018 1297 Ceteri
2071 1236 2269 1301 θυσίας.
2324 1241 2415 1297 Ob
2465 1260 2693 1297 versum
2734 1242 2980 1298 scribam
3031 1240 3206 1307 οὐσίας
3253 1240 3400 1321 (τε).

1836 1330 1903 1382 V.
1943 1327 2014 1385 32
2049 1328 2194 1384 male
2230 1328 2361 1384 libri
2389 1350 2550 1393 τινας.
2591 1332 2794 1387 Versus
2838 1329 2912 1386 36
2945 1331 3227 1387 innumeri
3278 1342 3407 1387 sunt

1838 1418 2078 1473 numeri.
2116 1418 2276 1473 Libri
2311 1415 2597 1496 ῥαφανῖδας
2647 1414 2770 1489 καὶ,
2805 1430 3012 1493 praeter
3038 1422 3133 1477 VL
3164 1422 3263 1494 qui
3307 1422 3405 1497 ῥα-

1837 1502 2053 1584 φανῖδα.
2096 1504 2386 1562 Dindorfii
2414 1516 2497 1561 est
2535 1502 2595 1575 ἥ.
2631 1507 2750 1581 Ego
2781 1504 3024 1562 emendo

1937 1622 2260 1718 ῥαφανῖδας
2290 1624 2326 1700 ἢ
2359 1625 2624 1721 σίλουρον
2655 1626 2985 1721 ἀποφαγὼν
3018 1629 3273 1721 σαπρόν.
3367 1702 3378 1711 ‚

1837 1753 2030 1809 Litera
2062 1775 2088 1807 ν
2111 1752 2304 1809 similis
2330 1754 2392 1808 in
2417 1752 2711 1809 codicibus
2737 1773 2771 1808 κ
2797 1753 2993 1824 litem,
3019 1754 3404 1813 adhaerescens

1834 1842 1911 1919 τῷ
1941 1840 2098 1912 oium,
2129 1842 2274 1899 {orte
2302 1841 2443 1897 abiit
2469 1842 2531 1898 in
2557 1860 2746 1898 κατα-.
2781 1840 2944 1897 Certe
2975 1844 3195 1897 nomini
3227 1840 3406 1901 σίλου-

1838 1949 1925 2007 ρον
1957 1938 2112 1985 recte
2151 1929 2432 1985 collocato
2473 1948 2594 1985 non
2618 1925 2940 2006 καταφαγὼν
2966 1932 3259 2001 convenit,
3303 1931 3402 1988 sed

1836 2014 2140 2097 ἀποφαγών.
2173 2022 2240 2074 V.
2295 2017 2371 2074 38
2408 2018 2520 2075 imi
2567 2016 2616 2074 δ’
2653 2016 2988 2076 Dindorflus
3036 2038 3146 2094 pro
3189 2018 3402 2077 ἐπειδὰν

1836 2105 1903 2165 δ’.
1931 2110 1995 2166 V.
2024 2106 2100 2181 39
2127 2107 2259 2163 libri
2275 2104 2446 2184 τούτῳ
2461 2125 2591 2164 cum
2610 2106 2974 2181 sequentibus
3001 2106 3395 2182 conjunctum,

1836 2208 1895 2253 et
1911 2190 2004 2265 τὴν
2027 2194 2142 2274 ῥῖνα
2166 2194 2246 2252 δεῖ
2271 2197 2467 2273 ταυτῷ,
2505 2192 2666 2268 quod
2695 2194 2904 2267 partim
2943 2196 3190 2250 correxit
3217 2194 3398 2252 Dobr.

1835 2288 1896 2342 V.
1922 2291 1995 2351 4ο
2009 2281 2271 2359 λάμὸανιι
2287 2302 2396 2359 pro
2411 2279 2700 2357 λαμὸάνεις
2717 2284 2892 2340 Mein.
2917 2286 2986 2341 V.
3010 2290 3077 2349 41
3103 2293 3160 2339 et
3181 2294 3253 2341 42
3275 2303 3402 2358 quae

1833 2375 2097 2451 legimtur
2137 2373 2402 2429 mendosa
2439 2381 2570 2428 sunt
2611 2382 2670 2427 ct
2707 2382 2909 2427 contra
2947 2383 3126 2428 artem
3170 2376 3400 2448 scripta.

1834 2466 1992 2539 Lego

1933 2574 2042 2645 διὰ
2072 2579 2209 2656 τοὺς
2230 2576 2502 2670 ἀσελγῶς
2529 2582 2654 2653 τοῖς
2674 2580 2965 2671 τοιούτοις
2993 2577 3351 2669 χρωμένους,

1931 2685 2005 2751 τὸ
2026 2682 2225 2776 τίμιον
2256 2682 2448 2750 καὶτὸ
2477 2682 2664 2751 καλόν
2694 2686 2818 2749 ἐστ’
2855 2681 3103 2771 αἰσχρόν
3137 2709 3198 2748 τι
3225 2693 3347 2749 νῦν.

2212 2849 2314 2907 Ex
2356 2849 2676 2907 INCERTA
2725 2848 3040 2905 FABULA.

1917 2973 2076 3030 Stob.
2107 2973 2305 3030 Floril.
2339 2989 2440 3045 72,
2472 2990 2527 3045 ι,
2551 2989 2684 3027 cum
2718 2971 2981 3026 lemmate
3009 2967 3296 3044 Διοδώρου,

1932 3082 2074 3179 Εγὼ
2111 3086 2216 3176 μὲν
2238 3079 2336 3151 οὖν
2364 3083 2469 3149 τὸν
2489 3083 2670 3174 νόμον
2699 3085 2944 3174 ἐμαυτῷ
2969 3081 3205 3148 τουτονὶ

1935 3191 2206 3284 τίθεμαι,
2223 3180 2595 3280 δοκιμάζων,
2620 3193 2814 3281 ὥσπερ
2850 3185 3097 3280 εἴρηται,
3109 3193 3329 3254 ποιεῖν·

1932 3303 2204 3390 κρεῖττον
2226 3296 2340 3389 γάρ
2373 3299 2539 3362 ἐστιν
2567 3292 2628 3362 εὖ
2660 3295 3070 3386 τεθραμμένην
3096 3285 3302 3362 λαὸεῖν
3371 3373 3376 3378 ἲ

1933 3399 2166 3498 γυναῖκ’
2197 3399 2512 3492 ἄπροικον,
2546 3399 2584 3476 ἢ
2613 3410 2814 3477 κακῶς
2838 3399 2994 3492 μετὰ
3029 3399 3392 3492 χρημάτων,

1837 3507 1877 3580 5
1911 3515 2045 3585 ’τὴν
2078 3511 2358 3600 ἐσομένην
2387 3506 2492 3572 καὶ
2524 3516 2716 3574 ταῦτα
2749 3509 3004 3598 μέτοχον
3029 3515 3134 3573 τοῦ
3167 3504 3319 3590 βίου.

1833 3605 2059 3698 Versu-1
2092 3634 2294 3695 τουτονὶ
2312 3655 2510 3712 margo
2533 3635 2701 3694 Gesn.
2728 3653 2838 3710 pro
2865 3639 3064 3693 τοῦτον.
3091 3637 3160 3694 V.
3197 3641 3226 3700 Ι.
3251 3660 3272 3683 «ι
3300 3656 3394 3691 κα-

1834 3728 1956 3799 κῶς,
1981 3728 2106 3787 scil.
2135 3721 2519 3802 τεθραμμένην.
2564 3727 2799 3780 Temere
2833 3715 3000 3780 Grot.
3035 3735 3092 3778 et
3111 3722 3392 3781 Gaisford.

1834 3811 2021 3886 κακήν.
2055 3841 2078 3866 υ
2107 3815 2157 3870 Ε
2176 3817 2260 3870 M.

1944 4063 2110 4120 violas
2127 4071 2182 4119 et
2199 4077 2349 4120 rosas
2372 4078 2497 4138 eum
2511 4061 2804 4136 jentavisse
2823 4061 3112 4132 dicebant3

1940 4167 2111 4224 quum
2151 4158 2334 4208 autem
2371 4149 2702 4208 accumbens
2749 4166 2876 4207 cum
2923 4150 3158 4222 quodam
3199 4152 3396 4209 horum

2281 4231 2288 4238 “
2583 4237 2590 4242 ’
2916 4237 3037 4305 [vir
3062 4237 3396 4312 pepulisset,

1939 4340 2132 4382 nasum
2159 4322 2252 4381 ille
2269 4321 2563 4380 admovens
2591 4323 2792 4390 oravit,
2821 4331 2887 4380 ut
2910 4322 3148 4392 diceret,

1834 4420 1903 4471 40
1937 4412 2085 4471 unde
2103 4411 2160 4469 id
2178 4411 2557 4470 suffimentum
2582 4409 2824 4469 haberet.

1939 4503 2168 4573 Propter
2184 4515 2280 4556 eos
2297 4539 2314 4567 ‚
2340 4498 2431 4571 qui
2454 4497 2750 4554 immodice
2777 4496 2978 4554 talibus
2998 4505 3251 4569 utuntur,

1941 4589 2264 4645 honoratum
2286 4587 2393 4644 hoc
2420 4595 2474 4642 et
2495 4583 2738 4657 lepidum
2769 4602 2916 4642 nunc
2943 4594 3025 4642 est
3048 4595 3223 4658 turpe.

2205 4675 2310 4730 EX
2351 4673 2666 4730 INCERTA
2707 4673 3021 4730 FABULA.

1831 4767 2034 4835 Legem
2069 4763 2212 4819 hanc
2237 4759 2483 4826 condixi,
2510 4767 2672 4832 atque
2695 4759 2810 4832 ipse
2833 4759 3090 4814 constitui
3111 4759 3246 4816 mihi
3273 4777 3287 4814 :

1832 4854 1915 4906 lta
1945 4850 2108 4917 scivi,
2137 4849 2211 4906 ita
2236 4848 2414 4916 sanxi,
2448 4848 2518 4903 ita
2550 4847 2718 4905 animi
2740 4854 2846 4904 stat
2871 4848 3138 4904 sententia
3170 4865 3181 4900 :

1834 4937 1932 4996 Pol
1955 4937 2122 4994 satius
2143 4938 2360 5008 inopem
2391 4935 2594 4993 ducere
2617 4934 2872 4992 eductam
2905 4933 3106 5006 probe,

1832 5026 2007 5096 Quam
2029 5023 2170 5080 male
2199 5031 2462 5080 moratam
2489 5019 2621 5079 dote
2645 5021 2837 5086 fretam
2860 5019 3092 5092 dapsili,

1832 5111 1974 5168 vitm
2001 5119 2310 5168 consortem
2341 5105 2572 5165 assiduae
2595 5098 3025 5165 consuetudinis.
3093 5107 3166 5162 ll.
3200 5105 3396 5166 Gaor.

3135 5205 3188 5246 aa
