3809 5850
472 351 545 402 44
1477 345 1882 406 coMOEmAE
1931 347 2256 410 VETERlS
2297 351 2713 428 RELIQUIAE.

1229 473 1281 530 8.

548 587 741 644 Schol.
789 587 1183 662 Aristophanis
1210 589 1362 646 Nub.
1404 587 1521 661 687
1545 629 1561 658 ‚
1599 591 1882 665 γυναῖκα
1923 587 2042 658 τὴν

469 670 522 730 Ἀ
541 670 693 747 μυνί
707 692 780 730 αν
813 692 826 728 :
852 670 983 750 πρὸς
1012 671 1103 744 τὴν
1132 669 1420 742 κατάληξιν
1446 677 1536 730 τοῦ
1560 673 1812 748 ὀνόματος
1844 671 2044 745 ἔπαιξε,

468 759 559 817 καὶ
596 760 668 824 εἰς
703 757 955 830 διαὸολὴν
983 763 1073 818 τοῦ
1111 758 1294 839 ἀνδρός
1316 783 1329 796 ·
1360 761 1578 817 ἐνταῦθα
1610 758 1705 837 μὲν
1742 761 1813 826 εἰς
1846 761 2044 819 δειλίαν

469 844 627 922 μόνον
654 845 745 904 καὶ
776 843 1067 924 μαλακίαν,
1100 848 1204 927 Κρ.
1232 845 1289 904 δὲ
1331 847 1385 904 ἐν
1408 847 1536 926 Σερ.
1566 849 1637 913 ὣς
1658 846 1922 923 ἀλαζόνα,
1952 847 2044 905 καὶ

466 932 671 992 κόλακα
688 977 705 1005 ,
740 935 831 992 καὶ
860 934 1205 1015 συκοφάντην.
1230 937 1503 994 Similiter
1539 937 1722 995 schol.
1758 937 1833 992 ad
1868 941 2040 1012 Vesp.

474 1032 572 1094 74,
601 1035 877 1099 praeterea
897 1025 1009 1080 hoc
1038 1036 1320 1080 annotans
1347 1044 1361 1079 :
1390 1013 1495 1081 ὧδε
1536 1021 1631 1098 μὲν
1666 1025 1737 1088 ὡς
1768 1021 2047 1102 φιλόκυδος

468 1113 497 1166 ὁ
536 1109 782 1186 Ἀμυνίας
816 1110 1175 1189 κωμῳδεῖται,
1198 1123 1311 1170 etc.
1346 1136 1369 1162 α
1409 1114 1588 1168 Poeta
1632 1113 1883 1168 incertus
1928 1111 2044 1170 He·

467 1201 666 1274 phaest.
695 1218 759 1275 p.
790 1199 885 1270 36,
914 1219 945 1270 7
978 1199 1273 1264 Gaisford.
1305 1220 1319 1254 ε

549 1311 679 1370 Οὐδ’
711 1308 957 1386 Ἀμυνίαν
983 1313 1165 1390 δρᾶτε,
1189 1307 1399 1388 πτωχὸν
1424 1307 1529 1368 ὄντ’
1559 1311 1640 1390 ἐφ’
1670 1313 1825 1388 ἡμῖν;

470 1424 727 1481 Eundem
764 1427 827 1480 iu
867 1423 1154 1502 θηλυδριῶν
1184 1441 1423 1481 recensu
1466 1427 1730 1482 nominat
1770 1425 2046 1482 Libanius

469 1515 581 1568 Pro
620 1514 744 1571 salt.
781 1531 872 1587 19,
902 1530 965 1586 p.
1000 1511 1137 1571 500.
1170 1537 1195 1564 u
1230 1515 1319 1570 M.

546 1737 962 1794 Grammaticus
977 1736 1223 1796 Bekker.
1246 1737 1465 1796 Anecd.
1493 1757 1556 1813 p.
1578 1745 1718 1808 444,
1752 1737 1823 1795 16
1850 1759 1863 1794 :
1890 1735 1945 1798 Ἀ
1963 1760 2048 1818 ρι-

467 1821 933 1902 στεροστάτης
978 1823 1031 1879 ἐν
1076 1825 1152 1901 τῷ
1198 1825 1405 1902 κομικῷ
1432 1825 1604 1902 χορῷ,
1635 1823 1689 1880 ἐν
1722 1823 1775 1882 δὲ
1811 1826 1887 1902 τῷ
1912 1847 2046 1903 τρα-

468 1913 601 1990 γικῷ
636 1910 835 1987 με’σος
880 1913 1261 1990 ἀριστεροῦ.
1308 1914 1411 1991 Κρ.
1453 1913 1576 1990 Σερ.
1622 1912 1861 1970 Photius
1900 1919 2043 1975 Lex.

466 2019 530 2074 p.
578 2000 721 2069 604,
776 2018 870 2074 19,
915 1996 1107 2077 Τρίτος
1160 2000 1433 2078 ἀριστεροῦ
1486 2021 1500 2056 :
1546 2000 1599 2057 ἐν
1628 2000 1733 2068 τοῖς
1784 2001 2048 2080 τραγικοῖς

470 2086 643 2165 χοροῖς
672 2089 829 2164 τριῶν
861 2083 1022 2144 ὄντων
1064 2085 1290 2165 στοίχων
1318 2087 1408 2145 καὶ
1436 2089 1623 2163 ζυγῶν,
1648 2091 1677 2144 ὁ
1714 2085 1808 2163 μὲν
1839 2091 2049 2168 ἀριστε-

470 2172 555 2250 ρὸς
583 2181 788 2252 στοῖχος
814 2176 843 2232 ὁ
868 2172 995 2253 πρὸς
1024 2174 1100 2253 τῷ
1127 2172 1328 2255 θεάτρῳ
1354 2165 1438 2247 ἦν,
1468 2177 1496 2232 ὃ
1531 2173 1585 2232 δὲ
1629 2173 1789 2242 δεξιὸς
1815 2175 1944 2255 πρὸς
1977 2179 2048 2257 τῷ

468 2261 836 2342 παρασκηνίῳ.
867 2260 1058 2332 συνέὅη
1083 2251 1170 2320 οὖν
1194 2261 1281 2321 τὸν
1312 2261 1471 2338 μέσον
1498 2267 1587 2321 τοῦ
1614 2265 1886 2342 ἀριστεροῦ
1913 2264 2050 2322 στοί-

386 2369 391 2374 ·
466 2371 565 2428 χου
586 2348 681 2421 τὴν
708 2349 1047 2427 ἐντιμοτάτην
1077 2348 1169 2407 καὶ
1202 2348 1295 2420 τὴν
1324 2341 1431 2409 οἷον
1459 2351 1833 2430 πρωτοστάτου
1866 2351 2048 2432 χώραν

472 2436 680 2516 ἐπέχειν
704 2438 795 2496 καὶ
822 2437 1029 2499 στάσιν.

1216 2572 1311 2612 10.

548 2665 739 2736 Etym.
786 2665 866 2719 M.
909 2680 971 2735 p.
1016 2660 1152 2734 751,
1190 2661 1247 2730 5,
1278 2660 1616 2722 Τελενικίσαι
1654 2681 1670 2723 2
1706 2665 1761 2722 ἐν
1807 2661 2048 2743 Σερίφοις

474 2749 616 2825 (sic)
648 2747 707 2805 τὸ
735 2750 995 2823 κενῶσαι,
1035 2746 1141 2805 ἀπὸ
1184 2745 1469 2807 Τελενίκου
1504 2748 1668 2820 τινὸς,
1699 2751 1770 2816 ὥς
1796 2749 1856 2808 τὸ
1883 2748 2046 2822 εἰκὸς,

340 2829 371 2888 ’.
470 2835 691 2906 πένητος
734 2837 1022 2902 παντελῶς.
1085 2833 1175 2892 καὶ
1239 2833 1453 2910 λέγεταί
1504 2859 1581 2902 τις
1628 2835 2046 2905 Τελενίκειος

468 2921 631 3003 ἠχὼ,
658 2924 716 2981 ἐκ
746 2930 1041 3003 μεταφορᾶς
1069 2921 1175 2981 ἀπὸ
1200 2924 1303 2982 τῶν
1320 2925 1485 2983 κενῶν
1515 2923 1763 3003 ἀγγείων.
1787 2928 1881 2984 sic
1909 2930 2046 2984 item

470 3014 703 3070 Photius
736 3032 795 3087 p.
842 3011 952 3085 574
972 3054 989 3081 ,
1025 3012 1085 3087 6,
1116 3024 1175 3069 et
1208 3014 1311 3085 qui
1349 3014 1505 3069 hunc
1546 3017 1879 3089 exscripsit,
1912 3017 2042 3071 Sui-

472 3102 593 3158 das.
648 3104 881 3158 Rectius
914 3112 1101 3157 tamen
1130 3104 1305 3161 Mein.
1350 3099 1677 3169 τελενικίζειν
1705 3104 2046 3179 generaliter

470 3188 792 3264 significare
830 3188 973 3243 dicit
1024 3189 1297 3244 Telenico
1331 3189 1567 3245 similem
1608 3208 1755 3260 esse,
1796 3192 1898 3264 qui
1939 3190 2048 3247 fuit

470 3278 883 3332 cantilenarum
922 3277 1167 3350 scriptor
1212 3275 1390 3331 futilis
1431 3289 1489 3332 et
1527 3296 1769 3353 pauper.
1804 3280 2046 3335 Phanias

472 3366 697 3421 Eresius
722 3364 927 3422 Athen.
966 3372 1035 3431 14
1055 3408 1072 3436 ,
1097 3382 1161 3439 Ρ.
1197 3363 1337 3436 638,
1369 3366 1412 3421 C
1435 3383 1451 3424 τ
1479 3362 1753 3431 Τελένικος
1781 3367 1809 3422 ὃ
1838 3365 2042 3433 Βυζάν-

470 3476 604 3525 τιος,
635 3450 712 3510 ἔτι
738 3452 793 3510 δὲ
822 3451 1039 3529 Ἀργᾶς,
1088 3450 1302 3523 ποιηταὶ
1347 3454 1628 3530 μοχθηρῶν
1670 3450 1810 3519 ὄντες
1838 3452 2042 3529 νόμων,

466 3538 595 3619 πρὸς
627 3540 721 3615 μὲν
750 3538 837 3597 τὸν
872 3538 1001 3597 ἴδιον
1036 3542 1353 3618 χαρακτῆρα
1383 3543 1477 3609 τῆς
1504 3538 1763 3610 ποιήσεως
1792 3540 2042 3619 εὐπόρουν

467 3628 603 3706 (pro
624 3630 852 3703 ingenio
878 3630 1117 3703 proprio
1147 3630 1461 3688 carminum
1484 3648 1756 3704 prospere
1782 3648 1839 3685 se
1864 3630 2040 3685 hahe-

464 3716 633 3785 bant,
679 3719 719 3771 i.
772 3735 826 3774 e.
870 3716 1179 3791 μοχθηρῶς,
1228 3716 1468 3783 misere,
1510 3714 1809 3792 ἠπόρουν),
1850 3717 1956 3772 τῶν
1986 3713 2042 3772 δὲ

468 3800 809 3880 Τερπάνδρου
824 3799 911 3857 καὶ
928 3798 1187 3877 Φρύνιδος
1202 3798 1377 3874 νόμων
1404 3798 1521 3857 οὖδὲ
1545 3800 1681 3858 κατὰ
1707 3798 1891 3879 μικρὸν
1917 3800 2044 3871 ἠδύ-

2139 483 2218 541 Μ.
2253 503 2313 558 p.
2341 494 2480 556 214,
2509 487 2607 558 38,
2635 487 2918 566 Βρίκελλος
2944 490 3079 568 (sic)
3115 513 3126 548 :
3155 491 3268 550 ἔστι
3297 494 3610 576 βαρὸαρικὸν
3641 503 3687 561 τὸ

2139 566 2305 644 ὄνομα
2331 589 2346 605 ·
2389 571 2589 632 τίθεται
2639 573 2694 633 δὲ
2752 575 2844 634 καὶ
2891 576 2980 635 ἐπὶ
3029 579 3324 663 προςώπων
3376 585 3687 666 βαρὸαρικῶν

2139 657 2425 735 (suspicor
2463 666 2796 737 ponendum
2821 685 3013 726 esse...
3046 667 3343 747 προσώπων
3375 662 3484 732 οἷον
3533 680 3686 755 βρικι-

2137 747 2266 822 κῶν,
2295 750 2409 805 vel.
2435 771 2529 828 πρ.
2553 739 2660 809 οἷον
2694 754 2918 830 Βρικῶν.
2947 755 3119 814 Mein.
3154 760 3448 836 τραγυᾰῖιν)
3471 785 3485 798 ·
3517 763 3688 822 minsi-

2139 853 2294 910 ρηται
2322 835 2476 912 οἱονεὶ
2501 841 2672 917 βροτῷ
2689 837 2886 906 εἴκελος
2915 841 3028 916 (sic
3057 845 3152 902 ille
3181 866 3418 922 quoque
3437 891 3453 919 ,
3479 853 3576 908 sed
3598 873 3684 928 pa·

2139 943 2266 980 rum
2293 928 2674 1000 probabiliter
2701 949 2714 985 :
2745 927 2842 1006 Βρὶ
2871 942 2929 987 et
2951 929 3145 1010 Βρίκας
3173 937 3291 991 sive
3318 936 3514 1014 Βρίγας
3541 959 3686 1015 agno-

2135 1031 2256 1068 scas
2277 1015 2336 1068 iu
2351 1015 2464 1071 hoc
2485 1019 2740 1086 nomine,
2761 1019 2905 1074 nihil
2925 1022 3189 1095 amplius,
3213 1042 3402 1098 neque
3421 1027 3530 1082 hoc
3549 1029 3687 1084 latuit

2139 1097 2258 1165 τοὺς
2287 1099 2502 1177 ἄλλους,
2541 1123 2576 1160 a
2613 1107 2819 1179 quibus
2858 1107 3117 1181 prosecta
3143 1123 3301 1180 sunt,
3331 1131 3459 1186 quae
3479 1114 3590 1186 jam
3613 1136 3686 1172 se-

2139 1189 2444 1266 quuntur.)
2475 1188 2510 1260 ἢ
2537 1189 2710 1270 Βριξὶν
2727 1191 2940 1260 εἴκελος.
2963 1192 3142 1254 Ἄλλοι
3163 1195 3216 1255 δὲ
3237 1197 3544 1276 βρικέλλους
3567 1202 3685 1280 (sic)

2139 1273 2255 1342 τοὺς
2278 1277 2550 1344 κελέοντας
2573 1281 2838 1358 (pessime
2857 1284 2992 1339 libri
3019 1280 3322 1354 κελεύοντας
3346 1305 3363 1346 z
3387 1308 3442 1346 V.
3467 1291 3686 1346 Schnei-

2139 1363 2263 1422 der.
2293 1369 2433 1424 Lex.
2472 1389 2530 1426 v.
2561 1366 2874 1444 Κελὲοντες)
2900 1369 3048 1450 παρὰ
3075 1369 3135 1429 τὸ
3168 1371 3256 1451 βρὶ
3277 1373 3370 1431 καὶ
3408 1373 3470 1433 τὸ
3490 1376 3686 1452 κέλομαι

2142 1448 2470 1530 (κελέομαι).
2499 1453 2533 1524 ἢ
2562 1453 2679 1521 τοὺς
2705 1453 3008 1523 ῑστόποδας.
3033 1461 3200 1520 Iliad.
3229 1462 3330 1534 13,
3352 1462 3488 1521 521.
3515 1467 3682 1522 Schol.

2141 1537 2404 1616 Βριήπυος
2428 1562 2441 1598 :
2465 1540 2602 1618 μέγα
2623 1541 2714 1601 καὶ
2745 1542 2877 1623 βαρὺ
2908 1547 3066 1622 βοῶν.
3095 1550 3316 1608 Herod.
3351 1571 3408 1622 7,
3439 1553 3508 1623 73
3541 1556 3618 1610 :oi
3643 1555 3686 1614 δὲ

2141 1625 2350 1704 Φρύγες
2371 1671 2389 1702 ,
2439 1631 2509 1696 ὡς
2543 1631 2842 1698 Μακεδόνες
2866 1631 3080 1710 λέγουσι
3103 1679 3120 1712 ‚
3165 1636 3443 1696 ἐκαλέοντο
3487 1639 3679 1718 Βρίγες,

2138 1713 2326 1792 χρόνον
2353 1713 2499 1788 ὅσον,
2533 1719 2836 1801 Εὐρωπήῖοι
2865 1718 3030 1786 ἐόντες
3043 1764 3062 1795 ,
3093 1720 3320 1782 σύνοικοι
3353 1715 3490 1796 ἦσαν
3526 1729 3576 1786 Μ
3583 1751 3684 1786 axe-

2141 1799 2283 1858 δόσι·
2303 1803 2626 1879 μεταὸἄντες
2645 1806 2696 1865 δὲ
2727 1810 2779 1875 ἐς
2803 1807 2898 1878 τὴν
2922 1807 3100 1882 Ἀσίην
3123 1809 3234 1888 ἅμα
3263 1815 3330 1891 τῇ
3358 1813 3509 1893 χώρῃ
3533 1814 3616 1872 καὶ
3637 1816 3684 1873 τὸ

2141 1885 2338 1962 οὕνομα
2367 1891 2654 1967 μετέὸαλον
2685 1896 2737 1961 ἐς
2781 1894 3006 1975 Φρύγας
3029 1915 3044 1931 ·
3088 1919 3144 1954 ν.
3195 1901 3276 1955 ibi
3318 1914 3379 1958 et
3418 1903 3490 1958 ad
3526 1905 3581 1972 6,
3623 1905 3682 1968 45

2144 1977 2508 2037 doctissimus
2527 1985 2704 2040 Baehr.
2725 2005 2741 2055 ;
2765 1986 2902 2040 item
2922 1988 3204 2044 Meinekio
3231 1990 3498 2048 laudatus
3519 1994 3678 2052 Smrz.

2139 2067 2226 2121 De
2255 2067 2498 2125 dialecto
2515 2071 2740 2129 Maced.
2769 2091 2834 2146 p.
2865 2071 2962 2133 31.

2887 2213 2978 2253 12.

2221 2300 2421 2354 Pollux
2457 2321 2549 2372 10,
2595 2301 2700 2358 165
2749 2324 2762 2358 :
2804 2300 2901 2372 τὴν
2927 2301 2982 2360 δὲ
3012 2302 3361 2384 Ἀνδρομέδαν
3393 2309 3494 2386 Κρ.
3525 2309 3572 2365 ἐν
3599 2312 3684 2370 τοῖς

2143 2386 2268 2464 Σερ.
2303 2386 2712 2466 δελεάστραν
2740 2391 2913 2451 καλεῖ.
2947 2393 3017 2451 Η.
3047 2413 3102 2452 e.
3133 2414 3349 2472 escam,
3391 2417 3502 2472 qua
3527 2399 3681 2472 pisces

2141 2475 2467 2548 capiuntur.
2510 2502 2534 2526 κ
2577 2476 2816 2535 Perseus
2845 2482 3027 2550 enim,
3061 2501 3092 2536 a
3121 2483 3489 2560 Gor-genibus
3518 2504 3678 2540 rever-

2137 2580 2262 2631 ειιε,
2291 2582 2466 2637 quum
2499 2567 2558 2620 in
2585 2567 2930 2641 AEthiopiam
2960 2569 3299 2645 devenisset,
3329 2573 3682 2628 Andromedae

2138 2653 2362 2708 marino
2403 2665 2658 2710 monstro
2692 2658 2957 2730 expositae
3006 2676 3202 2715 amore
3239 2662 3490 2718 irretitus
3534 2673 3622 2718 est.
3659 2687 3678 2709 ·

2139 2739 2226 2798 M.
2257 2742 2410 2796 Lena
2438 2743 2696 2798 Plautina
2719 2745 2876 2802 Asin.
2912 2764 2964 2815 1,
2995 2744 3052 2815 3,
3081 2745 3154 2818 67
3185 2767 3197 2801 :

2299 2864 2455 2920 AEdis
2474 2867 2642 2921 nobis
2667 2883 2800 2922 area
2831 2879 2912 2924 est
2928 2909 2946 2939 ,
2973 2887 3180 2946 auceps
3203 2889 3328 2927 sum
3359 2891 3466 2948 ego
3481 2913 3497 2940 ‚

2219 2971 2348 3009 esca
2362 2965 2444 3009 est
2465 2958 2760 3031 meretrix,
2787 2958 2968 3013 lectus
2986 2959 3108 3014 illix
3123 2970 3224 3031 est,
3246 2973 3526 3017 amatores
3544 2980 3674 3018 aveo.

2576 3121 2584 3127 .
2880 3070 2975 3127 13.

2217 3180 2457 3252 suidas,
2492 3179 2794 3260 Ἀμοργοί
2848 3203 2864 3243 :
2905 3183 3105 3250 πόλεως
3148 3183 3374 3264 ὄλεθροι.
3423 3191 3522 3267 Κρ.
3572 3189 3677 3264 Σερ.

2138 3267 2356 3325 καλοῦσι
2386 3266 2441 3325 δὲ
2488 3268 2578 3326 καὶ
2626 3268 2849 3347 μοργοῦς
2867 3316 2884 3344 ,
2926 3270 2988 3329 τὸ
3023 3295 3058 3329 α
3096 3274 3454 3353 ἀφαιροῦντες.
3499 3280 3679 3333 Pausa·

2139 3358 2257 3413 nias
2291 3359 2447 3433 apud
2493 3362 2744 3416 Eustath.
2785 3361 3073 3438 adlliad.
3111 3384 3173 3438 p.
3211 3363 3361 3434 838,
3395 3364 3491 3441 50,
3515 3362 3678 3438 Ἀμολ-

2137 3442 2219 3519 γοί
2259 3466 2273 3502 t
2305 3446 2352 3503 oi
2382 3444 2696 3523 ἀμέλγοντες
2736 3446 2803 3505 τὰ
2831 3447 2979 3507 κοινὰ
3025 3448 3234 3529 ῥήτορες
3275 3450 3370 3509 καὶ
3395 3453 3678 3531 διαφοροῦν-

2137 3558 2218 3601 τες
2263 3534 2328 3592 τὰ
2372 3536 2623 3611 δημόσια.
2665 3562 2689 3588 α
2739 3541 3064 3614 Utrumque
3102 3542 3332 3614 dicitur,
3378 3540 3595 3619 ἀμολγὸς
3633 3551 3680 3596 et

2139 3621 2398 3700 ἀμοργὸς,
2426 3636 2490 3680 ut
2520 3624 2712 3700 μολγὸς
2753 3637 2812 3682 et
2840 3624 3061 3704 μοργὸς,
3100 3627 3318 3704 ἀμέλγω
3362 3642 3422 3688 et
3461 3626 3676 3705 ἀμέργω,

2137 3710 2350 3785 ἅμέλδω
2368 3724 2427 3770 et
2441 3712 2675 3790 ἀμέρδω.
2696 3715 2905 3770 Eadem
2927 3718 3238 3772 varietasin
3250 3719 3444 3774 insulae
3467 3716 3675 3789 Amorgi

2135 3802 2366 3855 nomine
2399 3801 2629 3858 videtur
2669 3802 2999 3861 obtinuisse.
3042 3804 3320 3860 Arcadius
3351 3808 3441 3862 De
3477 3814 3672 3860 aecent.

468 3910 625 3946 ναντο
642 3890 949 3964 ἐπιψαῦσαι.
985 3912 1009 3937 α
1040 3889 1222 3962 Igitur
1238 3888 1290 3945 T
1292 3885 1561 3953 ελενίκειος
1586 3886 1704 3966 ἠχὼ
1724 3891 1865 3945 nihil
1888 3892 2042 3947 aliud
2135 3906 2197 3962 p.
2227 3894 2297 3958 47
2326 3906 2341 3946 :
2377 3886 2660 3964 πελαργός·
2691 3888 2939 3965 ἀμολγός,
2972 3890 3314 3969 βροτολοιγός.
3347 3890 3408 3949 τὸ
3434 3892 3488 3950 δὲ
3513 3886 3676 3966 ''Apol-

469 3996 587 4033 esse
630 3977 856 4031 videtur
904 3992 1079 4048 quam
1122 3976 1307 4031 inanis
1338 3976 1644 4032 verborum
1680 3977 1970 4050 strepituS.
2009 4002 2032 4028 ι»

470 4066 519 4121 Ε
544 4066 632 4123 Μ.
666 4064 753 4124 cf.
781 4061 853 4122 fr.
879 4062 937 4121 8.

1210 4189 1305 4228 11.

546 4286 793 4358 Hesych.
845 4281 1155 4359 Βρίκελοι
1185 4299 1201 4339 :
1232 4282 1279 4338 οῖ
1319 4277 1415 4356 μὲν
1441 4277 1559 4346 τοὺς
1585 4279 1890 4354 ἱστόποδας,
1934 4284 2038 4343 ἀπὸ

465 4376 558 4430 τοῦ
590 4370 778 4451 βάρους
800 4370 891 4430 καὶ
918 4374 1008 4429 τοῦ
1033 4368 1183 4436 ξύλου
1211 4368 1301 4445 (v.
1329 4370 1477 4426 infra
1504 4374 1691 4444 Etym.
1726 4374 1804 4430 M.
1824 4372 1868 4443 )‚
1898 4375 1946 4430 oi
1981 4372 2034 4431 δὲ

470 4457 792 4539 βαρὸάρους·
840 4456 1066 4533 Δίδυμος
1094 4454 1148 4515 δὲ
1184 4454 1250 4513 τὰ
1290 4454 1513 4535 τραγικὰ
1558 4466 1860 4535 προσωπεῖα
1888 4458 2037 4539 παρὰ

472 4547 749 4626 Κρατίνῳ,
778 4537 884 4605 οἷον
918 4540 1221 4626 βροτοΐκελα
1268 4545 1488 4621 (codex
1518 4542 1859 4623 βροτοΐκελοι.
1891 4552 2031 4624 Leg.

469 4635 641 4715 βροτῷ
686 4634 871 4710 ἴκελα,
904 4637 990 4691 vel
1022 4654 1152 4690 cum
1192 4636 1272 4694 M.
1319 4635 1489 4710 βροτῷ
1527 4629 1727 4692 εἴκελα.
1755 4636 1922 4693 Iliad.
1965 4636 2034 4693 18

468 4724 577 4801 591
608 4746 619 4779 :
644 4726 719 4803 τῷ
738 4721 1053 4795 ἴκελον,οιο.
1073 4722 1119 4800 ).
1138 4724 1436 4778 Pausanias
1452 4722 1785 4797 ap.Enstath
1798 4765 1810 4778 .
1828 4724 2034 4797 Odyss.

465 4833 525 4888 p.
569 4812 741 4887 1395,
777 4810 873 4876 50.
912 4808 1145 4889 Βρίκελα
1186 4830 1199 4865 :
1246 4816 1553 4888 προσωπεῖα
1592 4811 1763 4888 βροτῷ
1790 4808 1969 4882 ἴκελοι,
1999 4808 2034 4880 ἢ

464 4898 640 4979 Βριξὶν
666 4898 843 4958 ἴκελαι·
871 4896 1007 4956 οὕτω
1048 4895 1101 4954 δὲ
1130 4894 1309 4972 ἔλεγον
1339 4895 1454 4963 τοὺς
1483 4894 1796 4977 βαρὸάρους.
1837 4902 2028 4973 Etym.

994 5064 1486 5135 TROPHONIUS.

466 5154 587 5209 Non
609 5153 865 5211 AExonico
889 5150 1040 5209 rubri
1067 5150 1267 5207 coloris
1288 5150 1428 5239 vesci
1458 5150 1513 5206 in
1540 5159 1816 5223 posterum
1837 5151 2031 5220 mullo,

2132 3996 2220 4050 γος
2249 3974 2697 4054 προπαροξύτονον
2736 3976 2824 4034 ἐπὶ
2859 3981 2953 4048 τῆς
2987 3977 3170 4047 νήσου.
3202 3982 3322 4037 Nisi
3361 3982 3424 4038 id
3451 3976 3678 4057 Ἀμοργος

2133 4064 2501 4120 scribendum
2557 4077 2657 4122 est.
2687 4066 2952 4122 Ceterum
2989 4066 3226 4123 fortasse
3254 4069 3428 4124 etiam
3465 4069 3554 4123 illa
3591 4062 3678 4120 πό-

2131 4152 2262 4216 λεως
2279 4149 2478 4231 ὄλεθροι
2504 4153 2678 4209 verba
2705 4154 2920 4211 Cratini
2943 4165 3092 4210 sunt.
3141 4180 3164 4205 n
3201 4158 3380 4211 Mein.

2553 4301 2771 4360 xxm.
2799 4301 3274 4363 ΤΡΟΦΩΝΙΟΣ.

2209 4441 2294 4494 De
2349 4449 2680 4513 argumento
2736 4438 2995 4512 quaedam
3061 4438 3216 4495 dicta
3268 4441 3328 4494 in
3380 4440 3572 4517 fragm.
3629 4458 3669 4493 1.

2885 4571 2938 4606 1.

2209 4667 2415 4723 Athen.
2453 4686 2505 4736 7,
2529 4685 2592 4739 p.
2627 4664 2776 4737 325,
2800 4669 2842 4722 F.
2881 4686 2894 4722 ε
2933 4666 3031 4744 Κρ.
3065 4666 3114 4723 δ’
3136 4668 3190 4725 ἐν
3224 4666 3514 4747 Τροφωνίῳ
3539 4664 3671 4744 φησὶν

2225 4771 2380 4845 Οὐδ’
2401 4770 2687 4855 Αἰξωνίδ’
2710 4780 3063 4873 ἐρυθρόχρων
3080 4780 3292 4846 ἐσθίειν
3313 4783 3407 4847 ἔτι
3421 4780 3671 4873 τρίγλην,

2225 4878 2362 4950 οὐδὲ
2398 4884 2700 4977 τρυγόνος,
2737 4878 2877 4951 οὐδὲ
2902 4880 3096 4953 δεινοῦ
3125 4890 3275 4977 φυὴν
3307 4888 3664 4977 μελανούρου.

2131 5083 2232 5123 nec
2279 5066 2452 5123 frusto
2493 5066 2827 5139 pastinat-m,
2873 5082 2972 5124 nec
3019 5066 3277 5123 terribilis
3321 5062 3672 5137 magnitudine

3383 5148 3666 5225 [melanuri.
