3809 5850
1571 505 1921 568 EUPOLIS.

143 636 329 697 τὸκατὰ
348 635 524 717 χειρὸς
552 634 719 717 ὕδωρ,
746 636 839 695 καὶ
867 634 1213 716 χερνίψασθαι
1238 634 1419 714 (Iliad.
1458 655 1481 691 ι
1498 676 1515 707 ,
1534 640 1690 712 449).

145 726 257 785 m.
288 724 379 782 καὶ
413 722 875 804 χερνίμματα.
929 750 955 775 ι
988 728 1159 799 Vere,
1192 726 1424 801 opinor,
1459 726 1710 801 Junger-

144 832 355 869 mannus
392 810 749 891 χερνίψασθαι
790 832 865 870 ex
904 814 1185 887 Homero,
1217 808 1555 889 χερνίμματα
1594 831 1694 869 au·

148 914 241 958 tem
267 920 335 958 ex
360 902 515 960 Phil.
555 901 757 959 afferri
778 903 1025 961 monuit.
1061 899 1309 957 Proinde
1330 889 1697 958 scribendum

144 989 350 1047 videtur
368 986 469 1047 καὶ
494 986 867 1069 χερνίψασθαι.
896 986 1195 1058 Φιλωνίδης
1223 986 1279 1045 δὲ
1310 986 1401 1045 καὶ
1427 1008 1499 1067 χι
1513 1009 1580 1066 ρν
1598 986 1697 1063 ίμ-

144 1098 297 1151 ματα
316 1120 333 1136 .
368 1102 399 1129 ²·
426 1078 615 1135 Mein.

887 1202 941 1254 7.

208 1321 363 1379 Idem
382 1320 449 1391 3,
478 1338 585 1377 101
623 1340 638 1376 t
673 1320 808 1381 Φιλ.
838 1317 893 1377 δὲ
920 1316 1010 1378 τὸν
1034 1316 1377 1399 ἕπιχαίροντα
1404 1314 1701 1398 ἐπίχαρ-

138 1431 167 1465 τ
180 1430 240 1465 ον
260 1406 497 1487 εἴρηκεν
528 1406 670 1465 ἀλλὰ
688 1406 781 1465 καὶ
806 1412 958 1467 τοῦτο
976 1407 1172 1488 φαῦλον
1187 1431 1201 1445 ·
1232 1404 1371 1467 ὥστε
1396 1406 1597 1484 βέλτιον
1622 1405 1699 1485 μὴ

136 1497 347 1572 ὀνόμασι
406 1497 672 1576 χρῆσθαι,
720 1494 861 1554 ἀλλὰ
905 1496 1172 1576 μιτοχαῖς.
1228 1500 1296 1555 In
1340 1495 1519 1554 Bekk.
1563 1497 1701 1555 edit.

138 1582 493 1665 Ξπιχάρτην
512 1586 745 1660 legitur.

889 1698 945 1755 8.

206 1840 361 1899 Idem
386 1840 455 1909 6,
486 1838 601 1897 168
622 1834 943 1916 εΔείναρχος
970 1834 1025 1894 δὲ
1044 1834 1135 1896 καὶ
1166 1834 1531 1917 φιλοπόνηρον,
1550 1831 1606 1905 ἢ,
1634 1834 1703 1899 ὡς

136 1928 287 2003 ihil„
308 1924 859 2007 φιλομόχθηρον.

210 2040 236 2071 ι
268 2019 357 2074 De
378 2018 501 2073 alio
548 2016 709 2085 loce,
750 2016 852 2089 qui
887 2013 1180 2071 Philonidi
1223 2014 1499 2070 tribuitur
1544 2012 1703 2088 apud

130 2105 415 2162 Pollucem
469 2102 530 2174 3,
582 2102 676 2172 18,
707 2121 762 2158 ν.
814 2103 1193 2178 Nicophontis
1246 2102 1450 2177 fragm.
1494 2098 1700 2159 incert-

130 2192 243 2251 Μ».
276 2210 332 2250 1.
357 2216 385 2243 ι
416 2193 511 2250 M.
540 2190 821 2247 Praeterea
852 2190 1107 2248 Stobaeus
1140 2192 1202 2247 in
1230 2190 1457 2266 Eclogis
1480 2187 1555 2245 ad
1575 2206 1703 2245 eum

129 2280 447 2337 referthaec
483 2298 499 2334 ι
533 2280 627 2337 tit.
648 2296 713 2353 9,
748 2285 842 2345 14.

198 2362 619 2426 Φιλωνίδου.

200 2456 325 2514 Οὔκ
352 2454 499 2513 ἔστιν
528 2450 696 2518 ostri<
715 2450 881 2521 δειλὸς
896 2454 925 2511 δ
952 2450 1194 2519 δεδοικὼς
1216 2451 1391 2531 νόμον,

198 2536 333 2621 πρὸς
356 2538 483 2606 τοὺς
494 2537 779 2616 πολεμίους
801 2539 845 2597 δ’
874 2540 1013 2600 ἐστὶν
1038 2538 1275 2621 ἀνδρείας
1296 2539 1463 2620 κρίσις
1479 2563 1492 2578 ·

198 2632 307 2691 ὑπὸ
333 2634 427 2690 τοῦ
456 2628 665 2687 δικαίου
693 2630 739 2688 δ’
760 2628 901 2689 ἐστὶν
929 2633 1186 2701 ἡττᾶσθαι
1212 2629 1393 2689 καλόν.

134 2719 221 2792 33,
247 2741 305 2791 7.
339 2720 401 2779 Φ
420 2715 760 2776 ιλωνίδου.

200 2806 467 2885 Κρεῖττον
494 2812 705 2863 σιωπᾶν
729 2802 879 2863 ἐστὶν
904 2802 941 2875 ἢ
964 2803 1143 2864 λαλεῖν
1175 2802 1369 2881 μάτην.

131 2893 221 2964 35,
254 2896 323 2954 6.
355 2890 785 2956 Φιλωνίδου.

198 2980 440 3043 ‘Azan’
462 2980 681 3061 ἐρίζεις,
720 2979 811 3040 καὶ
833 2979 1021 3048 συνιεῖς
1049 2977 1167 3039 οὐδὲ
1190 2979 1264 3038 tv·

206 3070 517 3150 γράμματα
539 3072 726 3146 μαθεῖν
748 3069 855 3142 δεῖ,
879 3068 971 3128 καὶ
998 3067 1231 3144 μαθόντα
1252 3071 1371 3127 νοῦν
1397 3065 1559 3147 ἔχειν.

126 3177 196 3236 Et
220 3175 559 3235 Philonidae
580 3175 791 3233 fabulis
810 3193 973 3231 usum
991 3191 1109 3230 oese
1132 3173 1419 3231 Stobaeum
1438 3174 1500 3228 in
1516 3190 1711 3228 excer-

116 3265 331 3339 pendis
388 3275 703 3341 poetarum
762 3263 1051 3319 sententiis
1069 3304 1089 3335 ,
1153 3263 1342 3319 Photii
1386 3262 1711 3318 testimonio

116 3354 269 3412 Bibl.
304 3353 447 3425 167,
465 3371 531 3428 p.
572 3371 593 3408 ι
610 3351 704 3421 15,
732 3361 972 3409 constat.
992 3353 1181 3423 Quare
1200 3369 1405 3408 vereor
1427 3369 1505 3407 ne
1532 3348 1711 3407 auda-

112 3443 237 3498 cius
268 3461 459 3517 quam
474 3441 671 3497 verius
686 3439 807 3496 haec
830 3459 865 3496 a
884 3442 1099 3496 Nostro
1117 3437 1549 3511 abjudicaverit,
1576 3457 1711 3495 con·

111 3532 411 3588 sentiente
434 3527 752 3599 Meinekio,
774 3529 1064 3585 Hanovius
1088 3527 1288 3585 Exere.
1329 3527 1483 3583 critt.
1518 3545 1578 3600 p.
1618 3525 1713 3597 18,

110 3618 211 3673 ubi
259 3637 337 3674 m
372 3636 551 3673 novae
584 3633 759 3691 quam
799 3617 1047 3689 antiquae
1084 3615 1377 3672 cornoediae
1404 3625 1581 3689 poeta
1625 3612 1714 3668 di-

104 3705 331 3778 gniora
350 3723 485 3761 esse
502 3705 603 3775 ait,
634 3704 945 3779 potiusque
962 3701 1289 3758 Philemoni
1316 3703 1406 3757 vel
1433 3700 1715 3775 Philippi-

105 3793 193 3848 dae
209 3811 409 3868 quam
424 3789 743 3849 Philonidae
756 3791 1139 3849 attribuenda.
1152 3792 1473 3847 Postremus
1484 3789 1715 3846 illorum

104 3900 401 3938 versuum
428 3881 679 3937 habetur
702 3881 857 3936 inter
872 3878 1171 3936 Menandri
1202 3877 1563 3936 monosticha
1589 3877 1689 3951 96.

850 4044 1018 4102 xm.

730 4173 1138 4264 EUPOLIS.

186 4337 479 4412 Eupolis,
502 4335 839 4411 Sosipolidis
860 4333 1031 4406 filius,
1053 4335 1430 4410 Atheniensis,
1448 4347 1617 4392 natus
1634 4347 1720 4392 est·

98 4425 455 4482 secundum
472 4423 749 4498 cyrillum
776 4424 841 4484 C.
867 4425 1157 4480 lulianum
1191 4424 1294 4478 lib.
1342 4443 1395 4493 1,
1422 4443 1486 4498 p.
1521 4425 1614 4493 13,
1646 4427 1713 4496 B,

99 4533 403 4589 quosque
414 4515 515 4570 ille
522 4524 747 4570 secutus
756 4521 841 4570 est
850 4524 1067 4570 veteres
1076 4514 1483 4588 chronologos,
1498 4511 1715 4588 olymp.

101 4601 225 4676 88,
288 4599 664 4682 (ὀγδοηκοστῇ
703 4599 863 4678 ὀγδόῃ
906 4599 996 4658 τὸν
1041 4597 1295 4679 κωμῳδὸν
1318 4597 1715 4679 Ἀριστοφάνην,

104 4687 375 4748 Εὗτωλίν
399 4711 463 4746 τε
490 4688 583 4747 καὶ
614 4691 878 4748 Πλάτωνα
896 4687 1139 4765 γενέσθαι
1164 4689 1213 4765 );
1241 4689 1473 4764 fallique
1492 4689 1721 4747 videtur

106 4783 483 4852 anonymus
500 4780 587 4835 De
605 4797 757 4837 com.
788 4799 845 4854 p.
866 4797 966 4847 xv,
990 4781 1090 4854 qui
1121 4796 1252 4834 eum
1272 4777 1489 4833 fabulas
1511 4776 1719 4835 docere

3240 516 3354 566 1⁴9

1787 638 1928 716 (sed
1978 637 2213 694 fortasse
2265 653 2371 711 per
2411 637 2619 706 alium,
2679 637 2843 693 velut
2894 638 3316 695 Demostratum
3334 680 3352 709 ,

1788 727 1859 783 de
1890 746 2008 801 quo
2041 726 2250 784 Athen.
2293 723 2348 794 5,
2389 742 2456 799 p.
2507 723 2647 794 216,
2691 726 2744 779 D
2774 720 2792 801 )
2840 723 3064 781 decimo
3110 728 3356 801 septimo

1788 816 1964 871 aetatis
1989 832 2160 881 anno,
2195 816 2236 869 i.
2256 831 2310 873 e.
2339 832 2410 869 ex
2433 813 2659 868 ratione
2677 812 2870 885 Cyrilli
2891 808 2974 891 (si
2997 832 3177 869 annos
3189 831 3360 870 com-

1790 913 2058 977 putamus
2086 922 2118 957 a
2171 921 2194 957 1
2233 920 2385 957 anno
2423 900 2766 979 olympiadis
2797 897 2914 976 88)
2945 902 3163 977 olymp.
3195 922 3296 977 92,
3323 922 3360 959 a

1796 994 1958 1064 (ante
1985 992 2089 1049 Ch.
2121 1001 2240 1049 nat.
2273 996 2388 1057 410
2413 984 2452 1067 J,
2481 988 2656 1045 tradit
2691 988 2892 1045 Suidas
2913 1008 2966 1043 ν.
2998 986 3252 1055 Εὔπολις.
3273 994 3362 1047 De

1790 1096 1944 1133 anno
1969 1096 2087 1153 quo
2122 1078 2284 1147 obiit,
2327 1078 2644 1151 mortisque
2671 1094 2903 1152 genere,
2934 1078 3079 1133 nihil
3103 1089 3360 1147 constat3

1790 1164 2018 1223 deloco
2045 1166 2092 1221 si
2132 1167 2260 1241 quis
2283 1168 2505 1241 quierit,
2531 1166 2784 1222 AElianus
2819 1166 2893 1220 H.
2928 1168 3000 1224 A.
3041 1184 3146 1239 xo,
3183 1174 3281 1237 41,
3307 1178 3366 1223 et

1790 1253 2014 1309 Tzetzes
2039 1252 2188 1309 Hist.
2225 1260 2286 1329 4,
2306 1252 2442 1324 245,
2461 1256 2525 1309 in
2550 1253 2754 1329 AEgina
2777 1261 3072 1307 mortuum
3093 1264 3151 1309 et
3175 1255 3364 1327 sepul-

1792 1351 1914 1397 tum
1940 1340 2194 1399 tradunt.
2225 1340 2520 1397 Pausanias
2538 1351 2730 1397 autem
2758 1358 2817 1411 2,
2847 1359 2904 1414 7,
2929 1352 3365 1397 monumentum

1796 1427 1920 1501 ejus
1945 1428 2092 1484 vidit
2117 1430 2176 1483 in
2199 1447 2338 1504 agro
2372 1430 2662 1503 Sicyonio.
2697 1430 2934 1485 Servum
2967 1440 3144 1503 poeta
3165 1426 3368 1485 habuit

1794 1516 2132 1592 Ephialtem,
2155 1518 2279 1592 qui,
2301 1534 2480 1589 quum
2505 1508 2970 1589 aliquot'domini
2991 1512 3212 1571 fabulas
3239 1535 3368 1572 sur·

1793 1606 2074 1679 ripuisset‚
2105 1604 2178 1660 ab
2206 1606 2436 1679 Augen,
2483 1602 2781 1679 Eupolidis
2825 1620 2971 1659 cane
3003 1601 3362 1675 fidelissimo,
3392 1652 3400 1664 .

1794 1692 2076 1747 morsibus
2095 1702 2330 1747 necatus
2345 1702 2426 1747 est
2449 1710 2464 1749 τ
2489 1710 2542 1750 v.
2567 1692 2767 1748 AElian.
2789 1700 2842 1747 et
2862 1692 3046 1747 Tzetz.
3067 1692 3107 1747 l.
3133 1691 3172 1746 l.
3185 1734 3202 1762 ‚
3223 1693 3366 1749 item

1796 1778 2052 1838 Crameri
2075 1778 2294 1839 Anecd.
2323 1780 2432 1837 Ox.
2463 1780 2521 1850 3,
2542 1798 2602 1855 p.
2640 1777 2778 1850 357,
2811 1777 2909 1836 28.
2949 1803 2974 1829 «ι
3003 1781 3235 1837 Mortuo
3255 1782 3366 1837 Eu·-

1794 1868 1992 1943 polide
2017 1864 2160 1945 λύπῃ
2179 1864 2272 1925 καὶ
2293 1868 2436 1945 λιμῷ
2459 1866 2642 1925 ἑαυτὸν
2661 1864 2880 1937 &artifice
2901 1865 3158 1925 ἀπέθανεν
3183 1867 3274 1926 ἐπὶ
3287 1870 3368 1948 τῷ

1796 1954 1976 2033 τροφεῖ
2002 1952 2092 2013 καὶ
2117 1951 2368 2033 δεσπότῃ,
2411 1953 2591 2013 λοιπὸν
2617 1952 2847 2031 μισήσας
2881 1952 2970 2012 τὸν
3009 1954 3122 2033 βίον
3147 1956 3175 2013 δ
3202 1956 3364 2028 κύων,

1797 2040 1888 2100 καὶ
1916 2041 1948 2097 ὅ
1971 2064 2032 2119 γε
2048 2040 2204 2107 τόπος
2225 2042 2466 2100 καλεῖται
2498 2039 2682 2120 μνήμῃ
2711 2044 2804 2099 τοῦ
2831 2039 2946 2098 τότε
2975 2040 3170 2109 πάθους
3201 2042 3366 2110 Κυνὸς

1798 2140 1995 2216 θρῆνος.
2020 2140 2108 2195 lta
2132 2138 2388 2195 AElianus
2406 2139 2444 2193 l.
2467 2156 2522 2197 c.
2544 2134 2761 2195 Similia
2783 2136 2856 2193 de
2877 2135 3195 2213 Xanthippi
3226 2154 3370 2196 cane

1798 2228 2050 2283 narravit
2066 2226 2404 2283 Plutarchus
2421 2226 2692 2285 Themist.
2711 2244 2766 2285 c.
2797 2244 2889 2300 ιο,
2918 2235 2974 2281 et
3001 2227 3190 2282 locum
3205 2228 3368 2283 illum

1800 2314 1859 2369 in
1886 2315 2090 2391 AEgina
2137 2314 2320 2375 insula
2345 2324 2613 2370 vocatum
2653 2314 2821 2371 fuisse
2864 2310 3030 2379 Κυνὸς
3078 2314 3248 2387 σῆμα.
3285 2344 3370 2361 «-

1799 2405 1885 2460 De
1905 2404 2130 2477 poetica
2172 2402 2469 2476 Eupolidis
2499 2401 2763 2459 facultate
2803 2412 2862 2458 et
2896 2400 3218 2459 dramatum
3240 2422 3372 2477 qua>

1800 2492 2049 2565 scripsit,
2091 2491 2322 2565 ingenio
2375 2490 2666 2547 Platonius
2721 2492 2808 2545 De
2855 2489 3062 2545 divers.
3111 2489 3361 2548 charact.

1680 2595 1690 2601 ·
1799 2597 1862 2653 p.
1896 2598 2000 2635 xiv
2041 2574 2440 2655 εεῦφάνταστός
2480 2577 2618 2634 ἔστιν
2663 2577 2735 2641 εἰς
2765 2574 3058 2655 ὖπερὸολὴν
3095 2575 3232 2635 κατὰ
3275 2576 3370 2644 τὰς

1802 2662 2160 2729 micum...
2197 2662 2327 2740 (καὶ)
2352 2661 2531 2741 ὥσπερ
2564 2662 2702 2719 ἐστὶν
2735 2662 2948 2743 ὑψηλὸς,
2973 2660 3110 2721 οὕτω
3140 2662 3228 2720 καὶ
3250 2664 3366 2724 ἐπί-

1802 2772 1956 2830 χαρις
1983 2749 2076 2809 καὶ
2099 2749 2221 2830 περὶ
2247 2748 2626 2826 τὰσκέμματα
2651 2748 2770 2808 λίαν
2806 2748 3050 2830 εὔστοχος
3069 2794 3088 2823 ,
3113 2772 3225 2827 qua
3254 2755 3369 2810 ele·

1800 2841 2004 2915 gantiae
2025 2840 2196 2897 laude
2216 2841 2324 2915 ipsi
2347 2839 2714 2915 Aristophani
2734 2840 2983 2914 palmam
3011 2842 3370 2916 praeripuisse

1802 2927 2072 3002 deinceps
2084 2927 2246 2985 addit
2257 2931 2672 3004 grammaticus
2691 2929 2793 2998 (cf.
2808 2931 3033 2986 Horatii
3051 2931 3228 2987 Serrn.
3248 2949 3270 2986 1
3281 2973 3298 3000 ,
3312 2937 3372 3002 4,

1811 3013 1984 3072 1—5.
2000 3018 2016 3090 )
2034 3015 2122 3072 Ab
2145 3014 2346 3071 eadem
2363 3016 2574 3071 virtute
2601 3017 2848 3090 Eupolin
2867 3015 3228 3074 commendat
3252 3019 3370 3076 Ma-

1805 3104 2034 3160 crobius
2059 3105 2279 3160 Saturn.
2308 3120 2366 3172 7,
2399 3101 2459 3161 5.
2485 3101 2656 3174 Quod
2677 3114 2866 3158 autem
2893 3101 3104 3180 περὶτὰ
3125 3101 3370 3180 σκέμμα-

1804 3211 1871 3247 τα
1891 3187 2137 3266 εὔστοχος
2155 3189 2320 3245 fuisse
2340 3187 2573 3262 dicitur,
2589 3188 2649 3243 id
2667 3207 2991 3263 quanquam
3011 3191 3168 3248 haud
3181 3192 3372 3266 inepte

1805 3278 1879 3336 ad
1902 3280 2240 3335 concinnam
2267 3287 2734 3351 arg-umentorum
2762 3277 3190 3352 dispositionem
3217 3280 3368 3334 trahi

1806 3385 1970 3442 posse
2011 3365 2257 3433 videtur,
2305 3363 2790 3437 quemadmodum
2831 3365 3010 3424 schol.
3051 3367 3204 3426 Nub.
3253 3365 3368 3434 542

1807 3453 1954 3510 dixit
1975 3449 2258 3530 κωμῳδίαν
2278 3439 2336 3506 sii
2362 3445 2764 3524 διεσκεμμένην,
2801 3469 2922 3511 non
2945 3451 3268 3510 dubitamus
3287 3462 3370 3508 ta-

1806 3561 1946 3598 men
1960 3543 2101 3615 quin
2119 3541 2262 3598 Plat.
2293 3538 2510 3595 dixerit
2530 3535 2652 3614 περὶ
2671 3535 2740 3593 τὰ
2768 3558 2801 3594 σ
2816 3536 2959 3612 κώμ
2975 3560 3014 3612 μ
3029 3561 3063 3594 α
3078 3560 3108 3594 τ
3123 3561 3158 3595 α
3177 3581 3196 3612 ,
3219 3551 3288 3595 ut
3313 3541 3372 3596 in

1808 3629 2060 3686 dicteriis
2087 3638 2144 3683 et
2163 3627 2444 3683 conviciis
2455 3624 2728 3698 jacienffis
2754 3619 3078 3700 ingeniosus
3097 3625 3262 3682 fuisse
3280 3625 3374 3682 di-

1808 3729 1985 3776 catur.
2022 3717 2140 3792 (De
2175 3716 2286 3772 hoc
2315 3733 2436 3772 nou
2463 3715 2760 3770 consentio
2787 3732 2924 3770 cum
2963 3714 3135 3775 Mein.
3171 3714 3372 3788 Both.)

1809 3808 1878 3861 In
1913 3803 2186 3861 conviciis
2213 3803 2480 3877 quidem,
2521 3800 2734 3860 Cratini
2775 3802 3072 3876 exemplo,
3105 3801 3378 3858 immodi-

1809 3911 1908 3950 cus
1931 3904 1990 3949 et
2028 3894 2254 3967 ineptus
2274 3891 2486 3946 dicitur
2507 3889 2664 3963 apud
2690 3891 3068 3964 Anonymum·
3098 3891 3184 3946 De
3211 3908 3369 3948 eom.

1806 4001 1868 4056 p.
1909 3999 1988 4037 xv
2021 3979 2224 4057 (ζηλῶν
2257 3979 2515 4057 Κρατῖνον
2535 3971 2675 4034 ’πολύ
2691 3997 2750 4052 γε
2769 3973 2984 4062 [malim
3001 3997 3064 4033 π.
3089 3999 3146 4034 τε
3172 3979 3372 4060 θυαμ]

1810 4064 2042 4145 λοίδορον
2069 4065 2166 4124 καὶ
2197 4063 2380 4122 σκαιὸν
2417 4062 2718 4143 ἐμφαίνει),
2746 4063 2996 4138 quorum
3023 4066 3182 4140 peius
3203 4069 3376 4134 etiam

1810 4157 2030 4212 Persius
2061 4157 2187 4217 SatK
2220 4174 2279 4226 1,
2327 4160 2444 4220 124
2467 4153 2699 4224 indicat,
2740 4159 2942 4208 iramm
2987 4155 3238 4228 Eupolin
3283 4154 3376 4211 di-

1810 4261 1972 4314 cens,
2002 4252 2058 4299 et
2083 4242 2534 4300 Lucianus.10ve
2555 4257 2740 4298 accus.
2773 4239 2896 4297 voh
2922 4258 2977 4310 a,
3007 4259 3066 4314 p.
3111 4239 3250 4311 832,
3271 4242 3373 4316 qui

1810 4340 2060 4414 Eupolin
2087 4349 2144 4394 et
2169 4337 2604 4412 Aristophanem
2629 4345 2798 4392 vocat
2825 4332 3018 4401 δεινοὺς
3041 4333 3236 4414 ἄνδρας
3259 4337 3388 4393 ἔπῃ.

1810 4428 2132 4504 κερτομῆσαι
2150 4423 2216 4483 τὰ
2247 4421 2436 4498 σεμνὰ,
2459 4421 2550 4480 καὶ
2577 4421 2835 4500 χλευάσαι
2869 4420 2936 4479 τὰ
2965 4423 3138 4489 καλῶς
3164 4420 3372 4502 ἔχοντα.

1812 4518 1946 4571 Haec
1965 4515 2208 4570 maxime
2227 4512 2302 4568 ad
2327 4510 2574 4568 Socratis
2591 4513 2910 4567 irrisionem
2931 4523 3184 4586 spectare
3205 4524 3388 4587 puto„

1811 4621 1982 4677 quem
2013 4601 2210 4676 paucis
2236 4601 2470 4674 quidem
2489 4639 2506 4667 ‚
2534 4599 2632 4655 sed
2649 4609 2761 4656 tam
2791 4600 3026 4668 acerbe,
3051 4603 3373 4676 exagitavit,

1811 4701 1873 4746 ut
1884 4709 1958 4747 ne
1971 4689 2372 4764 Aristophanes
2387 4688 2618 4762 quidem
2637 4689 2695 4742 in
2713 4688 2973 4743 Nubibus
2990 4707 3120 4744 eum
3132 4707 3390 4763 aequasse

1811 4779 2102 4836 videretur
2129 4797 2143 4832 z
2199 4796 2253 4830 v.
2305 4777 2486 4834 schol.
2542 4777 2686 4834 Nub.
2730 4795 2826 4850 97,
2873 4776 3005 4848 180,
3057 4781 3241 4852 Etym.
3291 4781 3372 4837 M.

108 4867 379 4922 Athenis
434 4868 671 4940 coepisse.
716 4867 855 4922 dicit
883 4868 1104 4941 olymp.
1150 4867 1253 4937 87,
1280 4871 1313 4930 4
1375 4863 1537 4941 (428
1586 4879 1717 4923 ante
1810 4886 1870 4941 p.
1909 4865 2000 4936 18,
2051 4884 2142 4936 xo,
2184 4866 2423 4922 Lucian.
2461 4865 2661 4923 Piscat.
2709 4883 2828 4939 ¹,p-
2857 4863 2995 4939 595.
3028 4867 3112 4922 Ne
3137 4867 3378 4923 mortuis

112 4953 268 5008 Chr.
305 4964 430 5010 nat.
450 4953 495 5030 ),
534 4953 807 5012 archonte
845 4955 1233 5030 Apollodoro.
1264 4955 1332 5010 ld
1364 4971 1496 5009 eum
1526 4955 1722 5012 fecisse
1815 4955 2052 5030 quidem
2088 4973 2216 5010 eum
2263 4953 2582 5028 pepercisse
2616 4954 2919 5016 ostendunt
2945 4973 3138 5012 versus
3175 4974 3206 5011 a
3239 4955 3378 5010 Plu-.

124 5166 315 5221 Nemo
344 5164 579 5237 ignavus
606 5175 709 5234 est,
742 5166 839 5239 qui
862 5167 1020 5224 timet
1042 5166 1221 5240 leges;

128 5254 229 5308 sed
252 5251 522 5310 adversus
552 5252 740 5310 hostes
758 5252 1021 5311 fortitudo
1048 5261 1349 5328 spectatum

136 5351 169 5392 a
192 5338 411 5410 justitia
435 5339 577 5396 vinci
600 5339 782 5397 decet.

1805 5197 1877 5208 -
1902 5169 2134 5222 Praestat
2150 5165 2306 5222 silere
2327 5177 2490 5246 quam
2515 5165 2724 5238 garrire
2751 5163 2977 5222 frustra.

1810 5285 1873 5296 —-
1898 5258 1981 5311 De
1999 5253 2256 5311 omnibus
2281 5252 2588 5320 contendis,
2619 5262 2673 5310 et
2699 5253 2836 5309 nihil
2859 5253 3116 5326 intelligis
3145 5272 3162 5307 ε
3206 5254 3376 5328 [pere.

1808 5343 2014 5400 litteras
2035 5342 2246 5400 discere
2263 5343 2500 5415 aliquem
2529 5351 2762 5414 oportet,
2780 5351 2835 5398 et
2853 5357 3026 5412 quum
3047 5341 3260 5414 didicit,
3287 5361 3374 5402 sa·
