3809 5850
1644 393 1961 475 'Artaxia

187 525 426 605 μετρίως
450 529 510 586 in
531 530 669 588 the-i
687 533 1003 612 collocato)
1029 547 1084 592 et
1110 539 1298 598 alieno
1320 560 1486 599 seusu
1517 543 1764 624 πράττειν

189 613 426 692 μετρίως
443 615 610 698 qiua.
636 619 960 700 ’ἄχρήστους.
985 626 1136 684 Bene
1160 630 1352 686 Elmsl.
1380 650 1476 706 ap.
1498 634 1676 696 Dind.
1707 639 1766 692 in

194 713 500 770 Addendis
515 711 854 791 ἀχαρίστους.
890 717 958 776 V.
993 737 1023 788 7
1055 718 1284 776 codices
1302 723 1554 795 potiores
1573 724 1767 801 Epito-

187 820 313 860 ητα
341 799 720 881 ἀνελευθέρους.
746 806 814 862 V.
845 802 882 861 8
904 805 1149 862 Meinek.
1183 808 1336 881 conj.
1353 808 1546 868 πάλιν.

960 956 1018 1011 9.

179 1053 187 1062 ’
271 1079 479 1136 Athen.
506 1097 565 1148 a,
588 1099 649 1155 p.
676 1077 776 1149 55,
802 1081 847 1137 C
875 1099 888 1134 ε
921 1075 1144 1157 Θέρμοι.

386 1261 486 1272 --
510 1222 622 1298 Μὴ
655 1226 840 1314 ὥρασι
869 1219 1058 1316 (μὲν)

292 1322 453 1420 μετὰ
493 1336 617 1395 τῶν
648 1335 851 1396 κακῶν
890 1319 1031 1423 (δ’)
1062 1323 1242 1396 ἵκοιθ’
1275 1337 1304 1398 ὁ
1342 1332 1476 1410 τοὺς
1521 1333 1762 1426 θέρμους

3312 441 3425 491 ³77

1960 540 2045 619 Ῐὶν
2072 556 2614 648 πιττοκοπούμενόν
2642 558 2751 624 τιν’
2782 559 2816 632 ἦ
2848 555 3187 655 ξυρούμενον

1960 663 2093 750 ὁρᾷς
2254 663 2483 728 τούτων
2511 664 2641 752 ἔχει
2673 689 2734 730 τι
2772 665 3037 759 θάτερον·

1960 761 1996 836 ἢ
2024 761 2139 858 γὰρ
2168 770 2492 860 στρατείαν
2516 770 2769 836 ἐπινοεῖν
2791 796 2894 862 μοι
2925 770 3202 862 φαίνεται
3230 825 3247 858 ,

1959 866 1994 940 ἢ
2020 868 2225 936 πάντα
2243 880 2334 958 τῷ
2361 875 2614 965 πώγωνι
2639 865 2788 966 δρᾶν
2822 877 3070 943 ἐναντία
3092 928 3111 962 ,

1865 967 1904 1041 5
1960 974 2011 1040 εί
2042 976 2403 1043 πλουσιακὸν
2422 980 2613 1064 τούτῳ
2639 1007 2703 1046 τι
2736 980 3097 1073 προσπίπτει
3118 983 3323 1052 κακόν.

1959 1077 2037 1144 Τί
2052 1077 2255 1170 τρίχες
2283 1078 2397 1174 γὰρ
2416 1077 2557 1174 (ἂν)
2575 1090 2863 1152 λυποῦσιν
2882 1090 3063 1178 ὑμᾶς,
3085 1088 3234 1179 πρὸς
3252 1089 3419 1173 θεῶν,

1956 1174 1997 1247 δ
2001 1188 2039 1248 ι’
2073 1179 2143 1261 ἃς
2172 1185 2319 1278 ἀνὴρ
2338 1189 2590 1266 ἕκαστος
2618 1194 2793 1280 ἡμῶν
2826 1178 3128 1282 φαίνεταί,

1958 1288 2008 1355 εἰ
2042 1292 2129 1381 μή
2154 1318 2218 1359 τι
2236 1287 2488 1370 ταύταις
2514 1293 2981 1388 ἀντιπράττεσθ’
3018 1301 3273 1383 ε’πινοεῒ;

1554 1442 1757 1532 φαγὼν
1857 1471 1919 1526 V.
1953 1489 1976 1524 ι
2004 1465 2095 1527 Ἂν
2119 1470 2337 1530 addidit
2365 1475 2531 1531 Mein.
2566 1473 3055 1550 Πιττοκοπούμενον
3074 1520 3092 1546 ,
3131 1486 3419 1554 piceatum

287 1541 348 1604 ἐν
378 1547 466 1626 τῷ
497 1538 794 1632 προθύρῳ,
821 1535 902 1606 τὰ
928 1536 1189 1632 λέμμαθ’
1231 1546 1366 1617 ὁτιὴ
1406 1545 1758 1629 κατέλιπεν,

287 1639 435 1710 ἀλλ’
470 1647 576 1712 οὐκ
605 1641 908 1739 ἀπεπνίγη
927 1639 1330 1738 καταφαγῶνῖ
1376 1645 1653 1738 μάλιστα
1681 1643 1757 1727 δὴ

193 1743 234 1814 5
287 1747 652 1829 Κλεαίνετος
687 1751 796 1842 μὲν
825 1755 934 1817 οὐκ
964 1744 1214 1825 ἐδήδοκ’
1245 1743 1369 1818 οἷδ’
1391 1754 1494 1819 ὅτι
1513 1801 1534 1838 ,

285 1859 319 1920 ὁ
347 1856 630 1949 τραγικὸς
650 1905 670 1944 ,
717 1859 959 1934 αὐτούς·
989 1847 1228 1934 οὐδενὸς
1261 1854 1374 1950 γὰρ
1404 1861 1657 1927 πώποτε

283 1956 619 2047 ἀπέὲαλεν,
657 1964 844 2042 οὕτως
877 1961 1034 2030 ἐστὶν
1053 1967 1292 2057 εὐχερὴς
1319 1963 1486 2054 ἀνήρ.

191 2115 217 2140 α
253 2089 516 2147 Alexidis
557 2090 680 2146 haee
725 2109 846 2147 esse
886 2099 1106 2147 constat
1141 2109 1172 2146 e
1211 2088 1448 2147 Polluce
1484 2091 1544 2165 6,
1585 2090 1682 2158 45.
1722 2119 1747 2144 2·

181 2181 236 2234 E
257 2180 351 2238 M.
397 2180 576 2236 Versu
623 2198 648 2236 1
677 2175 846 2257 ὥρασι
884 2197 995 2255 pro
1031 2173 1222 2257 ὥραισι
1255 2179 1516 2238 Dindorf.
1545 2180 1623 2238 ad
1650 2185 1751 2242 Ar.

175 2259 422 2340 Lysistr.
465 2285 602 2342 970.
650 2267 872 2323 Vocula
899 2261 994 2342 μὶν
1035 2265 1184 2324 forte
1226 2267 1430 2324 omissa
1467 2278 1600 2325 ante
1637 2289 1754 2344 με-,

177 2353 496 2413 Hermann.
521 2356 672 2429 Epic.
703 2355 888 2412 doctr.
922 2365 1085 2414 metr.
1117 2353 1336 2430 praefat.
1358 2375 1419 2431 p.
1461 2358 1575 2412 'xxx
1616 2376 1754 2434 sup-

169 2440 366 2517 plevit
402 2459 640 2500 versum.
671 2446 849 2502 Versu
890 2462 925 2501 a
969 2441 1170 2498 addidi
1216 2439 1288 2498 δ’.
1333 2446 1402 2502 V.
1455 2443 1487 2500 3
1527 2437 1614 2502 ἐπὶ
1654 2445 1757 2502 τῶν

171 2526 454 2607 προθῦρων
487 2526 717 2591 Pollux.
740 2530 812 2588 V.
847 2536 878 2596 4
905 2527 1000 2600 δὴ,
1027 2530 1268 2590 ironice.
1295 2529 1484 2607 Vulgo
1507 2529 1586 2592 δέ.
1617 2536 1688 2592 V.
1718 2534 1754 2590 6

177 2634 390 2674 vereor
413 2627 480 2674 ut
509 2617 737 2674 dicatur
772 2615 1086 2683 Κλεαίνετος
1117 2617 1146 2673 ὁ
1172 2615 1753 2696 χοροδιδάσκαλος,

176 2703 347 2780 apud
377 2703 702 2762 AEachinem
743 2706 902 2766 Orat.
934 2705 994 2760 in
1029 2704 1320 2765 Timarch.
1363 2703 1400 2782 S
1435 2707 1538 2782 98,
1564 2710 1757 2782 potius

178 2811 364 2866 quam
391 2802 598 2867 poeta,
625 2789 789 2865 cujus
809 2792 917 2849 hos
942 2810 1133 2850 versus
1167 2795 1412 2851 servavit
1437 2794 1598 2854 Stob.
1623 2797 1754 2854 Flo-

173 2882 276 2939 ril.
315 2899 420 2957 ¹79,
453 2877 488 2937 5
517 2898 534 2937 2

254 2986 589 3070 γεννητόρων
617 2988 766 3048 ἕκατι
795 2991 1069 3050 κατθανεῖν
1093 2988 1255 3049 καλὸν
1269 3034 1288 3065 ,

169 3134 230 3177 et
249 3138 352 3195 99,
381 3140 420 3175 α
445 3140 460 3175 ;

248 3228 406 3302 λύπη
423 3226 526 3311 γὰρ
547 3230 680 3310 ὀργή
697 3232 746 3289 τ’
771 3233 845 3299 εἰς
865 3230 960 3290 ἕνα
985 3232 1158 3311 ψυχῆς
1181 3230 1340 3291 τόπον

257 3316 488 3378 ἐλθόντα
511 3317 679 3395 μανία
704 3324 812 3385 τοῖς
837 3316 1018 3399 ἔχουσι
1037 3317 1290 3397 γίγνεται.

165 3432 402 3491 Ibidem
445 3441 502 3487 et
527 3449 696 3487 versu
725 3450 756 3503 7
787 3431 923 3488 libri
958 3442 1018 3488 et
1051 3431 1308 3489 Eustath.
1339 3452 1410 3507 p.-
1444 3430 1616 3502 1863,
1654 3430 1748 3507 59,

165 3519 394 3578 πώποτε
425 3514 694 3577 ἆπίὸαλιν
728 3516 949 3596 ὀσπρίου
974 3514 1149 3584 λέπος·
1183 3515 1348 3584 οὕτως
1377 3516 1570 3584 ἐκεῖνός
1611 3520 1747 3578 ἔστιν

165 3604 398 3686 εὐχερὴς
426 3602 577 3684 ἀνὴρ,
600 3606 660 3662 in
680 3607 890 3681 quibus
911 3606 1078 3664 facile
1095 3625 1370 3685 agnoscas
1390 3608 1744 3684 glossemata,

165 3714 302 3769 quae
339 3694 496 3768 ejeci.
529 3690 850 3763 Ἀπέὸαλεν,
895 3694 1146 3771 intellige
1191 3691 1242 3750 τὶ
1255 3737 1272 3766 ,
1315 3694 1476 3768 eujus
1529 3696 1749 3771 ellipsin

165 3784 466 3859 attigimus
508 3800 644 3841 ann.
686 3780 765 3839 ad
799 3780 966 3843 Iliad.
1004 3781 1105 3854 18,
1145 3782 1290 3854 3623
1330 3782 1404 3839 cf.
1447 3782 1650 3858 Odyae.
1689 3781 1744 3854 5,

171 3879 318 3943 4ου,
349 3882 464 3927 etc.

920 4001 1014 4041 10.

247 4096 604 4171 Chrysippus
643 4113 742 4170 ap.
776 4094 976 4153 Athen.
1019 4094 1117 4166 13,
1154 4114 1222 4171 p.
1255 4091 1394 4167 565,
1431 4098 1479 4153 Α
1509 4113 1524 4153 :
1563 4093 1656 4152 καὶ
1693 4095 1745 4152 ἒν

169 4184 418 4257 Ἀθήναις
451 4186 788 4263 διατηρῶσιν
827 4186 888 4241 οὖ
917 4182 1146 4263 σφόδρα,
1177 4180 1412 4263 ἀρχαίων
1461 4184 1626 4259 (libri
1653 4184 1742 4263 ἀρ-

169 4276 358 4353 χαῖον)
387 4273 482 4331 τὸν
505 4274 712 4353 πρῶτον
748 4270 1192 4351 προσκειράμενον
1221 4268 1560 4350 παρωνύμιον
1604 4270 1746 4349 ἔχειν

169 4361 370 4443 κόρσην
401 4358 652 4439 (caput).
681 4360 762 4419 διὸ
781 4357 873 4418 καὶ
889 4356 1008 4421 w..
1035 4358 1133 4440 ἔφη
1164 4380 1268 4417 που

173 4506 190 4517 ’
239 4530 546 4603 opprimit,
570 4527 854 4600 aufertque
883 4542 1012 4601 quae
1035 4528 1190 4601 prius
1217 4526 1462 4584 dederat.

929 4644 985 4696 9.

315 4758 392 4772 -·
421 4730 504 4785 Ne
519 4726 714 4785 faustae
741 4724 924 4793 hom.

239 4817 346 4875 sed
365 4815 534 4884 mala,
553 4815 809 4873 eveniant
833 4813 962 4883 isti,
979 4813 1076 4887 qui
1098 4812 1410 4887 lupinorum
1425 4852 1440 4881 ‚
1476 4826 1612 4884 quos
1633 4810 1746 4869 edit

241 4906 302 4962 in
323 4900 615 4967 vestibulo.
634 4900 922 4975 putamina
946 4899 1164 4973 reliquit

239 5006 350 5050 nee
365 4976 640 5046 devoratis
663 4988 732 5047 iis
753 4986 1058 5047 suffocatus
1079 4989 1194 5043 est!
1223 4998 1356 5043 saue
1377 4982 1601 5058 quidem

174 5088 208 5135 5
238 5082 551 5140 Claenetm
575 5077 801 5135 minime
821 5076 1072 5135 omnium
1097 5073 1213 5134 edit
1237 5090 1354 5143 eos,
1384 5080 1470 5131 sat
1487 5072 1622 5141 scio.

242 5168 488 5240 tragicus
514 5163 760 5223 :nullius
787 5165 939 5223 enim
955 5164 1034 5223 rei
1069 5179 1316 5237 unquam

244 5256 444 5327 abjecit
465 5252 800 5327 quidquam:
826 5262 942 5311 tam
964 5252 1160 5311 sollers
1181 5252 1264 5309 vir
1289 5260 1386 5309 est.

391 5359 674 5397 ΠΑΩΙΕΙΊἎ
714 5360 986 5397 mmmmm
1013 5358 1298 5395 cummun-

1856 1558 2073 1632 capite,
2109 1569 2175 1613 ut
2208 1559 2267 1614 id
2302 1560 2617 1637 depiletur,
2648 1581 2833 1638 eoque
2878 1561 3157 1622 firmetur.
3205 1567 3418 1645 Ξυρού-

1855 1663 2027 1717 μενον,
2050 1656 2262 1702 tonsum
2278 1691 2301 1714 ,
2327 1647 2527 1704 eodem
2555 1651 2814 1709 consilio.
2847 1653 3176 1712 Herodotus
3203 1654 3253 1723 3,
3300 1675 3363 1712 ιι
3400 1674 3417 1714 :

1855 1729 1911 1786 αἱ
1933 1727 2030 1805 μὲν
2052 1731 2155 1789 τῶν
2176 1731 2423 1812 Περσέων
2444 1735 2669 1816 κεφαλαί
2698 1737 2797 1795 εἰσι
2822 1737 3057 1806 ἀσθενέες
3074 1739 3230 1814 οὕτω,
3260 1739 3422 1816 ὥστε,

1854 1818 1900 1875 εἶ
1944 1816 2105 1884 Θέλεις
2131 1818 2291 1902 ψήφῳ
2325 1820 2493 1901 μούνῃ
2541 1822 2784 1901 βαλέειν,
2830 1825 3224 1906 διατετρανέεις·
3268 1831 3324 1887 αἱ
3362 1829 3417 1890 δὲ

1850 1909 1955 1964 τῶν
1985 1907 2283 1984 Αἰγυπτίων
2308 1907 2446 1967 οὕτω
2473 1909 2537 1982 δή
2566 1935 2615 1969 τι
2642 1911 2981 1994 ἰσχυραὶ,ἰῶς
3001 1914 3151 1996 μόγις
3194 1913 3260 1976 ἂν
3287 1917 3421 1998 λίθῳ

1852 1993 2046 2062 παίσας
2074 1993 2419 2076 διαρρήξειας.
2449 1997 2617 2058 αἴτιον
2660 1999 2715 2058 δὲ
2749 1997 2934 2059 τούτου
2956 2001 3075 2060 τόδε
3105 2002 3303 2079 ἔλεγον,
3336 2002 3415 2063 ὅτι

1850 2079 2127 2158 Αἰγύπτιοι
2150 2081 2269 2162 μὲν,
2288 2082 2477 2144 αὗτίκα
2494 2084 2599 2146 ἀπὸ
2622 2086 2846 2146 παιδίων
2869 2085 3174 2168 ἀρξάμενοι,
3206 2089 3413 2172 ξυρεῦν-

1849 2193 1937 2228 ται
1964 2170 2057 2238 τὰς
2082 2172 2341 2253 κεφαλὰς,
2382 2173 2476 2232 καὶ
2518 2173 2647 2254 πρὸς
2687 2174 2775 2235 τὸν
2826 2173 2972 2247 ἥλιον
3014 2177 3309 2256 παχύνεται
3355 2181 3415 2239 τὸ

1848 2258 2047 2320 ὀστέον.
2075 2262 2215 2319 Inde
2242 2263 2509 2340 colligas,
2533 2265 2758 2322 tonderi
2796 2267 2993 2324 solitos
3010 2267 3179 2324 fuisse
3206 2271 3411 2327 milites

1848 2353 2067 2408 Atticos
2085 2362 2183 2427 ,ut
2210 2354 2395 2428 capita
2422 2371 2639 2425 eorum,
2659 2355 2765 2412 soli
2793 2353 3100 2412 identidem
3118 2359 3407 2436 exposita,

1849 2439 2209 2500 dui-arentur.
2241 2443 2442 2499 Versus
2464 2460 2496 2498 a
2522 2443 2779 2500 defectus
2800 2455 2883 2500 est
2909 2463 2924 2497 :
2960 2461 3131 2520 quem
3168 2447 3249 2500 sic
3271 2450 3413 2502 scri-

1848 2527 1980 2583 bam

1944 2657 2188 2749 ἑόρακας
2212 2653 2392 2752 (ἂν),
2422 2660 2656 2728 τούτων
2688 2662 2815 2753 ἔχει
2833 2687 2892 2727 τι
2928 2660 3191 2754 θάτερον.

1845 2815 1961 2870 Alii
1988 2817 2153 2872 aliter
2196 2827 2501 2876 tentarunt.
2540 2821 2607 2876 V.
2658 2825 2689 2884 4
2738 2814 2774 2886 ἢ
2820 2830 2876 2877 et
2918 2817 3007 2874 καὶ
3050 2823 3413 2878 commutatis

1847 2901 1940 2979 (ut
1978 2906 2081 2963 Ar.
2133 2904 2343 2962 Eccles.
2392 2903 2534 2981 437)
2582 2905 2714 2962 libri
2760 2904 2851 2961 καὶ
2908 2904 3099 2964 πάντα.
3149 2903 3398 2983 Πώγωνι,

1846 2991 2070 3061 barboe,
2117 2991 2175 3048 h.
2212 3010 2265 3050 e.
2303 2992 2583 3067 barbatiS,
2611 2994 2768 3052 viris.
2816 2996 2918 3050 His
2949 3005 3121 3069 poeta
3168 2998 3412 3070 opponit

1844 3096 1969 3151 eos,
1999 3082 2102 3155 qui
2128 3080 2425 3137 muliebria
2460 3083 2781 3155 patiuntur,
2816 3092 2873 3138 et
2904 3084 3315 3157 opulentorum
3342 3084 3407 3139 id

1843 3168 2055 3225 malum
2095 3184 2196 3224 seu
2220 3168 2421 3225 vitium
2448 3180 2619 3224 vocat
2660 3186 2711 3226 v.
2748 3166 2803 3238 5,
2838 3168 2941 3223 ubi
2968 3168 3146 3228 codd.
3185 3170 3335 3227 male
3364 3166 3397 3237 ἢ

1841 3254 2031 3313 πλουσ.
2062 3255 2339 3311 Voculam
2378 3275 2428 3310 τι
2472 3254 2701 3311 addidit
2733 3254 3009 3331 Meinek.;
3050 3256 3149 3313 sed
3189 3274 3297 3331 ego
3324 3257 3401 3313 sic

1757 3368 1762 3373 ·
1839 3342 2200 3403 scribendum
2224 3354 2367 3419 puto
2396 3365 2409 3397 z

1895 3572 1904 3581 ι
1940 3495 1988 3560 εἰ
2015 3495 2379 3576 πλουσιακὸν
2412 3496 2617 3579 τούτῳ
2642 3520 2711 3587 γε
2740 3496 3151 3585 προσέπιπτεν
3190 3498 3403 3564 κακόν.

1840 3668 2023 3728 Codd.
2052 3668 2141 3725 Pv
2166 3668 2349 3724 τοῦτον
2379 3677 2436 3721 et
2470 3684 2603 3721 eum
2632 3664 2676 3723 L
2704 3660 3074 3741 προσπίπτειν.
3106 3666 3173 3722 V.
3205 3665 3241 3721 6
3270 3666 3405 3739 ὑμᾶς

1840 3754 2017 3812 iidem
2037 3756 2171 3811 libri
2196 3764 2379 3825 recte,
2398 3752 2677 3826 siquidem
2706 3764 2905 3809 tonsos
2930 3752 3137 3809 milioes
3158 3753 3401 3827 compel-

1841 3846 1952 3915 lat,
1984 3862 2129 3919 aegre
2158 3842 2343 3900 ferens
2372 3841 2549 3899 barba
2586 3858 2779 3904 carere
2814 3842 2972 3911 illos,
3000 3860 3145 3915 quos
3180 3842 3403 3916 signum

1839 3932 1900 3987 id
1924 3933 2179 3989 virorum
2212 3931 2457 3987 maxime
2496 3930 2713 3987 deceat.
2756 3929 2987 4003 Reliqui
3023 3928 3195 3988 codd..
3223 3930 3401 4003 ἡμᾶς,

1839 4038 1971 4077 cum
1996 4020 2321 4090 Eustathio,
2348 4020 2451 4094 qui
2481 4036 2673 4075 versus
2704 4017 2739 4072 6
2770 4026 2827 4073 et
2859 4036 2890 4089 7
2921 4016 3088 4073 affert
3116 4035 3177 4090 p.
3217 4034 3399 4091 ¹9¹0·

1841 4107 1898 4167 3.
1928 4112 1993 4165 V.
2032 4128 2067 4180 7
2092 4108 2319 4179 scribo,
2348 4126 2523 4182 quum
2568 4102 2701 4183 ἀνὴρ
2752 4104 2897 4161 thesi
2937 4102 3287 4161 occultatum
3335 4106 3409 4163 sit

1839 4209 2037 4255 contra
2068 4206 2245 4253 artem
2263 4238 2281 4270 ,

1935 4318 2023 4411 δί’
2053 4340 2123 4423 ἃς
2158 4324 2411 4421 ἕκαστος
2437 4344 2585 4436 ἀνήρ
2613 4340 2788 4435 (τις)
2809 4350 2981 4435 ἡμῶν
3014 4343 3303 4435 φαίνεται.

2576 4532 2658 4583 10.

1905 4642 1967 4699 si
1996 4640 2215 4714 picentia
2232 4639 2469 4711 aliquem
2491 4637 2736 4695 crinibus
2750 4677 2766 4704 ‚
2794 4637 2877 4695 vel
2899 4645 3119 4696 tonsum
3134 4677 3150 4704 ‚

1901 4726 2083 4785 vidisti
2100 4768 2115 4794 ‚
2138 4724 2336 4783 horum
2361 4721 2689 4777 alterutrum
2704 4714 2905 4773 habet:

1904 4808 2002 4857 aut
2022 4798 2171 4855 enim
2196 4795 2331 4852 mihi
2353 4794 2559 4853 bellum
2585 4794 2825 4866 cogitare
2850 4792 3083 4860 videtur,

1903 4896 1999 4945 aut
2024 4886 2209 4945 omnia
2230 4883 2415 4942 harbae
2438 4898 2598 4956 agere
2624 4880 2925 4949 contrariu

1833 4982 1867 5033 5
1901 4976 1952 5033 si
1974 4975 2203 5032 divitum
2228 4972 2277 5029 ei
2306 4970 2527 5045 quidem
2540 4968 2741 5027 accidit
2763 4968 2992 5026 malum.

1895 5066 2043 5125 Nam
2064 5064 2159 5139 pili
2174 5061 2453 5137 quomodo
2482 5076 2577 5118 vos
2602 5060 2951 5135 contristant.
2976 5070 3079 5130 per
3102 5054 3256 5124 deos,

1908 5161 2125 5229 propter
2146 5168 2287 5226 quoe
2310 5149 2561 5207 nostrum
2581 5147 2811 5221 quisque
2834 5147 2913 5203 vir
2934 5160 3051 5203 esse
3078 5143 3313 5212 videtur,

1903 5244 2007 5301 nisi
2043 5242 2183 5300 forte
2211 5240 2297 5297 his
2312 5239 2454 5313 pilis
2478 5236 2721 5311 opposita
2740 5234 3072 5293 meditatur?

3135 5336 3187 5375 ετ
