<?xml version="1.0" encoding="UTF-8"?>
<!DOCTYPE html PUBLIC "-//W3C//DTD XHTML 1.0 Transitional//EN"
    "http://www.w3.org/TR/xhtml1/DTD/xhtml1-transitional.dtd">
<html xmlns="http://www.w3.org/1999/xhtml" xml:lang="en" lang="en">
 <head>
  <title>
</title>
<meta http-equiv="Content-Type" content="text/html;charset=utf-8" />
  <meta name='ocr-system' content='tesseract 3.04.00' />
  <meta name='ocr-capabilities' content='ocr_page ocr_carea ocr_par ocr_line ocrx_word'/>
</head>
<body>
  <div class='ocr_page' id='page_1' title='image "./poetarumcomicor01hunzgoog_0773.png"; bbox 0 0 3809 5850; ppageno 0'>
   <div class='ocr_carea' id='block_1_1' title="bbox 1402 336 1985 397">
    <p class='ocr_par' dir='ltr' id='par_1_1' title="bbox 1402 336 1985 397">
     <span class='ocr_line' id='line_1_1' title="bbox 1402 336 1985 397; baseline -0.005 0"><span class='ocrx_word' id='word_1_1' title='bbox 1402 336 1985 397; x_wconf 74' lang='lat' dir='ltr'><strong>ANONYMORUM.</strong></span> 
     </span>
    </p>
   </div>
   <div class='ocr_carea' id='block_1_2' title="bbox 774 472 969 528">
    <p class='ocr_par' dir='ltr' id='par_1_2' title="bbox 774 472 969 528">
     <span class='ocr_line' id='line_1_2' title="bbox 774 472 969 528; baseline -0.01 -2"><span class='ocrx_word' id='word_1_2' title='bbox 774 473 797 494; x_wconf 78' lang='lat'><strong>*</strong></span> <span class='ocrx_word' id='word_1_3' title='bbox 838 472 969 528; x_wconf 80' lang='lat'><strong>302.</strong></span> 
     </span>
    </p>
   </div>
   <div class='ocr_carea' id='block_1_3' title="bbox 168 599 1667 681">
    <p class='ocr_par' dir='ltr' id='par_1_3' title="bbox 168 599 1667 681">
     <span class='ocr_line' id='line_1_3' title="bbox 168 599 1667 681; baseline -0.001 -21"><span class='ocrx_word' id='word_1_4' title='bbox 168 605 345 674; x_wconf 69' lang='lat' dir='ltr'>plut„</span> <span class='ocrx_word' id='word_1_5' title='bbox 370 602 549 661; x_wconf 80' lang='lat' dir='ltr'>Praec.</span> <span class='ocrx_word' id='word_1_6' title='bbox 582 601 829 679; x_wconf 83' lang='lat' dir='ltr'>reipubl.</span> <span class='ocrx_word' id='word_1_7' title='bbox 864 601 1074 658; x_wconf 84' lang='lat' dir='ltr'>admin.</span> <span class='ocrx_word' id='word_1_8' title='bbox 1102 619 1160 676; x_wconf 85' lang='lat' dir='ltr'>p.</span> <span class='ocrx_word' id='word_1_9' title='bbox 1188 605 1325 674; x_wconf 81' lang='lat' dir='ltr'>8o7,</span> <span class='ocrx_word' id='word_1_10' title='bbox 1351 605 1395 658; x_wconf 89' lang='lat' dir='ltr'>B</span> <span class='ocrx_word' id='word_1_11' title='bbox 1428 621 1442 662; x_wconf 91' lang='lat'><strong>:</strong></span> <span class='ocrx_word' id='word_1_12' title='bbox 1474 599 1667 681; x_wconf 80' lang='grc' dir='ltr'>τραχὺς</span> 
     </span>
    </p>
   </div>
   <div class='ocr_carea' id='block_1_4' title="bbox 3203 344 3300 392">
    <p class='ocr_par' dir='ltr' id='par_1_4' title="bbox 3203 344 3300 392">
     <span class='ocr_line' id='line_1_4' title="bbox 3203 344 3300 392; baseline -0.021 0"><span class='ocrx_word' id='word_1_13' title='bbox 3203 344 3300 392; x_wconf 75' lang='grc'>751</span> 
     </span>
    </p>
   </div>
   <div class='ocr_carea' id='block_1_5' title="bbox 1836 468 3326 652">
    <p class='ocr_par' dir='ltr' id='par_1_5' title="bbox 1836 468 3326 652">
     <span class='ocr_line' id='line_1_5' title="bbox 2476 468 2605 532; baseline -0.008 -9"><span class='ocrx_word' id='word_1_14' title='bbox 2476 468 2605 532; x_wconf 68' lang='lat'>301..</span> 
     </span>
     <span class='ocr_line' id='line_1_6' title="bbox 1836 573 3326 652; baseline -0.001 -17"><span class='ocrx_word' id='word_1_15' title='bbox 1836 579 2024 649; x_wconf 87' lang='lat' dir='ltr'>Idem,</span> <span class='ocrx_word' id='word_1_16' title='bbox 2057 573 2142 635; x_wconf 75' lang='lat' dir='ltr'>D&#39;e</span> <span class='ocrx_word' id='word_1_17' title='bbox 2181 597 2470 636; x_wconf 82' lang='lat' dir='ltr'>commun.</span> <span class='ocrx_word' id='word_1_18' title='bbox 2511 579 2793 652; x_wconf 84' lang='lat' dir='ltr'>notitt..p.</span> <span class='ocrx_word' id='word_1_19' title='bbox 2837 597 3008 649; x_wconf 82' lang='lat'>1071,</span> <span class='ocrx_word' id='word_1_20' title='bbox 3037 579 3085 636; x_wconf 77' lang='lat'>1)</span> <span class='ocrx_word' id='word_1_21' title='bbox 3119 596 3131 635; x_wconf 91' lang='lat'>:</span> <span class='ocrx_word' id='word_1_22' title='bbox 3170 575 3326 652; x_wconf 81' lang='grc' dir='ltr'>ὅμοια</span> 
     </span>
    </p>
   </div>
   <div class='ocr_carea' id='block_1_6' title="bbox 84 663 2310 771">
    <p class='ocr_par' dir='ltr' id='par_1_6' title="bbox 84 663 2310 771">
     <span class='ocr_line' id='line_1_7' title="bbox 84 663 2310 771; baseline -0.003 -24"><span class='ocrx_word' id='word_1_23' title='bbox 84 689 163 748; x_wconf 78' lang='grc' dir='ltr'>ὢν</span> <span class='ocrx_word' id='word_1_24' title='bbox 220 689 476 768; x_wconf 82' lang='grc' dir='ltr'>(Κλέων)</span> <span class='ocrx_word' id='word_1_25' title='bbox 516 687 647 768; x_wconf 76' lang='grc' dir='ltr'>πρὸς</span> <span class='ocrx_word' id='word_1_26' title='bbox 694 687 810 755; x_wconf 78' lang='grc' dir='ltr'>τοὺς</span> <span class='ocrx_word' id='word_1_27' title='bbox 852 691 1097 768; x_wconf 80' lang='grc' dir='ltr'>ἐπιεικεῖς</span> <span class='ocrx_word' id='word_1_28' title='bbox 1158 689 1246 746; x_wconf 80' lang='grc' dir='ltr'>καὶ</span> <span class='ocrx_word' id='word_1_29' title='bbox 1295 689 1485 771; x_wconf 77' lang='grc' dir='ltr'>βαρὺς,</span> <span class='ocrx_word' id='word_1_30' title='bbox 1526 680 1669 755; x_wconf 64' lang='grc' dir='ltr'>αὖθις</span> <span class='ocrx_word' id='word_1_31' title='bbox 1755 667 1974 744; x_wconf 44' lang='lat' dir='ltr'>&#39;mima‘</span> <span class='ocrx_word' id='word_1_32' title='bbox 2001 667 2077 744; x_wconf 67' lang='grc' dir='ltr'>τῷ</span> <span class='ocrx_word' id='word_1_33' title='bbox 2103 663 2310 740; x_wconf 62' lang='grc' dir='ltr'>λε’ΥΟΨῙ-’ῑ</span> 
     </span>
    </p>
   </div>
   <div class='ocr_carea' id='block_1_7' title="bbox 84 775 1251 864">
    <p class='ocr_par' dir='ltr' id='par_1_7' title="bbox 84 775 1251 864">
     <span class='ocr_line' id='line_1_8' title="bbox 84 775 1251 864; baseline 0.003 -29"><span class='ocrx_word' id='word_1_34' title='bbox 84 777 324 838; x_wconf 77' lang='grc' dir='ltr'>ὓπὲὅαλε</span> <span class='ocrx_word' id='word_1_35' title='bbox 356 784 465 864; x_wconf 79' lang='grc' dir='ltr'>τοῖς</span> <span class='ocrx_word' id='word_1_36' title='bbox 492 779 700 843; x_wconf 79' lang='grc' dir='ltr'>πολλοῖς</span> <span class='ocrx_word' id='word_1_37' title='bbox 726 775 855 855; x_wconf 80' lang='grc' dir='ltr'>πρὸς</span> <span class='ocrx_word' id='word_1_38' title='bbox 876 775 1033 854; x_wconf 89' lang='grc' dir='ltr'>χάριν</span> <span class='ocrx_word' id='word_1_39' title='bbox 1064 777 1251 838; x_wconf 83' lang='grc' dir='ltr'>ἑαυτὸν.</span> 
     </span>
    </p>
   </div>
   <div class='ocr_carea' id='block_1_8' title="bbox 193 905 1453 1008">
    <p class='ocr_par' dir='ltr' id='par_1_8' title="bbox 193 905 1453 1008">
     <span class='ocr_line' id='line_1_9' title="bbox 193 905 1453 1008; baseline -0.001 -26"><span class='ocrx_word' id='word_1_40' title='bbox 193 923 667 1008; x_wconf 86' lang='grc' dir='ltr'>Γερονταγωγῶν</span> <span class='ocrx_word' id='word_1_41' title='bbox 696 913 1190 1006; x_wconf 82' lang='grc' dir='ltr'>κάναμισθαρνεῖν</span> <span class='ocrx_word' id='word_1_42' title='bbox 1222 905 1453 991; x_wconf 75' lang='grc' dir='ltr'>διδούς.</span> 
     </span>
    </p>
   </div>
   <div class='ocr_carea' id='block_1_9' title="bbox 1857 764 3130 856">
    <p class='ocr_par' dir='ltr' id='par_1_9' title="bbox 1857 764 3130 856">
     <span class='ocr_line' id='line_1_10' title="bbox 1857 764 3130 856; baseline 0 -26"><span class='ocrx_word' id='word_1_43' title='bbox 1857 765 2230 856; x_wconf 81' lang='grc' dir='ltr'>Δειπνῶμεν,</span> <span class='ocrx_word' id='word_1_44' title='bbox 2261 766 2360 830; x_wconf 89' lang='grc' dir='ltr'>ἵνα</span> <span class='ocrx_word' id='word_1_45' title='bbox 2377 765 2636 854; x_wconf 80' lang='grc' dir='ltr'>θύωμεν,</span> <span class='ocrx_word' id='word_1_46' title='bbox 2671 764 2770 828; x_wconf 83' lang='grc' dir='ltr'>ἵνα</span> <span class='ocrx_word' id='word_1_47' title='bbox 2793 765 3130 856; x_wconf 77' lang='grc' dir='ltr'>λουώμεθα.</span> 
     </span>
    </p>
   </div>
   <div class='ocr_carea' id='block_1_10' title="bbox 1839 873 3332 1046">
    <p class='ocr_par' dir='ltr' id='par_1_10' title="bbox 1839 873 3332 1046">
     <span class='ocr_line' id='line_1_11' title="bbox 2439 873 2664 934; baseline -0.009 0"><span class='ocrx_word' id='word_1_48' title='bbox 2439 873 2492 896; x_wconf 78' lang='lat'>&#39;¹‘</span> <span class='ocrx_word' id='word_1_49' title='bbox 2530 875 2664 934; x_wconf 78' lang='lat'><strong>305.</strong></span> 
     </span>
     <span class='ocr_line' id='line_1_12' title="bbox 1839 971 3332 1046; baseline 0.001 -19"><span class='ocrx_word' id='word_1_50' title='bbox 1839 972 2024 1046; x_wconf 84' lang='lat' dir='ltr'>Idem,</span> <span class='ocrx_word' id='word_1_51' title='bbox 2047 972 2175 1030; x_wconf 86' lang='lat' dir='ltr'>Non</span> <span class='ocrx_word' id='word_1_52' title='bbox 2192 989 2362 1046; x_wconf 86' lang='lat' dir='ltr'>posse</span> <span class='ocrx_word' id='word_1_53' title='bbox 2383 991 2539 1030; x_wconf 80' lang='lat' dir='ltr'>suav.</span> <span class='ocrx_word' id='word_1_54' title='bbox 2575 973 2688 1027; x_wconf 78' lang='lat' dir='ltr'>vivi</span> <span class='ocrx_word' id='word_1_55' title='bbox 2711 982 2818 1030; x_wconf 90' lang='lat' dir='ltr'>etc.</span> <span class='ocrx_word' id='word_1_56' title='bbox 2842 989 2906 1046; x_wconf 89' lang='lat' dir='ltr'>p.</span> <span class='ocrx_word' id='word_1_57' title='bbox 2939 971 3170 1045; x_wconf 76' lang='lat' dir='ltr'>1098,B</span> <span class='ocrx_word' id='word_1_58' title='bbox 3199 993 3212 1026; x_wconf 73' lang='grc' dir='ltr'>ι</span> <span class='ocrx_word' id='word_1_59' title='bbox 3241 971 3332 1030; x_wconf 78' lang='grc' dir='ltr'>καὶ</span> 
     </span>
    </p>
   </div>
   <div class='ocr_carea' id='block_1_11' title="bbox 90 1035 3334 1140">
    <p class='ocr_par' dir='ltr' id='par_1_11' title="bbox 90 1035 3334 1140">
     <span class='ocr_line' id='line_1_13' title="bbox 90 1035 3334 1140; baseline -0.001 -19"><span class='ocrx_word' id='word_1_60' title='bbox 90 1064 276 1135; x_wconf 80' lang='lat' dir='ltr'>Idem,</span> <span class='ocrx_word' id='word_1_61' title='bbox 303 1068 362 1120; x_wconf 90' lang='lat' dir='ltr'>V.</span> <span class='ocrx_word' id='word_1_62' title='bbox 385 1065 559 1120; x_wconf 85' lang='lat' dir='ltr'>Niciae</span> <span class='ocrx_word' id='word_1_63' title='bbox 586 1081 711 1138; x_wconf 87' lang='lat' dir='ltr'>cap.</span> <span class='ocrx_word' id='word_1_64' title='bbox 734 1081 767 1116; x_wconf 76' lang='grc' dir='ltr'>α</span> <span class='ocrx_word' id='word_1_65' title='bbox 794 1079 809 1119; x_wconf 92' lang='lat'><strong>:</strong></span> <span class='ocrx_word' id='word_1_66' title='bbox 831 1059 983 1138; x_wconf 79' lang='grc' dir='ltr'>ἴσχυε</span> <span class='ocrx_word' id='word_1_67' title='bbox 1012 1059 1110 1136; x_wconf 78' lang='grc' dir='ltr'>μὲν</span> <span class='ocrx_word' id='word_1_68' title='bbox 1132 1057 1233 1138; x_wconf 78' lang='grc' dir='ltr'>γὰρ</span> <span class='ocrx_word' id='word_1_69' title='bbox 1254 1063 1283 1118; x_wconf 83' lang='grc' dir='ltr'>ὁ</span> <span class='ocrx_word' id='word_1_70' title='bbox 1304 1035 1491 1118; x_wconf 81' lang='grc' dir='ltr'>Κλέων</span> <span class='ocrx_word' id='word_1_71' title='bbox 1512 1057 1671 1136; x_wconf 76' lang='grc' dir='ltr'>μέγα,</span> <span class='ocrx_word' id='word_1_72' title='bbox 1758 1060 1861 1137; x_wconf 79' lang='grc' dir='ltr'>γὰρ</span> <span class='ocrx_word' id='word_1_73' title='bbox 1890 1061 1938 1119; x_wconf 77' lang='grc' dir='ltr'>οἱ</span> <span class='ocrx_word' id='word_1_74' title='bbox 1961 1059 2298 1137; x_wconf 78' lang='grc' dir='ltr'>θεράποντες,</span> <span class='ocrx_word' id='word_1_75' title='bbox 2321 1057 2445 1116; x_wconf 78' lang='grc' dir='ltr'>ὅταν</span> <span class='ocrx_word' id='word_1_76' title='bbox 2470 1057 2669 1140; x_wconf 81' lang='grc' dir='ltr'>Κρόνια</span> <span class='ocrx_word' id='word_1_77' title='bbox 2695 1059 3004 1133; x_wconf 87' lang='grc' dir='ltr'>δειπνῶσιν,</span> <span class='ocrx_word' id='word_1_78' title='bbox 3025 1056 3059 1128; x_wconf 80' lang='grc' dir='ltr'>ἢ</span> <span class='ocrx_word' id='word_1_79' title='bbox 3088 1059 3334 1118; x_wconf 79' lang='grc' dir='ltr'>Διονύσια</span> 
     </span>
    </p>
   </div>
   <div class='ocr_carea' id='block_1_12' title="bbox 86 1147 1667 1315">
    <p class='ocr_par' dir='ltr' id='par_1_12' title="bbox 86 1147 1667 1315">
     <span class='ocr_line' id='line_1_14' title="bbox 86 1147 1667 1228; baseline -0.002 -21"><span class='ocrx_word' id='word_1_80' title='bbox 86 1153 503 1228; x_wconf 82' lang='grc' dir='ltr'>γερονταγωγῶν</span> <span class='ocrx_word' id='word_1_81' title='bbox 524 1147 615 1207; x_wconf 76' lang='grc' dir='ltr'>καὶ</span> <span class='ocrx_word' id='word_1_82' title='bbox 645 1149 1047 1225; x_wconf 80' lang='grc' dir='ltr'>ἀναμισθαρνεῖν</span> <span class='ocrx_word' id='word_1_83' title='bbox 1071 1147 1256 1214; x_wconf 81' lang='grc' dir='ltr'>διδούς.</span> <span class='ocrx_word' id='word_1_84' title='bbox 1278 1149 1512 1222; x_wconf 82' lang='lat' dir='ltr'>Ubique</span> <span class='ocrx_word' id='word_1_85' title='bbox 1544 1163 1667 1204; x_wconf 82' lang='lat' dir='ltr'>ma-</span> 
     </span>
     <span class='ocr_line' id='line_1_15' title="bbox 89 1235 960 1315; baseline 0.005 -22"><span class='ocrx_word' id='word_1_86' title='bbox 89 1242 195 1294; x_wconf 87' lang='lat' dir='ltr'>lim</span> <span class='ocrx_word' id='word_1_87' title='bbox 228 1235 507 1295; x_wconf 79' lang='lat' dir='ltr'>infinitivo</span> <span class='ocrx_word' id='word_1_88' title='bbox 530 1241 960 1315; x_wconf 76' lang='grc' dir='ltr'>γερονταγωγεῖν.</span> 
     </span>
    </p>
   </div>
   <div class='ocr_carea' id='block_1_13' title="bbox 778 1358 995 1420">
    <p class='ocr_par' dir='ltr' id='par_1_13' title="bbox 778 1358 995 1420">
     <span class='ocr_line' id='line_1_16' title="bbox 778 1358 995 1420; baseline 0.023 -5"><span class='ocrx_word' id='word_1_89' title='bbox 778 1359 828 1381; x_wconf 77' lang='grc'>·’</span> <span class='ocrx_word' id='word_1_90' title='bbox 858 1358 995 1420; x_wconf 81' lang='lat'><strong>303.</strong></span> 
     </span>
    </p>
   </div>
   <div class='ocr_carea' id='block_1_14' title="bbox 88 1477 1679 2008">
    <p class='ocr_par' dir='ltr' id='par_1_14' title="bbox 88 1477 1679 2008">
     <span class='ocr_line' id='line_1_17' title="bbox 180 1477 1675 1566; baseline 0 -22"><span class='ocrx_word' id='word_1_91' title='bbox 180 1489 335 1545; x_wconf 88' lang='lat' dir='ltr'>Ibid.</span> <span class='ocrx_word' id='word_1_92' title='bbox 359 1507 421 1563; x_wconf 89' lang='lat' dir='ltr'>p.</span> <span class='ocrx_word' id='word_1_93' title='bbox 459 1486 525 1545; x_wconf 76' lang='lat'>81</span> <span class='ocrx_word' id='word_1_94' title='bbox 546 1507 567 1544; x_wconf 85' lang='grc' dir='ltr'>ι</span> <span class='ocrx_word' id='word_1_95' title='bbox 589 1529 607 1558; x_wconf 92' lang='grc'>,</span> <span class='ocrx_word' id='word_1_96' title='bbox 638 1489 683 1545; x_wconf 87' lang='lat' dir='ltr'><strong>F</strong></span> <span class='ocrx_word' id='word_1_97' title='bbox 708 1507 721 1543; x_wconf 77' lang='grc' dir='ltr'>ι</span> <span class='ocrx_word' id='word_1_98' title='bbox 757 1485 903 1547; x_wconf 80' lang='grc' dir='ltr'>οὐδὲν</span> <span class='ocrx_word' id='word_1_99' title='bbox 939 1477 1029 1546; x_wconf 69' lang='grc' dir='ltr'>οὗν</span> <span class='ocrx_word' id='word_1_100' title='bbox 1056 1485 1245 1546; x_wconf 77' lang='grc' dir='ltr'>τούτου</span> <span class='ocrx_word' id='word_1_101' title='bbox 1272 1485 1605 1566; x_wconf 79' lang='grc' dir='ltr'>διαφέρουσιν</span> <span class='ocrx_word' id='word_1_102' title='bbox 1626 1487 1675 1546; x_wconf 76' lang='grc' dir='ltr'>οἱ</span> 
     </span>
     <span class='ocr_line' id='line_1_18' title="bbox 88 1572 1677 1655; baseline 0.001 -23"><span class='ocrx_word' id='word_1_103' title='bbox 88 1577 229 1653; x_wconf 69' lang='grc' dir='ltr'>πρὸς</span> <span class='ocrx_word' id='word_1_104' title='bbox 244 1583 422 1634; x_wconf 73' lang='grc' dir='ltr'>πᾶσαν</span> <span class='ocrx_word' id='word_1_105' title='bbox 432 1575 785 1654; x_wconf 78' lang='grc' dir='ltr'>ἀποδυόμενοι</span> <span class='ocrx_word' id='word_1_106' title='bbox 793 1572 1065 1646; x_wconf 79' lang='grc' dir='ltr'>πολιτικὴν</span> <span class='ocrx_word' id='word_1_107' title='bbox 1080 1573 1294 1655; x_wconf 72' lang='grc' dir='ltr'>πρᾶξιν,</span> <span class='ocrx_word' id='word_1_108' title='bbox 1311 1575 1447 1634; x_wconf 75' lang='grc' dir='ltr'>ἀλλὰ</span> <span class='ocrx_word' id='word_1_109' title='bbox 1468 1579 1677 1634; x_wconf 76' lang='grc' dir='ltr'>ποιοῦσι</span> 
     </span>
     <span class='ocr_line' id='line_1_19' title="bbox 94 1661 1677 1744; baseline 0.001 -23"><span class='ocrx_word' id='word_1_110' title='bbox 94 1663 374 1742; x_wconf 82' lang='grc' dir='ltr'>μεμπτοὺς</span> <span class='ocrx_word' id='word_1_111' title='bbox 395 1662 604 1730; x_wconf 74' lang='grc' dir='ltr'>ἑαυτοὺς</span> <span class='ocrx_word' id='word_1_112' title='bbox 612 1672 723 1731; x_wconf 85' lang='grc' dir='ltr'>τοῖς</span> <span class='ocrx_word' id='word_1_113' title='bbox 740 1665 977 1738; x_wconf 81' lang='grc' dir='ltr'>πολλοῖς,</span> <span class='ocrx_word' id='word_1_114' title='bbox 994 1665 1239 1744; x_wconf 70' lang='grc' dir='ltr'>ἐπαχθεῖς</span> <span class='ocrx_word' id='word_1_115' title='bbox 1262 1685 1319 1722; x_wconf 79' lang='grc' dir='ltr'>τε</span> <span class='ocrx_word' id='word_1_116' title='bbox 1336 1661 1567 1741; x_wconf 83' lang='grc' dir='ltr'>γίνονται</span> <span class='ocrx_word' id='word_1_117' title='bbox 1586 1663 1677 1722; x_wconf 72' lang='grc' dir='ltr'>καὶ</span> 
     </span>
     <span class='ocr_line' id='line_1_20' title="bbox 92 1751 1675 1834; baseline 0 -22"><span class='ocrx_word' id='word_1_118' title='bbox 92 1757 477 1834; x_wconf 79' lang='grc' dir='ltr'>κατορθοῦντες</span> <span class='ocrx_word' id='word_1_119' title='bbox 508 1753 771 1834; x_wconf 76' lang='grc' dir='ltr'>ἐπίφθονοι</span> <span class='ocrx_word' id='word_1_120' title='bbox 786 1797 803 1825; x_wconf 90' lang='grc'>,</span> <span class='ocrx_word' id='word_1_121' title='bbox 826 1751 926 1812; x_wconf 71' lang='grc' dir='ltr'>κᾶν</span> <span class='ocrx_word' id='word_1_122' title='bbox 965 1755 1233 1832; x_wconf 81' lang='grc' dir='ltr'>σφαλῶσιν</span> <span class='ocrx_word' id='word_1_123' title='bbox 1255 1751 1533 1832; x_wconf 76' lang='grc' dir='ltr'>ἐπίχαρτοι</span> <span class='ocrx_word' id='word_1_124' title='bbox 1547 1798 1563 1829; x_wconf 87' lang='lat'>,</span> <span class='ocrx_word' id='word_1_125' title='bbox 1585 1752 1675 1812; x_wconf 74' lang='grc' dir='ltr'>καὶ</span> 
     </span>
     <span class='ocr_line' id='line_1_21' title="bbox 93 1839 1679 1921; baseline 0 -22"><span class='ocrx_word' id='word_1_126' title='bbox 93 1841 159 1899; x_wconf 81' lang='grc' dir='ltr'>τὸ</span> <span class='ocrx_word' id='word_1_127' title='bbox 204 1839 601 1916; x_wconf 79' lang='grc' dir='ltr'>θαυμαζόμενον</span> <span class='ocrx_word' id='word_1_128' title='bbox 640 1844 813 1900; x_wconf 76' lang='grc' dir='ltr'>αὐτῶν</span> <span class='ocrx_word' id='word_1_129' title='bbox 847 1843 901 1898; x_wconf 75' lang='grc' dir='ltr'>ἔν</span> <span class='ocrx_word' id='word_1_130' title='bbox 944 1843 1085 1921; x_wconf 71' lang='grc' dir='ltr'>ἀρχῇ</span> <span class='ocrx_word' id='word_1_131' title='bbox 1120 1845 1217 1911; x_wconf 74' lang='grc' dir='ltr'>τῆς</span> <span class='ocrx_word' id='word_1_132' title='bbox 1256 1839 1561 1918; x_wconf 67' lang='grc' dir='ltr'>ἕπιμελείας</span> <span class='ocrx_word' id='word_1_133' title='bbox 1608 1845 1679 1908; x_wconf 78' lang='grc' dir='ltr'>εἰς</span> 
     </span>
     <span class='ocr_line' id='line_1_22' title="bbox 92 1928 1358 2008; baseline -0.001 -22"><span class='ocrx_word' id='word_1_134' title='bbox 92 1929 407 2008; x_wconf 76' lang='grc' dir='ltr'>χλευασμὸν</span> <span class='ocrx_word' id='word_1_135' title='bbox 443 1929 717 1988; x_wconf 77' lang='grc' dir='ltr'>ὑπονοστεῖ</span> <span class='ocrx_word' id='word_1_136' title='bbox 744 1928 836 1987; x_wconf 84' lang='grc' dir='ltr'>καὶ</span> <span class='ocrx_word' id='word_1_137' title='bbox 864 1929 1092 2007; x_wconf 79' lang='grc' dir='ltr'>γέλωτα.</span> <span class='ocrx_word' id='word_1_138' title='bbox 1126 1933 1358 1988; x_wconf 75' lang='grc' dir='ltr'>τοιοῦτον</span> 
     </span>
    </p>
   </div>
   <div class='ocr_carea' id='block_1_15' title="bbox 200 2073 1677 2269">
    <p class='ocr_par' dir='ltr' id='par_1_15' title="bbox 200 2073 1677 2269">
     <span class='ocr_line' id='line_1_23' title="bbox 200 2073 1677 2171; baseline 0.001 -27"><span class='ocrx_word' id='word_1_139' title='bbox 200 2073 526 2171; x_wconf 80' lang='grc' dir='ltr'>Μητίοχος</span> <span class='ocrx_word' id='word_1_140' title='bbox 560 2078 667 2169; x_wconf 87' lang='grc' dir='ltr'>μὲν</span> <span class='ocrx_word' id='word_1_141' title='bbox 700 2074 1210 2171; x_wconf 80' lang='grc' dir='ltr'>γὰρ·στρατηγεῖ,</span> <span class='ocrx_word' id='word_1_142' title='bbox 1250 2079 1573 2170; x_wconf 79' lang='grc' dir='ltr'>Μητίοχος</span> <span class='ocrx_word' id='word_1_143' title='bbox 1610 2074 1677 2146; x_wconf 83' lang='grc' dir='ltr'>δὲ</span> 
     </span>
     <span class='ocr_line' id='line_1_24' title="bbox 1324 2177 1677 2269; baseline -0.003 -19"><span class='ocrx_word' id='word_1_144' title='bbox 1324 2181 1434 2261; x_wconf 76' lang='grc' dir='ltr'>τὰς</span> <span class='ocrx_word' id='word_1_145' title='bbox 1460 2177 1635 2262; x_wconf 80' lang='grc' dir='ltr'>ὁδοὺς</span> <span class='ocrx_word' id='word_1_146' title='bbox 1658 2235 1677 2269; x_wconf 87' lang='grc'>,</span> 
     </span>
    </p>
   </div>
   <div class='ocr_carea' id='block_1_16' title="bbox 202 2280 1705 2381">
    <p class='ocr_par' dir='ltr' id='par_1_16' title="bbox 202 2280 1705 2381">
     <span class='ocr_line' id='line_1_25' title="bbox 202 2280 1705 2381; baseline 0.004 -29"><span class='ocrx_word' id='word_1_147' title='bbox 202 2287 529 2380; x_wconf 81' lang='grc' dir='ltr'>Μητίοχος</span> <span class='ocrx_word' id='word_1_148' title='bbox 586 2280 644 2353; x_wconf 79' lang='grc' dir='ltr'>δ’</span> <span class='ocrx_word' id='word_1_149' title='bbox 699 2285 908 2380; x_wconf 77' lang='grc' dir='ltr'>ἄρτους</span> <span class='ocrx_word' id='word_1_150' title='bbox 953 2293 1209 2376; x_wconf 78' lang='grc' dir='ltr'>ἐπωπᾷ,</span> <span class='ocrx_word' id='word_1_151' title='bbox 1262 2290 1567 2381; x_wconf 75' lang='grc' dir='ltr'>Μητίοχος</span> <span class='ocrx_word' id='word_1_152' title='bbox 1612 2283 1705 2364; x_wconf 77' lang='grc' dir='ltr'>δὲ,</span> 
     </span>
    </p>
   </div>
   <div class='ocr_carea' id='block_1_17' title="bbox 202 2392 1683 2699">
    <p class='ocr_par' dir='ltr' id='par_1_17' title="bbox 202 2392 1683 2699">
     <span class='ocr_line' id='line_1_26' title="bbox 1378 2392 1683 2488; baseline -0.003 -25"><span class='ocrx_word' id='word_1_153' title='bbox 1378 2392 1683 2488; x_wconf 74' lang='grc' dir='ltr'>τᾶλφιτα,</span> 
     </span>
     <span class='ocr_line' id='line_1_27' title="bbox 202 2492 1680 2594; baseline 0.002 -29"><span class='ocrx_word' id='word_1_154' title='bbox 202 2497 520 2591; x_wconf 80' lang='grc' dir='ltr'>Μητίοχος</span> <span class='ocrx_word' id='word_1_155' title='bbox 550 2492 616 2565; x_wconf 77' lang='grc' dir='ltr'>δὲ</span> <span class='ocrx_word' id='word_1_156' title='bbox 648 2503 769 2564; x_wconf 79' lang='grc' dir='ltr'>πᾶν</span> <span class='ocrx_word' id='word_1_157' title='bbox 790 2508 1062 2570; x_wconf 77' lang='grc' dir='ltr'>ποιεῖται</span> <span class='ocrx_word' id='word_1_158' title='bbox 1081 2549 1099 2584; x_wconf 88' lang='grc'>,</span> <span class='ocrx_word' id='word_1_159' title='bbox 1148 2501 1463 2594; x_wconf 82' lang='grc' dir='ltr'>Μητίοχος</span> <span class='ocrx_word' id='word_1_160' title='bbox 1502 2494 1563 2568; x_wconf 83' lang='grc' dir='ltr'>δ’</span> <span class='ocrx_word' id='word_1_161' title='bbox 1595 2504 1680 2568; x_wconf 86' lang='lat' dir='ltr'>oi-</span> 
     </span>
     <span class='ocr_line' id='line_1_28' title="bbox 1384 2605 1675 2699; baseline 0.003 -24"><span class='ocrx_word' id='word_1_162' title='bbox 1384 2605 1675 2699; x_wconf 81' lang='grc' dir='ltr'>μώξεται.</span> 
     </span>
    </p>
   </div>
   <div class='ocr_carea' id='block_1_18' title="bbox 99 2751 1685 3027">
    <p class='ocr_par' dir='ltr' id='par_1_18' title="bbox 99 2751 1685 3027">
     <span class='ocr_line' id='line_1_29' title="bbox 99 2751 1685 2850; baseline 0.011 -32"><span class='ocrx_word' id='word_1_163' title='bbox 99 2767 209 2821; x_wconf 78' lang='grc' dir='ltr'>τῶν</span> <span class='ocrx_word' id='word_1_164' title='bbox 244 2761 563 2841; x_wconf 81' lang='grc' dir='ltr'>Περικλέους</span> <span class='ocrx_word' id='word_1_165' title='bbox 592 2754 736 2840; x_wconf 70' lang='grc' dir='ltr'>οὗτος</span> <span class='ocrx_word' id='word_1_166' title='bbox 770 2751 841 2829; x_wconf 78' lang='grc' dir='ltr'>εἷς</span> <span class='ocrx_word' id='word_1_167' title='bbox 871 2756 936 2837; x_wconf 76' lang='grc' dir='ltr'>ἦν</span> <span class='ocrx_word' id='word_1_168' title='bbox 968 2765 1213 2844; x_wconf 79' lang='grc' dir='ltr'>ἑταίρων,</span> <span class='ocrx_word' id='word_1_169' title='bbox 1258 2773 1324 2846; x_wconf 82' lang='grc' dir='ltr'>τῇ</span> <span class='ocrx_word' id='word_1_170' title='bbox 1359 2770 1423 2827; x_wconf 86' lang='grc' dir='ltr'>δι’</span> <span class='ocrx_word' id='word_1_171' title='bbox 1467 2774 1685 2850; x_wconf 76' lang='grc' dir='ltr'>ἐκεῖνον,</span> 
     </span>
     <span class='ocr_line' id='line_1_30' title="bbox 100 2850 1679 2945; baseline 0.009 -36"><span class='ocrx_word' id='word_1_172' title='bbox 100 2860 174 2921; x_wconf 77' lang='grc' dir='ltr'>ὡς</span> <span class='ocrx_word' id='word_1_173' title='bbox 206 2853 345 2914; x_wconf 81' lang='grc' dir='ltr'>ἔοικε</span> <span class='ocrx_word' id='word_1_174' title='bbox 360 2897 377 2923; x_wconf 91' lang='grc'>,</span> <span class='ocrx_word' id='word_1_175' title='bbox 402 2854 623 2928; x_wconf 77' lang='grc' dir='ltr'>δυνάμει</span> <span class='ocrx_word' id='word_1_176' title='bbox 642 2850 912 2934; x_wconf 82' lang='grc' dir='ltr'>χρώμενος</span> <span class='ocrx_word' id='word_1_177' title='bbox 934 2855 1221 2937; x_wconf 77' lang='grc' dir='ltr'>ἐπιφθόνως</span> <span class='ocrx_word' id='word_1_178' title='bbox 1240 2859 1329 2917; x_wconf 78' lang='grc' dir='ltr'>καὶ</span> <span class='ocrx_word' id='word_1_179' title='bbox 1353 2861 1679 2945; x_wconf 80' lang='grc' dir='ltr'>κατακόρως.</span> 
     </span>
     <span class='ocr_line' id='line_1_31' title="bbox 104 2942 1683 3027; baseline 0.013 -36"><span class='ocrx_word' id='word_1_180' title='bbox 104 2970 125 2991; x_wconf 87' lang='grc'>.</span> <span class='ocrx_word' id='word_1_181' title='bbox 162 2942 463 3003; x_wconf 79' lang='lat' dir='ltr'>Notissimi</span> <span class='ocrx_word' id='word_1_182' title='bbox 492 2952 623 2997; x_wconf 89' lang='lat' dir='ltr'>sunt</span> <span class='ocrx_word' id='word_1_183' title='bbox 665 2960 809 3017; x_wconf 88' lang='lat' dir='ltr'>quos</span> <span class='ocrx_word' id='word_1_184' title='bbox 845 2946 1062 3018; x_wconf 75' lang='lat' dir='ltr'>primus</span> <span class='ocrx_word' id='word_1_185' title='bbox 1106 2948 1388 3005; x_wconf 87' lang='lat' dir='ltr'>Porsonus</span> <span class='ocrx_word' id='word_1_186' title='bbox 1426 2952 1481 3006; x_wconf 90' lang='lat' dir='ltr'>in</span> <span class='ocrx_word' id='word_1_187' title='bbox 1524 2956 1683 3027; x_wconf 73' lang='lat' dir='ltr'>praef.</span> 
     </span>
    </p>
   </div>
   <div class='ocr_carea' id='block_1_19' title="bbox 104 3032 1677 3175">
    <p class='ocr_par' dir='ltr' id='par_1_19' title="bbox 104 3032 1677 3175">
     <span class='ocr_line' id='line_1_32' title="bbox 104 3032 1677 3105; baseline 0.006 -16"><span class='ocrx_word' id='word_1_188' title='bbox 104 3032 365 3089; x_wconf 76' lang='lat' dir='ltr'>Hecubae</span> <span class='ocrx_word' id='word_1_189' title='bbox 410 3050 465 3105; x_wconf 84' lang='lat' dir='ltr'>p.</span> <span class='ocrx_word' id='word_1_190' title='bbox 500 3048 641 3087; x_wconf 77' lang='lat' dir='ltr'>xxiv</span> <span class='ocrx_word' id='word_1_191' title='bbox 683 3048 813 3087; x_wconf 88' lang='lat' dir='ltr'>cum</span> <span class='ocrx_word' id='word_1_192' title='bbox 872 3034 957 3089; x_wconf 87' lang='lat' dir='ltr'>his</span> <span class='ocrx_word' id='word_1_193' title='bbox 1003 3036 1300 3092; x_wconf 81' lang='lat' dir='ltr'><strong>contendit</strong></span> <span class='ocrx_word' id='word_1_194' title='bbox 1347 3040 1677 3099; x_wconf 78' lang='lat' dir='ltr'><strong>Archilochi</strong></span> 
     </span>
     <span class='ocr_line' id='line_1_33' title="bbox 106 3136 303 3175; baseline 0.005 -3"><span class='ocrx_word' id='word_1_195' title='bbox 106 3136 303 3175; x_wconf 78' lang='lat' dir='ltr'>versus</span> 
     </span>
    </p>
   </div>
   <div class='ocr_carea' id='block_1_20' title="bbox 190 3258 1692 3521">
    <p class='ocr_par' dir='ltr' id='par_1_20' title="bbox 190 3258 1692 3521">
     <span class='ocr_line' id='line_1_34' title="bbox 242 3258 1689 3349; baseline 0 -30"><span class='ocrx_word' id='word_1_196' title='bbox 242 3265 310 3320; x_wconf 81' lang='grc' dir='ltr'>’ὖν</span> <span class='ocrx_word' id='word_1_197' title='bbox 356 3258 411 3319; x_wconf 83' lang='grc' dir='ltr'>δὲ</span> <span class='ocrx_word' id='word_1_198' title='bbox 466 3260 733 3342; x_wconf 74' lang='grc' dir='ltr'>Λεώφιλος</span> <span class='ocrx_word' id='word_1_199' title='bbox 775 3260 872 3338; x_wconf 85' lang='grc' dir='ltr'>μὲν</span> <span class='ocrx_word' id='word_1_200' title='bbox 926 3261 1116 3343; x_wconf 76' lang='grc' dir='ltr'>ἄρχει,</span> <span class='ocrx_word' id='word_1_201' title='bbox 1166 3265 1435 3349; x_wconf 78' lang='grc' dir='ltr'>Δεώφιλος</span> <span class='ocrx_word' id='word_1_202' title='bbox 1480 3272 1531 3329; x_wconf 80' lang='grc' dir='ltr'>δ’</span> <span class='ocrx_word' id='word_1_203' title='bbox 1579 3272 1689 3331; x_wconf 67' lang='lat' dir='ltr'>tm·</span> 
     </span>
     <span class='ocr_line' id='line_1_35' title="bbox 190 3382 1692 3521; baseline 0.007 -25"><span class='ocrx_word' id='word_1_204' title='bbox 190 3436 460 3516; x_wconf 67' lang='grc' dir='ltr'>Λεωφίλῳ</span> <span class='ocrx_word' id='word_1_205' title='bbox 488 3437 542 3495; x_wconf 78' lang='grc' dir='ltr'>δὲ</span> <span class='ocrx_word' id='word_1_206' title='bbox 572 3436 743 3495; x_wconf 85' lang='grc' dir='ltr'>πάντα</span> <span class='ocrx_word' id='word_1_207' title='bbox 774 3446 943 3497; x_wconf 82' lang='grc' dir='ltr'>κεῖται</span> <span class='ocrx_word' id='word_1_208' title='bbox 960 3483 976 3511; x_wconf 92' lang='grc'>,</span> <span class='ocrx_word' id='word_1_209' title='bbox 1004 3440 1281 3521; x_wconf 80' lang='grc' dir='ltr'>Λεωφίλου</span> <span class='ocrx_word' id='word_1_210' title='bbox 1306 3443 1352 3501; x_wconf 88' lang='grc' dir='ltr'>δ’</span> <span class='ocrx_word' id='word_1_211' title='bbox 1380 3382 1692 3507; x_wconf 36' lang='grc' dir='ltr'>ἀκοέἷῖξιῗι,</span> 
     </span>
    </p>
   </div>
   <div class='ocr_carea' id='block_1_21' title="bbox 104 3570 1695 4537">
    <p class='ocr_par' dir='ltr' id='par_1_21' title="bbox 104 3570 1695 4537">
     <span class='ocr_line' id='line_1_36' title="bbox 106 3570 1693 3643; baseline 0.009 -18"><span class='ocrx_word' id='word_1_212' title='bbox 106 3573 337 3626; x_wconf 76' lang='lat' dir='ltr'>Veteris</span> <span class='ocrx_word' id='word_1_213' title='bbox 356 3570 570 3625; x_wconf 82' lang='lat' dir='ltr'>Comici</span> <span class='ocrx_word' id='word_1_214' title='bbox 592 3570 721 3626; x_wconf 89' lang='lat' dir='ltr'>illos</span> <span class='ocrx_word' id='word_1_215' title='bbox 739 3587 929 3628; x_wconf 79' lang='lat' dir='ltr'>versus</span> <span class='ocrx_word' id='word_1_216' title='bbox 952 3592 1067 3629; x_wconf 88' lang='lat' dir='ltr'>esse</span> <span class='ocrx_word' id='word_1_217' title='bbox 1081 3616 1097 3643; x_wconf 96' lang='lat'>,</span> <span class='ocrx_word' id='word_1_218' title='bbox 1126 3574 1276 3630; x_wconf 89' lang='lat' dir='ltr'>idem</span> <span class='ocrx_word' id='word_1_219' title='bbox 1306 3588 1459 3635; x_wconf 87' lang='lat' dir='ltr'>recte</span> <span class='ocrx_word' id='word_1_220' title='bbox 1478 3586 1693 3641; x_wconf 84' lang='lat' dir='ltr'><strong>statuit.</strong></span> 
     </span>
     <span class='ocr_line' id='line_1_37' title="bbox 104 3660 1691 3742; baseline 0.01 -29"><span class='ocrx_word' id='word_1_221' title='bbox 104 3660 459 3731; x_wconf 80' lang='lat' dir='ltr'><strong>Quanquam</strong></span> <span class='ocrx_word' id='word_1_222' title='bbox 490 3673 597 3715; x_wconf 84' lang='lat' dir='ltr'>nec</span> <span class='ocrx_word' id='word_1_223' title='bbox 637 3660 1093 3734; x_wconf 79' lang='lat' dir='ltr'>improbabiliter</span> <span class='ocrx_word' id='word_1_224' title='bbox 1121 3662 1517 3742; x_wconf 83' lang='lat' dir='ltr'>Bernhardyus</span> <span class='ocrx_word' id='word_1_225' title='bbox 1550 3674 1691 3732; x_wconf 77' lang='lat' dir='ltr'>nist.</span> 
     </span>
     <span class='ocr_line' id='line_1_38' title="bbox 104 3746 1693 3832; baseline 0.009 -30"><span class='ocrx_word' id='word_1_226' title='bbox 104 3750 213 3803; x_wconf 84' lang='lat' dir='ltr'>litt.</span> <span class='ocrx_word' id='word_1_227' title='bbox 249 3766 427 3821; x_wconf 75' lang='lat' dir='ltr'>graec.</span> <span class='ocrx_word' id='word_1_228' title='bbox 456 3766 515 3821; x_wconf 87' lang='lat' dir='ltr'>p.</span> <span class='ocrx_word' id='word_1_229' title='bbox 555 3746 657 3817; x_wconf 82' lang='lat'>53,</span> <span class='ocrx_word' id='word_1_230' title='bbox 689 3767 795 3823; x_wconf 87' lang='lat' dir='ltr'>pro</span> <span class='ocrx_word' id='word_1_231' title='bbox 848 3751 1117 3824; x_wconf 85' lang='lat' dir='ltr'>populari</span> <span class='ocrx_word' id='word_1_232' title='bbox 1179 3756 1460 3813; x_wconf 78' lang='lat' dir='ltr'>cantilena</span> <span class='ocrx_word' id='word_1_233' title='bbox 1490 3760 1693 3832; x_wconf 87' lang='lat' dir='ltr'>habet,</span> 
     </span>
     <span class='ocr_line' id='line_1_39' title="bbox 108 3834 1695 3909; baseline 0.011 -21"><span class='ocrx_word' id='word_1_234' title='bbox 108 3834 409 3907; x_wconf 86' lang='lat' dir='ltr'>qualibus,</span> <span class='ocrx_word' id='word_1_235' title='bbox 430 3836 739 3909; x_wconf 68' lang='lat' dir='ltr'>pra-sertim</span> <span class='ocrx_word' id='word_1_236' title='bbox 753 3840 1197 3909; x_wconf 82' lang='lat' dir='ltr'>contumeliosis,</span> <span class='ocrx_word' id='word_1_237' title='bbox 1225 3842 1501 3903; x_wconf 80' lang='lat' dir='ltr'>trochaici</span> <span class='ocrx_word' id='word_1_238' title='bbox 1524 3860 1695 3905; x_wconf 84' lang='lat' dir='ltr'>tetra·</span> 
     </span>
     <span class='ocr_line' id='line_1_40' title="bbox 110 3922 1691 4001; baseline 0.011 -24"><span class='ocrx_word' id='word_1_239' title='bbox 110 3924 285 3978; x_wconf 87' lang='lat' dir='ltr'>metri</span> <span class='ocrx_word' id='word_1_240' title='bbox 318 3932 377 3976; x_wconf 88' lang='lat' dir='ltr'>et</span> <span class='ocrx_word' id='word_1_241' title='bbox 403 3923 673 3997; x_wconf 83' lang='lat' dir='ltr'>aptissimi</span> <span class='ocrx_word' id='word_1_242' title='bbox 713 3938 877 4000; x_wconf 86' lang='lat' dir='ltr'>sunt,</span> <span class='ocrx_word' id='word_1_243' title='bbox 909 3938 965 3981; x_wconf 86' lang='lat' dir='ltr'>et</span> <span class='ocrx_word' id='word_1_244' title='bbox 989 3922 1273 4001; x_wconf 81' lang='lat' dir='ltr'>frequenti</span> <span class='ocrx_word' id='word_1_245' title='bbox 1294 3951 1397 3987; x_wconf 89' lang='lat' dir='ltr'>usu</span> <span class='ocrx_word' id='word_1_246' title='bbox 1421 3932 1577 3993; x_wconf 77' lang='lat' dir='ltr'>suere</span> <span class='ocrx_word' id='word_1_247' title='bbox 1609 3950 1691 3993; x_wconf 90' lang='lat' dir='ltr'>at·</span> 
     </span>
     <span class='ocr_line' id='line_1_41' title="bbox 109 4010 1691 4091; baseline 0.011 -27"><span class='ocrx_word' id='word_1_248' title='bbox 109 4010 444 4084; x_wconf 86' lang='lat' dir='ltr'>temperati.</span> <span class='ocrx_word' id='word_1_249' title='bbox 472 4012 557 4066; x_wconf 87' lang='lat' dir='ltr'>De</span> <span class='ocrx_word' id='word_1_250' title='bbox 586 4010 873 4068; x_wconf 83' lang='lat' dir='ltr'>Metiocho</span> <span class='ocrx_word' id='word_1_251' title='bbox 905 4015 995 4069; x_wconf 86' lang='lat' dir='ltr'>vel</span> <span class='ocrx_word' id='word_1_252' title='bbox 1032 4016 1311 4091; x_wconf 83' lang='lat' dir='ltr'>Meticho,</span> <span class='ocrx_word' id='word_1_253' title='bbox 1358 4020 1587 4080; x_wconf 86' lang='lat' dir='ltr'>Periclis</span> <span class='ocrx_word' id='word_1_254' title='bbox 1616 4028 1691 4083; x_wconf 86' lang='lat' dir='ltr'>fa·</span> 
     </span>
     <span class='ocr_line' id='line_1_42' title="bbox 110 4096 1693 4187; baseline 0.013 -36"><span class='ocrx_word' id='word_1_255' title='bbox 110 4098 366 4167; x_wconf 74' lang='lat' dir='ltr'>miliari,</span> <span class='ocrx_word' id='word_1_256' title='bbox 418 4096 737 4173; x_wconf 84' lang='lat' dir='ltr'>eodemque</span> <span class='ocrx_word' id='word_1_257' title='bbox 789 4102 1099 4159; x_wconf 86' lang='lat' dir='ltr'>architecto</span> <span class='ocrx_word' id='word_1_258' title='bbox 1120 4147 1137 4175; x_wconf 97' lang='lat'>,</span> <span class='ocrx_word' id='word_1_259' title='bbox 1204 4106 1336 4165; x_wconf 83' lang='lat' dir='ltr'>vide</span> <span class='ocrx_word' id='word_1_260' title='bbox 1394 4112 1693 4187; x_wconf 87' lang='lat' dir='ltr'>Bergkium</span> 
     </span>
     <span class='ocr_line' id='line_1_43' title="bbox 108 4190 1691 4273; baseline 0.014 -32"><span class='ocrx_word' id='word_1_261' title='bbox 108 4190 467 4244; x_wconf 87' lang='lat' dir='ltr'>Commentt.</span> <span class='ocrx_word' id='word_1_262' title='bbox 502 4205 563 4262; x_wconf 93' lang='lat' dir='ltr'>p.</span> <span class='ocrx_word' id='word_1_263' title='bbox 603 4206 694 4257; x_wconf 80' lang='grc' dir='ltr'>ιι,</span> <span class='ocrx_word' id='word_1_264' title='bbox 722 4200 779 4245; x_wconf 87' lang='lat' dir='ltr'>et</span> <span class='ocrx_word' id='word_1_265' title='bbox 796 4190 1155 4253; x_wconf 83' lang='lat' dir='ltr'>Schoemann.</span> <span class='ocrx_word' id='word_1_266' title='bbox 1180 4194 1263 4253; x_wconf 88' lang='lat' dir='ltr'>De</span> <span class='ocrx_word' id='word_1_267' title='bbox 1296 4201 1481 4255; x_wconf 85' lang='lat' dir='ltr'>sortit.</span> <span class='ocrx_word' id='word_1_268' title='bbox 1508 4201 1691 4273; x_wconf 86' lang='lat' dir='ltr'>judic.</span> 
     </span>
     <span class='ocr_line' id='line_1_44' title="bbox 110 4274 1691 4355; baseline 0.017 -31"><span class='ocrx_word' id='word_1_269' title='bbox 110 4294 173 4347; x_wconf 83' lang='lat' dir='ltr'>p.</span> <span class='ocrx_word' id='word_1_270' title='bbox 216 4284 323 4339; x_wconf 74' lang='lat'>40.</span> <span class='ocrx_word' id='word_1_271' title='bbox 355 4277 423 4333; x_wconf 85' lang='lat' dir='ltr'>V.</span> <span class='ocrx_word' id='word_1_272' title='bbox 466 4295 487 4331; x_wconf 89' lang='lat'>1</span> <span class='ocrx_word' id='word_1_273' title='bbox 535 4274 637 4355; x_wconf 74' lang='grc' dir='ltr'>γὰρ</span> <span class='ocrx_word' id='word_1_274' title='bbox 678 4277 939 4335; x_wconf 83' lang='lat' dir='ltr'>additum</span> <span class='ocrx_word' id='word_1_275' title='bbox 979 4300 1008 4335; x_wconf 87' lang='lat' dir='ltr'>a</span> <span class='ocrx_word' id='word_1_276' title='bbox 1040 4283 1313 4343; x_wconf 86' lang='lat' dir='ltr'>Porson0.</span> <span class='ocrx_word' id='word_1_277' title='bbox 1339 4291 1407 4349; x_wconf 86' lang='lat' dir='ltr'>V.</span> <span class='ocrx_word' id='word_1_278' title='bbox 1448 4310 1481 4345; x_wconf 75' lang='grc' dir='ltr'>α</span> <span class='ocrx_word' id='word_1_279' title='bbox 1517 4293 1691 4352; x_wconf 87' lang='lat' dir='ltr'>codd.</span> 
     </span>
     <span class='ocr_line' id='line_1_45' title="bbox 110 4362 1671 4450; baseline 0.009 -33"><span class='ocrx_word' id='word_1_280' title='bbox 110 4362 362 4441; x_wconf 76' lang='grc' dir='ltr'>ἐποπτᾷ,</span> <span class='ocrx_word' id='word_1_281' title='bbox 392 4364 553 4436; x_wconf 86' lang='lat' dir='ltr'>quod</span> <span class='ocrx_word' id='word_1_282' title='bbox 596 4384 715 4421; x_wconf 88' lang='lat' dir='ltr'>non</span> <span class='ocrx_word' id='word_1_283' title='bbox 739 4366 943 4425; x_wconf 85' lang='lat' dir='ltr'>dubito</span> <span class='ocrx_word' id='word_1_284' title='bbox 982 4372 1123 4443; x_wconf 85' lang='lat' dir='ltr'>quin</span> <span class='ocrx_word' id='word_1_285' title='bbox 1150 4388 1485 4450; x_wconf 86' lang='lat' dir='ltr'>corruptum</span> <span class='ocrx_word' id='word_1_286' title='bbox 1515 4380 1606 4439; x_wconf 85' lang='lat' dir='ltr'>sit.</span> <span class='ocrx_word' id='word_1_287' title='bbox 1648 4406 1671 4431; x_wconf 69' lang='grc' dir='ltr'>ι»</span> 
     </span>
     <span class='ocr_line' id='line_1_46' title="bbox 108 4453 1695 4537; baseline 0.014 -32"><span class='ocrx_word' id='word_1_288' title='bbox 108 4453 297 4510; x_wconf 78' lang='lat' dir='ltr'>Mee&#39;n.</span> <span class='ocrx_word' id='word_1_289' title='bbox 334 4455 540 4508; x_wconf 87' lang='lat' dir='ltr'>Verum</span> <span class='ocrx_word' id='word_1_290' title='bbox 562 4454 715 4511; x_wconf 87' lang='lat' dir='ltr'>haud</span> <span class='ocrx_word' id='word_1_291' title='bbox 736 4454 911 4513; x_wconf 89' lang='lat' dir='ltr'>dubie</span> <span class='ocrx_word' id='word_1_292' title='bbox 926 4457 1136 4537; x_wconf 75' lang='grc' dir='ltr'>ἐπωπᾷ,</span> <span class='ocrx_word' id='word_1_293' title='bbox 1153 4465 1393 4521; x_wconf 81' lang='lat' dir='ltr'>verbum</span> <span class='ocrx_word' id='word_1_294' title='bbox 1410 4479 1608 4525; x_wconf 84' lang='lat' dir='ltr'>notum</span> <span class='ocrx_word' id='word_1_295' title='bbox 1628 4490 1695 4527; x_wconf 79' lang='lat' dir='ltr'>ex</span> 
     </span>
    </p>
   </div>
   <div class='ocr_carea' id='block_1_22' title="bbox 114 4540 1689 4628">
    <p class='ocr_par' dir='ltr' id='par_1_22' title="bbox 114 4540 1689 4628">
     <span class='ocr_line' id='line_1_47' title="bbox 114 4540 1689 4628; baseline 0.017 -37"><span class='ocrx_word' id='word_1_296' title='bbox 114 4540 416 4613; x_wconf 73' lang='lat' dir='ltr'>AEschylo,</span> <span class='ocrx_word' id='word_1_297' title='bbox 452 4551 509 4597; x_wconf 86' lang='lat' dir='ltr'>et</span> <span class='ocrx_word' id='word_1_298' title='bbox 530 4560 589 4600; x_wconf 75' lang='lat' dir='ltr'>v,</span> <span class='ocrx_word' id='word_1_299' title='bbox 625 4542 658 4597; x_wconf 84' lang='lat'>3</span> <span class='ocrx_word' id='word_1_300' title='bbox 686 4546 889 4619; x_wconf 83' lang='lat' dir='ltr'>scripsi</span> <span class='ocrx_word' id='word_1_301' title='bbox 915 4554 1022 4604; x_wconf 78' lang='grc' dir='ltr'>πᾶν</span> <span class='ocrx_word' id='word_1_302' title='bbox 1046 4556 1276 4608; x_wconf 79' lang='grc' dir='ltr'>ποιεῖται</span> <span class='ocrx_word' id='word_1_303' title='bbox 1300 4574 1408 4628; x_wconf 84' lang='lat' dir='ltr'>pro</span> <span class='ocrx_word' id='word_1_304' title='bbox 1433 4555 1603 4613; x_wconf 83' lang='grc' dir='ltr'>πάντα</span> <span class='ocrx_word' id='word_1_305' title='bbox 1634 4582 1689 4619; x_wconf 85' lang='grc' dir='ltr'>π.</span> 
     </span>
    </p>
   </div>
   <div class='ocr_carea' id='block_1_23' title="bbox 127 4656 379 4666">
    <p class='ocr_par' dir='ltr' id='par_1_23' title="bbox 127 4656 379 4666">
     <span class='ocr_line' id='line_1_48' title="bbox 127 4656 379 4666; baseline 0.008 -5"><span class='ocrx_word' id='word_1_306' title='bbox 127 4656 379 4666; x_wconf 49' lang='lat' dir='ltr'>..-m—.—</span> 
     </span>
    </p>
   </div>
   <div class='ocr_carea' id='block_1_24' title="bbox 392 4659 625 4670">
    <p class='ocr_par' dir='ltr' id='par_1_24' title="bbox 392 4659 625 4670">
     <span class='ocr_line' id='line_1_49' title="bbox 392 4659 625 4670; baseline 0 1180"><span class='ocrx_word' id='word_1_307' title='bbox 392 4659 625 4670; x_wconf 95' lang='lat' dir='ltr'> </span> 
     </span>
    </p>
   </div>
   <div class='ocr_carea' id='block_1_25' title="bbox 626 4664 1152 4677">
    <p class='ocr_par' dir='ltr' id='par_1_25' title="bbox 626 4664 1152 4677">
     <span class='ocr_line' id='line_1_50' title="bbox 626 4664 1152 4677; baseline 0.015 -8"><span class='ocrx_word' id='word_1_308' title='bbox 626 4664 760 4671; x_wconf 63' lang='lat'>——0</span> <span class='ocrx_word' id='word_1_309' title='bbox 782 4666 847 4673; x_wconf 73' lang='lat'>—-.</span> <span class='ocrx_word' id='word_1_310' title='bbox 902 4666 1034 4675; x_wconf 43' lang='lat' dir='ltr'>*ma—.-</span> <span class='ocrx_word' id='word_1_311' title='bbox 1050 4670 1152 4677; x_wconf 81' lang='lat'>——</span> 
     </span>
    </p>
   </div>
   <div class='ocr_carea' id='block_1_26' title="bbox 1298 4672 1655 4686">
    <p class='ocr_par' dir='ltr' id='par_1_26' title="bbox 1298 4672 1655 4686">
     <span class='ocr_line' id='line_1_51' title="bbox 1298 4672 1655 4686; baseline 0 1164"><span class='ocrx_word' id='word_1_312' title='bbox 1298 4672 1655 4686; x_wconf 95' lang='lat' dir='ltr'> </span> 
     </span>
    </p>
   </div>
   <div class='ocr_carea' id='block_1_27' title="bbox 112 4716 1529 5132">
    <p class='ocr_par' dir='ltr' id='par_1_27' title="bbox 112 4716 1344 4869">
     <span class='ocr_line' id='line_1_52' title="bbox 860 4716 986 4766; baseline 0.008 -1"><span class='ocrx_word' id='word_1_313' title='bbox 860 4716 893 4765; x_wconf 75' lang='lat'><strong>3</strong></span> <span class='ocrx_word' id='word_1_314' title='bbox 934 4716 986 4766; x_wconf 81' lang='lat'>2.</span> 
     </span>
     <span class='ocr_line' id='line_1_53' title="bbox 112 4718 1344 4869; baseline 0.014 -29"><span class='ocrx_word' id='word_1_315' title='bbox 112 4790 325 4841; x_wconf 79' lang='lat' dir='ltr'>Senem</span> <span class='ocrx_word' id='word_1_316' title='bbox 357 4788 471 4853; x_wconf 81' lang='lat' dir='ltr'>(se)</span> <span class='ocrx_word' id='word_1_317' title='bbox 492 4789 693 4849; x_wconf 83' lang='lat' dir='ltr'>ducere</span> <span class='ocrx_word' id='word_1_318' title='bbox 718 4802 773 4850; x_wconf 87' lang='lat' dir='ltr'>et</span> <span class='ocrx_word' id='word_1_319' title='bbox 796 4718 988 4852; x_wconf 56' lang='lat' dir='ltr'>megan-i</span> <span class='ocrx_word' id='word_1_320' title='bbox 1012 4800 1344 4869; x_wconf 84' lang='lat' dir='ltr'>permittens.</span> 
     </span>
    </p>

    <p class='ocr_par' dir='ltr' id='par_1_28' title="bbox 118 4888 1529 5132">
     <span class='ocr_line' id='line_1_54' title="bbox 860 4888 984 4939; baseline 0 0"><span class='ocrx_word' id='word_1_321' title='bbox 860 4888 984 4939; x_wconf 76' lang='lat'>803.</span> 
     </span>
     <span class='ocr_line' id='line_1_55' title="bbox 118 4960 1491 5041; baseline 0.012 -24"><span class='ocrx_word' id='word_1_322' title='bbox 118 4960 445 5018; x_wconf 82' lang='lat' dir='ltr'>Metiochus</span> <span class='ocrx_word' id='word_1_323' title='bbox 474 4965 618 5019; x_wconf 87' lang='lat' dir='ltr'>enim</span> <span class='ocrx_word' id='word_1_324' title='bbox 646 4966 759 5023; x_wconf 86' lang='lat' dir='ltr'>dux</span> <span class='ocrx_word' id='word_1_325' title='bbox 778 4978 895 5035; x_wconf 84' lang='lat' dir='ltr'>est,</span> <span class='ocrx_word' id='word_1_326' title='bbox 926 4980 981 5029; x_wconf 87' lang='lat' dir='ltr'>et</span> <span class='ocrx_word' id='word_1_327' title='bbox 1009 4972 1318 5031; x_wconf 72' lang='lat' dir='ltr'>Metioclius</span> <span class='ocrx_word' id='word_1_328' title='bbox 1348 4978 1491 5041; x_wconf 78' lang='lat' dir='ltr'>vias,</span> 
     </span>
     <span class='ocr_line' id='line_1_56' title="bbox 124 5046 1529 5132; baseline 0.013 -31"><span class='ocrx_word' id='word_1_329' title='bbox 124 5046 439 5104; x_wconf 77' lang='lat' dir='ltr'>Metiochus</span> <span class='ocrx_word' id='word_1_330' title='bbox 468 5064 634 5121; x_wconf 80' lang='lat' dir='ltr'>panes</span> <span class='ocrx_word' id='word_1_331' title='bbox 662 5063 849 5122; x_wconf 83' lang='lat' dir='ltr'>curat,</span> <span class='ocrx_word' id='word_1_332' title='bbox 880 5057 1193 5117; x_wconf 82' lang='lat' dir='ltr'>Metioehus</span> <span class='ocrx_word' id='word_1_333' title='bbox 1224 5061 1495 5132; x_wconf 78' lang='lat' dir='ltr'>polentam</span> <span class='ocrx_word' id='word_1_334' title='bbox 1515 5104 1529 5129; x_wconf 92' lang='lat'>‚</span> 
     </span>
    </p>
   </div>
   <div class='ocr_carea' id='block_1_28' title="bbox 1759 1144 3360 4141">
    <p class='ocr_par' dir='ltr' id='par_1_29' title="bbox 1759 1144 3335 1400">
     <span class='ocr_line' id='line_1_57' title="bbox 1759 1144 3334 1226; baseline 0.001 -21"><span class='ocrx_word' id='word_1_335' title='bbox 1759 1149 1877 1206; x_wconf 84' lang='grc' dir='ltr'>κατ’</span> <span class='ocrx_word' id='word_1_336' title='bbox 1913 1147 2071 1226; x_wconf 75' lang='grc' dir='ltr'>ἀγρὸν</span> <span class='ocrx_word' id='word_1_337' title='bbox 2103 1144 2273 1224; x_wconf 78' lang='grc' dir='ltr'>ἄγωσι</span> <span class='ocrx_word' id='word_1_338' title='bbox 2291 1191 2309 1224; x_wconf 92' lang='grc'>,</span> <span class='ocrx_word' id='word_1_339' title='bbox 2339 1146 2657 1225; x_wconf 76' lang='grc' dir='ltr'>περιιόντες,</span> <span class='ocrx_word' id='word_1_340' title='bbox 2679 1147 2774 1205; x_wconf 81' lang='grc' dir='ltr'>οὐκ</span> <span class='ocrx_word' id='word_1_341' title='bbox 2802 1145 2864 1204; x_wconf 76' lang='grc' dir='ltr'>ἂν</span> <span class='ocrx_word' id='word_1_342' title='bbox 2895 1146 3068 1202; x_wconf 81' lang='grc' dir='ltr'>αὐτῶν</span> <span class='ocrx_word' id='word_1_343' title='bbox 3093 1147 3180 1205; x_wconf 80' lang='grc' dir='ltr'>τὸν</span> <span class='ocrx_word' id='word_1_344' title='bbox 3211 1145 3334 1206; x_wconf 78' lang='grc' dir='ltr'>ὄλο-</span> 
     </span>
     <span class='ocr_line' id='line_1_58' title="bbox 1763 1233 3335 1314; baseline 0.001 -22"><span class='ocrx_word' id='word_1_345' title='bbox 1763 1235 1961 1312; x_wconf 87' lang='grc' dir='ltr'>λυγμὸν</span> <span class='ocrx_word' id='word_1_346' title='bbox 1981 1233 2289 1310; x_wconf 72' lang='grc' dir='ltr'>ὑπομείναις</span> <span class='ocrx_word' id='word_1_347' title='bbox 2325 1233 2420 1291; x_wconf 83' lang='grc' dir='ltr'>καὶ</span> <span class='ocrx_word' id='word_1_348' title='bbox 2439 1233 2526 1292; x_wconf 81' lang='grc' dir='ltr'>τὸν</span> <span class='ocrx_word' id='word_1_349' title='bbox 2561 1233 2798 1312; x_wconf 77' lang='grc' dir='ltr'>θόρυὸον,</span> <span class='ocrx_word' id='word_1_350' title='bbox 2826 1233 2928 1292; x_wconf 78' lang='grc' dir='ltr'>ὑπὸ</span> <span class='ocrx_word' id='word_1_351' title='bbox 2948 1238 3220 1314; x_wconf 80' lang='grc' dir='ltr'>χαρμονῆς</span> <span class='ocrx_word' id='word_1_352' title='bbox 3245 1235 3335 1294; x_wconf 71' lang='grc' dir='ltr'>καὶ</span> 
     </span>
     <span class='ocr_line' id='line_1_59' title="bbox 1762 1319 3215 1400; baseline 0.001 -22"><span class='ocrx_word' id='word_1_353' title='bbox 1762 1321 2140 1396; x_wconf 74' lang='grc' dir='ltr'>ἀπειροκαλίας</span> <span class='ocrx_word' id='word_1_354' title='bbox 2157 1325 2370 1381; x_wconf 78' lang='grc' dir='ltr'>τοιαῦτα</span> <span class='ocrx_word' id='word_1_355' title='bbox 2401 1321 2691 1380; x_wconf 64' lang='grc' dir='ltr'>ποιούντων</span> <span class='ocrx_word' id='word_1_356' title='bbox 2717 1321 2806 1377; x_wconf 76' lang='grc' dir='ltr'>καὶ</span> <span class='ocrx_word' id='word_1_357' title='bbox 2831 1319 3215 1400; x_wconf 81' lang='grc' dir='ltr'>φθεγγομένων·</span> 
     </span>
    </p>

    <p class='ocr_par' dir='ltr' id='par_1_30' title="bbox 1868 1433 3118 1530">
     <span class='ocr_line' id='line_1_60' title="bbox 1868 1433 3118 1530; baseline 0.001 -30"><span class='ocrx_word' id='word_1_358' title='bbox 1868 1465 1904 1500; x_wconf 78' lang='grc' dir='ltr'>α</span> <span class='ocrx_word' id='word_1_359' title='bbox 1936 1433 2018 1502; x_wconf 89' lang='grc' dir='ltr'>Τί</span> <span class='ocrx_word' id='word_1_360' title='bbox 2044 1433 2151 1502; x_wconf 83' lang='grc' dir='ltr'>καὶ</span> <span class='ocrx_word' id='word_1_361' title='bbox 2177 1435 2375 1530; x_wconf 54' lang='lat' dir='ltr'>adom</span> <span class='ocrx_word' id='word_1_362' title='bbox 2413 1436 2679 1528; x_wconf 85' lang='grc' dir='ltr'>πίωμεν·</span> <span class='ocrx_word' id='word_1_363' title='bbox 2717 1442 2782 1502; x_wconf 83' lang='grc' dir='ltr'>οὐ</span> <span class='ocrx_word' id='word_1_364' title='bbox 2813 1435 2918 1502; x_wconf 85' lang='grc' dir='ltr'>καὶ</span> <span class='ocrx_word' id='word_1_365' title='bbox 2947 1435 3118 1502; x_wconf 85' lang='grc' dir='ltr'>σιτία</span> 
     </span>
    </p>

    <p class='ocr_par' dir='ltr' id='par_1_31' title="bbox 1859 1537 3272 1636">
     <span class='ocr_line' id='line_1_61' title="bbox 1859 1537 3272 1636; baseline -0.004 -26"><span class='ocrx_word' id='word_1_366' title='bbox 1859 1542 2175 1636; x_wconf 81' lang='grc' dir='ltr'>πάρεστιν,</span> <span class='ocrx_word' id='word_1_367' title='bbox 2207 1540 2257 1609; x_wconf 83' lang='grc' dir='ltr'><strong>ὦ</strong></span> <span class='ocrx_word' id='word_1_368' title='bbox 2289 1537 2587 1628; x_wconf 67' lang='grc' dir='ltr'>δόστηνες</span> <span class='ocrx_word' id='word_1_369' title='bbox 2627 1548 2708 1636; x_wconf 82' lang='grc' dir='ltr'>μὴ</span> <span class='ocrx_word' id='word_1_370' title='bbox 2738 1554 2944 1629; x_wconf 85' lang='grc' dir='ltr'>σαυτῷ</span> <span class='ocrx_word' id='word_1_371' title='bbox 2973 1543 3196 1634; x_wconf 85' lang='grc' dir='ltr'>φθόνει.</span> <span class='ocrx_word' id='word_1_372' title='bbox 3241 1575 3272 1604; x_wconf 74' lang='grc' dir='ltr'>υ</span> 
     </span>
    </p>

    <p class='ocr_par' dir='ltr' id='par_1_32' title="bbox 1862 1640 3097 1741">
     <span class='ocr_line' id='line_1_62' title="bbox 1862 1640 3097 1741; baseline -0.001 -26"><span class='ocrx_word' id='word_1_373' title='bbox 1862 1649 1942 1715; x_wconf 89' lang='grc' dir='ltr'>Οἱ</span> <span class='ocrx_word' id='word_1_374' title='bbox 1971 1642 2032 1713; x_wconf 79' lang='grc' dir='ltr'>δ’</span> <span class='ocrx_word' id='word_1_375' title='bbox 2066 1649 2227 1726; x_wconf 77' lang='grc' dir='ltr'>εὐθὺς</span> <span class='ocrx_word' id='word_1_376' title='bbox 2255 1647 2598 1734; x_wconf 67' lang='grc' dir='ltr'>ἠλάλαξαν,</span> <span class='ocrx_word' id='word_1_377' title='bbox 2635 1651 2692 1714; x_wconf 79' lang='grc' dir='ltr'>ἑν</span> <span class='ocrx_word' id='word_1_378' title='bbox 2728 1640 2792 1715; x_wconf 80' lang='grc' dir='ltr'>δ’</span> <span class='ocrx_word' id='word_1_379' title='bbox 2831 1649 3097 1741; x_wconf 81' lang='grc' dir='ltr'>ἐκίρνατο</span> 
     </span>
    </p>

    <p class='ocr_par' dir='ltr' id='par_1_33' title="bbox 1770 1747 3339 1954">
     <span class='ocr_line' id='line_1_63' title="bbox 1862 1747 3177 1847; baseline -0.002 -27"><span class='ocrx_word' id='word_1_380' title='bbox 1862 1749 2044 1831; x_wconf 84' lang='grc' dir='ltr'>οἶνος·</span> <span class='ocrx_word' id='word_1_381' title='bbox 2084 1748 2270 1846; x_wconf 78' lang='grc' dir='ltr'>φέρων</span> <span class='ocrx_word' id='word_1_382' title='bbox 2299 1747 2366 1821; x_wconf 82' lang='grc' dir='ltr'>δὲ</span> <span class='ocrx_word' id='word_1_383' title='bbox 2401 1758 2687 1847; x_wconf 77' lang='grc' dir='ltr'>στέφανον</span> <span class='ocrx_word' id='word_1_384' title='bbox 2716 1753 3024 1846; x_wconf 80' lang='grc' dir='ltr'>ἀμφέθηκέ</span> <span class='ocrx_word' id='word_1_385' title='bbox 3049 1779 3144 1830; x_wconf 89' lang='grc' dir='ltr'>τις</span> <span class='ocrx_word' id='word_1_386' title='bbox 3163 1775 3177 1790; x_wconf 95' lang='grc'><em>·</em></span> 
     </span>
     <span class='ocr_line' id='line_1_64' title="bbox 1770 1849 3339 1954; baseline -0.001 -28"><span class='ocrx_word' id='word_1_387' title='bbox 1770 1849 1809 1926; x_wconf 84' lang='grc'><em>5</em></span> <span class='ocrx_word' id='word_1_388' title='bbox 1862 1864 2108 1951; x_wconf 80' lang='grc' dir='ltr'>ὑμνεῖτο</span> <span class='ocrx_word' id='word_1_389' title='bbox 2157 1850 2216 1925; x_wconf 82' lang='grc' dir='ltr'>δ’</span> <span class='ocrx_word' id='word_1_390' title='bbox 2250 1861 2512 1954; x_wconf 84' lang='grc' dir='ltr'>αἰσχρῶς</span> <span class='ocrx_word' id='word_1_391' title='bbox 2551 1866 2758 1927; x_wconf 83' lang='grc' dir='ltr'>κλῶνα</span> <span class='ocrx_word' id='word_1_392' title='bbox 2803 1861 2946 1954; x_wconf 88' lang='grc' dir='ltr'>πρὸς</span> <span class='ocrx_word' id='word_1_393' title='bbox 2993 1860 3179 1926; x_wconf 85' lang='grc' dir='ltr'>καλὸν</span> <span class='ocrx_word' id='word_1_394' title='bbox 3225 1851 3339 1924; x_wconf 81' lang='grc' dir='ltr'>δοί-</span> 
     </span>
    </p>

    <p class='ocr_par' dir='ltr' id='par_1_34' title="bbox 3197 1991 3342 2057">
     <span class='ocr_line' id='line_1_65' title="bbox 3197 1991 3342 2057; baseline 0.021 -18"><span class='ocrx_word' id='word_1_395' title='bbox 3197 1991 3342 2057; x_wconf 51' lang='lat' dir='ltr'>PU&lt;</span> 
     </span>
    </p>

    <p class='ocr_par' dir='ltr' id='par_1_35' title="bbox 1864 2062 3160 2163">
     <span class='ocr_line' id='line_1_66' title="bbox 1864 2062 3160 2163; baseline 0 -27"><span class='ocrx_word' id='word_1_396' title='bbox 1864 2066 1897 2101; x_wconf 73' lang='lat'>‘⁸‘</span> <span class='ocrx_word' id='word_1_397' title='bbox 1925 2075 1958 2136; x_wconf 84' lang='grc' dir='ltr'><strong>ὁ</strong></span> <span class='ocrx_word' id='word_1_398' title='bbox 1984 2066 2194 2148; x_wconf 61' lang='grc' dir='ltr'>Φοῖῧος</span> <span class='ocrx_word' id='word_1_399' title='bbox 2215 2075 2281 2137; x_wconf 85' lang='grc' dir='ltr'>οὐ</span> <span class='ocrx_word' id='word_1_400' title='bbox 2304 2062 2626 2163; x_wconf 73' lang='grc' dir='ltr'>προσῳδά·</span> <span class='ocrx_word' id='word_1_401' title='bbox 2653 2073 2767 2143; x_wconf 71' lang='grc' dir='ltr'>τήν</span> <span class='ocrx_word' id='word_1_402' title='bbox 2799 2067 2854 2137; x_wconf 86' lang='grc' dir='ltr'>τ’</span> <span class='ocrx_word' id='word_1_403' title='bbox 2890 2075 3160 2145; x_wconf 79' lang='grc' dir='ltr'>ἐναύλιον</span> 
     </span>
    </p>

    <p class='ocr_par' dir='ltr' id='par_1_36' title="bbox 1767 2170 3356 3777">
     <span class='ocr_line' id='line_1_67' title="bbox 1868 2170 3030 2269; baseline 0.004 -29"><span class='ocrx_word' id='word_1_404' title='bbox 1868 2177 2034 2242; x_wconf 82' lang='grc' dir='ltr'>ὠθῶν</span> <span class='ocrx_word' id='word_1_405' title='bbox 2063 2201 2152 2252; x_wconf 85' lang='grc' dir='ltr'>τις</span> <span class='ocrx_word' id='word_1_406' title='bbox 2183 2170 2467 2254; x_wconf 78' lang='grc' dir='ltr'>ἐξέκλαξε</span> <span class='ocrx_word' id='word_1_407' title='bbox 2489 2179 2808 2269; x_wconf 78' lang='grc' dir='ltr'>σύγκοιτον</span> <span class='ocrx_word' id='word_1_408' title='bbox 2828 2177 3030 2268; x_wconf 83' lang='grc' dir='ltr'>φίλην.</span> 
     </span>
     <span class='ocr_line' id='line_1_68' title="bbox 1771 2287 3344 2364; baseline 0.003 -24"><span class='ocrx_word' id='word_1_409' title='bbox 1771 2316 1794 2340; x_wconf 75' lang='grc' dir='ltr'>ι</span> <span class='ocrx_word' id='word_1_410' title='bbox 1827 2289 1916 2345; x_wconf 79' lang='lat' dir='ltr'>Ad</span> <span class='ocrx_word' id='word_1_411' title='bbox 1953 2287 2343 2364; x_wconf 80' lang='lat' dir='ltr'>Aristophanis</span> <span class='ocrx_word' id='word_1_412' title='bbox 2364 2289 2683 2364; x_wconf 80' lang='lat' dir='ltr'>Tagenistas</span> <span class='ocrx_word' id='word_1_413' title='bbox 2713 2289 2832 2344; x_wconf 82' lang='lat' dir='ltr'>haec</span> <span class='ocrx_word' id='word_1_414' title='bbox 2855 2289 3133 2346; x_wconf 75' lang='lat' dir='ltr'>referebat</span> <span class='ocrx_word' id='word_1_415' title='bbox 3164 2290 3344 2364; x_wconf 85' lang='lat' dir='ltr'>Berg-</span> 
     </span>
     <span class='ocr_line' id='line_1_69' title="bbox 1767 2377 3346 2454; baseline 0 -21"><span class='ocrx_word' id='word_1_416' title='bbox 1767 2378 1895 2434; x_wconf 82' lang='lat' dir='ltr'>kius</span> <span class='ocrx_word' id='word_1_417' title='bbox 1935 2377 2278 2436; x_wconf 87' lang='lat' dir='ltr'>Commentt.</span> <span class='ocrx_word' id='word_1_418' title='bbox 2311 2397 2373 2453; x_wconf 85' lang='lat' dir='ltr'>p.</span> <span class='ocrx_word' id='word_1_419' title='bbox 2414 2383 2545 2454; x_wconf 72' lang='lat'><strong>194.</strong></span> <span class='ocrx_word' id='word_1_420' title='bbox 2581 2377 2712 2432; x_wconf 84' lang='lat' dir='ltr'>Non</span> <span class='ocrx_word' id='word_1_421' title='bbox 2745 2379 2948 2433; x_wconf 77' lang='lat' dir='ltr'>veteris</span> <span class='ocrx_word' id='word_1_422' title='bbox 2980 2379 3186 2434; x_wconf 88' lang='lat' dir='ltr'>comici</span> <span class='ocrx_word' id='word_1_423' title='bbox 3227 2396 3346 2433; x_wconf 78' lang='lat' dir='ltr'>ver·</span> 
     </span>
     <span class='ocr_line' id='line_1_70' title="bbox 1773 2461 3345 2542; baseline 0.001 -22"><span class='ocrx_word' id='word_1_424' title='bbox 1773 2483 1866 2521; x_wconf 89' lang='lat' dir='ltr'>sus</span> <span class='ocrx_word' id='word_1_425' title='bbox 1886 2485 2002 2521; x_wconf 85' lang='lat' dir='ltr'>esse</span> <span class='ocrx_word' id='word_1_426' title='bbox 2021 2509 2038 2540; x_wconf 84' lang='lat'>,</span> <span class='ocrx_word' id='word_1_427' title='bbox 2063 2467 2154 2522; x_wconf 74' lang='lat' dir='ltr'>vel</span> <span class='ocrx_word' id='word_1_428' title='bbox 2176 2466 2320 2522; x_wconf 88' lang='lat' dir='ltr'>illud</span> <span class='ocrx_word' id='word_1_429' title='bbox 2336 2461 2473 2542; x_wconf 83' lang='grc' dir='ltr'>κάθῃ</span> <span class='ocrx_word' id='word_1_430' title='bbox 2491 2508 2510 2540; x_wconf 90' lang='grc'>,</span> <span class='ocrx_word' id='word_1_431' title='bbox 2538 2465 2697 2540; x_wconf 86' lang='lat' dir='ltr'>quod</span> <span class='ocrx_word' id='word_1_432' title='bbox 2715 2467 2906 2540; x_wconf 86' lang='lat' dir='ltr'>primo</span> <span class='ocrx_word' id='word_1_433' title='bbox 2931 2485 3097 2522; x_wconf 85' lang='lat' dir='ltr'>versu</span> <span class='ocrx_word' id='word_1_434' title='bbox 3117 2467 3345 2542; x_wconf 82' lang='lat' dir='ltr'>legitur,</span> 
     </span>
     <span class='ocr_line' id='line_1_71' title="bbox 1770 2553 3347 2633; baseline 0.001 -25"><span class='ocrx_word' id='word_1_435' title='bbox 1770 2554 1913 2609; x_wconf 83' lang='lat' dir='ltr'>mihi</span> <span class='ocrx_word' id='word_1_436' title='bbox 1934 2554 2187 2611; x_wconf 87' lang='lat' dir='ltr'>indicare</span> <span class='ocrx_word' id='word_1_437' title='bbox 2224 2555 2472 2610; x_wconf 78' lang='lat' dir='ltr'>videtur.</span> <span class='ocrx_word' id='word_1_438' title='bbox 2513 2557 2578 2609; x_wconf 85' lang='lat' dir='ltr'>V.</span> <span class='ocrx_word' id='word_1_439' title='bbox 2628 2573 2650 2609; x_wconf 88' lang='lat'>1</span> <span class='ocrx_word' id='word_1_440' title='bbox 2699 2553 2994 2629; x_wconf 84' lang='lat' dir='ltr'>legebatur</span> <span class='ocrx_word' id='word_1_441' title='bbox 3013 2553 3065 2612; x_wconf 88' lang='grc' dir='ltr'>τί</span> <span class='ocrx_word' id='word_1_442' title='bbox 3092 2553 3225 2633; x_wconf 81' lang='grc' dir='ltr'>κάθῃ</span> <span class='ocrx_word' id='word_1_443' title='bbox 3257 2553 3347 2612; x_wconf 76' lang='grc' dir='ltr'>καὶ</span> 
     </span>
     <span class='ocr_line' id='line_1_72' title="bbox 1772 2637 3345 2718; baseline 0.001 -21"><span class='ocrx_word' id='word_1_444' title='bbox 1772 2639 1978 2718; x_wconf 84' lang='grc' dir='ltr'>πίωμεν</span> <span class='ocrx_word' id='word_1_445' title='bbox 1998 2684 2014 2711; x_wconf 89' lang='grc'>,</span> <span class='ocrx_word' id='word_1_446' title='bbox 2047 2641 2206 2714; x_wconf 91' lang='lat' dir='ltr'>quod</span> <span class='ocrx_word' id='word_1_447' title='bbox 2235 2642 2478 2698; x_wconf 85' lang='lat' dir='ltr'>correxi.</span> <span class='ocrx_word' id='word_1_448' title='bbox 2510 2641 2782 2716; x_wconf 81' lang='lat' dir='ltr'>Bergkius</span> <span class='ocrx_word' id='word_1_449' title='bbox 2815 2639 2869 2696; x_wconf 86' lang='grc' dir='ltr'>τί</span> <span class='ocrx_word' id='word_1_450' title='bbox 2902 2641 3036 2712; x_wconf 77' lang='grc' dir='ltr'>κάθῃ</span> <span class='ocrx_word' id='word_1_451' title='bbox 3073 2637 3172 2712; x_wconf 83' lang='grc' dir='ltr'>σύ;</span> <span class='ocrx_word' id='word_1_452' title='bbox 3215 2649 3345 2709; x_wconf 84' lang='grc' dir='ltr'>παῖ,</span> 
     </span>
     <span class='ocr_line' id='line_1_73' title="bbox 1772 2727 3348 2808; baseline -0.001 -21"><span class='ocrx_word' id='word_1_453' title='bbox 1772 2729 1996 2804; x_wconf 85' lang='grc' dir='ltr'>πίωμεν.</span> <span class='ocrx_word' id='word_1_454' title='bbox 2019 2731 2173 2786; x_wconf 85' lang='lat' dir='ltr'>Ibid.</span> <span class='ocrx_word' id='word_1_455' title='bbox 2201 2730 2376 2804; x_wconf 78' lang='lat' dir='ltr'>vulgo</span> <span class='ocrx_word' id='word_1_456' title='bbox 2407 2734 2550 2788; x_wconf 86' lang='grc' dir='ltr'>σῖτα.</span> <span class='ocrx_word' id='word_1_457' title='bbox 2582 2728 2657 2789; x_wconf 84' lang='lat' dir='ltr'>V.</span> <span class='ocrx_word' id='word_1_458' title='bbox 2690 2728 2723 2784; x_wconf 81' lang='grc'><strong>6</strong></span> <span class='ocrx_word' id='word_1_459' title='bbox 2755 2728 2972 2803; x_wconf 76' lang='grc' dir='ltr'>ὗμνιῗτο</span> <span class='ocrx_word' id='word_1_460' title='bbox 3009 2727 3054 2786; x_wconf 79' lang='grc' dir='ltr'>δ’</span> <span class='ocrx_word' id='word_1_461' title='bbox 3081 2731 3311 2808; x_wconf 81' lang='grc' dir='ltr'>αἰσχρῶς</span> <span class='ocrx_word' id='word_1_462' title='bbox 3331 2771 3348 2799; x_wconf 83' lang='grc'>,</span> 
     </span>
     <span class='ocr_line' id='line_1_74' title="bbox 1775 2819 3346 2893; baseline 0.001 -19"><span class='ocrx_word' id='word_1_463' title='bbox 1775 2824 2007 2893; x_wconf 73' lang='lat' dir='ltr'>turpiter</span> <span class='ocrx_word' id='word_1_464' title='bbox 2057 2819 2399 2885; x_wconf 75' lang='lat' dir='ltr'>canebatur,</span> <span class='ocrx_word' id='word_1_465' title='bbox 2425 2833 2570 2892; x_wconf 49' lang='lat' dir='ltr'>‚non</span> <span class='ocrx_word' id='word_1_466' title='bbox 2627 2827 2771 2890; x_wconf 88' lang='lat' dir='ltr'>puto</span> <span class='ocrx_word' id='word_1_467' title='bbox 2829 2829 3166 2893; x_wconf 84' lang='lat' dir='ltr'>corruptum</span> <span class='ocrx_word' id='word_1_468' title='bbox 3209 2837 3346 2876; x_wconf 86' lang='lat' dir='ltr'>esse.</span> 
     </span>
     <span class='ocr_line' id='line_1_75' title="bbox 1775 2901 3352 2982; baseline 0 -17"><span class='ocrx_word' id='word_1_469' title='bbox 1775 2907 2046 2982; x_wconf 76' lang='lat' dir='ltr'>Bergkius</span> <span class='ocrx_word' id='word_1_470' title='bbox 2067 2902 2218 2980; x_wconf 72' lang='grc' dir='ltr'>ὕμνει</span> <span class='ocrx_word' id='word_1_471' title='bbox 2255 2901 2311 2961; x_wconf 75' lang='grc' dir='ltr'>δέ</span> <span class='ocrx_word' id='word_1_472' title='bbox 2338 2923 2415 2968; x_wconf 82' lang='grc' dir='ltr'>τις</span> <span class='ocrx_word' id='word_1_473' title='bbox 2439 2901 2670 2981; x_wconf 77' lang='grc' dir='ltr'>αἰσχρῶς</span> <span class='ocrx_word' id='word_1_474' title='bbox 2689 2945 2704 2976; x_wconf 90' lang='lat'>,</span> <span class='ocrx_word' id='word_1_475' title='bbox 2735 2914 2792 2961; x_wconf 88' lang='lat' dir='ltr'>et</span> <span class='ocrx_word' id='word_1_476' title='bbox 2823 2923 2876 2963; x_wconf 84' lang='grc' dir='ltr'>ν.</span> <span class='ocrx_word' id='word_1_477' title='bbox 2908 2907 2944 2963; x_wconf 91' lang='grc'>6</span> <span class='ocrx_word' id='word_1_478' title='bbox 2974 2909 3047 2972; x_wconf 81' lang='grc' dir='ltr'>ὡς</span> <span class='ocrx_word' id='word_1_479' title='bbox 3069 2903 3270 2973; x_wconf 75' lang='grc' dir='ltr'>Φοῖὅος</span> <span class='ocrx_word' id='word_1_480' title='bbox 3293 2909 3352 2965; x_wconf 81' lang='grc' dir='ltr'>οὗ</span> 
     </span>
     <span class='ocr_line' id='line_1_76' title="bbox 1775 2992 3352 3072; baseline -0.002 -19"><span class='ocrx_word' id='word_1_481' title='bbox 1775 2992 2044 3072; x_wconf 81' lang='grc' dir='ltr'>προσῳδά.</span> <span class='ocrx_word' id='word_1_482' title='bbox 2069 2994 2256 3051; x_wconf 82' lang='lat' dir='ltr'>Scolia</span> <span class='ocrx_word' id='word_1_483' title='bbox 2281 3004 2337 3049; x_wconf 85' lang='lat' dir='ltr'>et</span> <span class='ocrx_word' id='word_1_484' title='bbox 2355 2992 2560 3047; x_wconf 85' lang='lat' dir='ltr'>similes</span> <span class='ocrx_word' id='word_1_485' title='bbox 2577 2992 2949 3048; x_wconf 79' lang='lat' dir='ltr'>cantiunculae</span> <span class='ocrx_word' id='word_1_486' title='bbox 2968 2994 3085 3049; x_wconf 83' lang='lat' dir='ltr'>sere</span> <span class='ocrx_word' id='word_1_487' title='bbox 3105 3012 3140 3049; x_wconf 86' lang='lat' dir='ltr'>a</span> <span class='ocrx_word' id='word_1_488' title='bbox 3159 2996 3352 3069; x_wconf 86' lang='lat' dir='ltr'>primo</span> 
     </span>
     <span class='ocr_line' id='line_1_77' title="bbox 1778 3080 3352 3165; baseline 0.001 -27"><span class='ocrx_word' id='word_1_489' title='bbox 1778 3100 1968 3138; x_wconf 87' lang='lat' dir='ltr'>earum</span> <span class='ocrx_word' id='word_1_490' title='bbox 1995 3082 2228 3165; x_wconf 83' lang='lat' dir='ltr'>nomine</span> <span class='ocrx_word' id='word_1_491' title='bbox 2251 3080 2711 3155; x_wconf 79' lang='lat' dir='ltr'>appellabantur,</span> <span class='ocrx_word' id='word_1_492' title='bbox 2741 3101 2794 3139; x_wconf 91' lang='lat' dir='ltr'>e.</span> <span class='ocrx_word' id='word_1_493' title='bbox 2829 3102 2878 3140; x_wconf 90' lang='lat' dir='ltr'>c.</span> <span class='ocrx_word' id='word_1_494' title='bbox 2905 3084 3208 3155; x_wconf 83' lang='lat' dir='ltr'>Telamon,</span> <span class='ocrx_word' id='word_1_495' title='bbox 3233 3086 3352 3140; x_wconf 89' lang='lat' dir='ltr'>Bo-</span> 
     </span>
     <span class='ocr_line' id='line_1_78' title="bbox 1778 3166 3344 3247; baseline 0.002 -22"><span class='ocrx_word' id='word_1_496' title='bbox 1778 3189 1925 3244; x_wconf 82' lang='lat' dir='ltr'>reas,</span> <span class='ocrx_word' id='word_1_497' title='bbox 1936 3170 2082 3227; x_wconf 80' lang='lat' dir='ltr'>aliae.</span> <span class='ocrx_word' id='word_1_498' title='bbox 2097 3170 2233 3225; x_wconf 83' lang='lat' dir='ltr'>Tale</span> <span class='ocrx_word' id='word_1_499' title='bbox 2248 3169 2414 3225; x_wconf 77' lang='lat' dir='ltr'>fuisse</span> <span class='ocrx_word' id='word_1_500' title='bbox 2428 3169 2656 3225; x_wconf 79' lang='lat' dir='ltr'>videtur</span> <span class='ocrx_word' id='word_1_501' title='bbox 2673 3172 2842 3227; x_wconf 84' lang='lat' dir='ltr'>etiam</span> <span class='ocrx_word' id='word_1_502' title='bbox 2854 3166 3073 3235; x_wconf 75' lang='grc' dir='ltr'>Φοῖὸος.</span> <span class='ocrx_word' id='word_1_503' title='bbox 3084 3169 3165 3227; x_wconf 81' lang='grc' dir='ltr'>Οὔ</span> <span class='ocrx_word' id='word_1_504' title='bbox 3177 3190 3344 3247; x_wconf 78' lang='grc' dir='ltr'>προσ-</span> 
     </span>
     <span class='ocr_line' id='line_1_79' title="bbox 1777 3256 3352 3335; baseline 0.003 -22"><span class='ocrx_word' id='word_1_505' title='bbox 1777 3256 1922 3335; x_wconf 86' lang='grc' dir='ltr'>ῳδά,</span> <span class='ocrx_word' id='word_1_506' title='bbox 1963 3257 2369 3314; x_wconf 78' lang='lat' dir='ltr'>adverbialiter</span> <span class='ocrx_word' id='word_1_507' title='bbox 2425 3278 2438 3313; x_wconf 89' lang='lat'>:</span> <span class='ocrx_word' id='word_1_508' title='bbox 2477 3259 2856 3315; x_wconf 78' lang='lat' dir='ltr'>immodulate.</span> <span class='ocrx_word' id='word_1_509' title='bbox 2909 3260 3056 3313; x_wconf 88' lang='lat' dir='ltr'>Tum</span> <span class='ocrx_word' id='word_1_510' title='bbox 3109 3257 3352 3318; x_wconf 77' lang='grc' dir='ltr'>ἐναῦλιον</span> 
     </span>
     <span class='ocr_line' id='line_1_80' title="bbox 1779 3346 3352 3425; baseline 0.002 -24"><span class='ocrx_word' id='word_1_511' title='bbox 1779 3366 1897 3401; x_wconf 84' lang='lat' dir='ltr'>esse</span> <span class='ocrx_word' id='word_1_512' title='bbox 1924 3348 2152 3401; x_wconf 83' lang='lat' dir='ltr'>videtur</span> <span class='ocrx_word' id='word_1_513' title='bbox 2191 3351 2248 3401; x_wconf 77' lang='lat' dir='ltr'>in</span> <span class='ocrx_word' id='word_1_514' title='bbox 2271 3348 2524 3403; x_wconf 77' lang='lat' dir='ltr'>conclavi</span> <span class='ocrx_word' id='word_1_515' title='bbox 2559 3366 2662 3403; x_wconf 80' lang='lat' dir='ltr'>suo</span> <span class='ocrx_word' id='word_1_516' title='bbox 2693 3360 3026 3403; x_wconf 78' lang='lat' dir='ltr'>versantem.</span> <span class='ocrx_word' id='word_1_517' title='bbox 3069 3346 3220 3425; x_wconf 83' lang='lat' dir='ltr'>(Ego</span> <span class='ocrx_word' id='word_1_518' title='bbox 3253 3368 3352 3405; x_wconf 76' lang='lat' dir='ltr'>ve·</span> 
     </span>
     <span class='ocr_line' id='line_1_81' title="bbox 1778 3424 3352 3510; baseline 0.003 -20"><span class='ocrx_word' id='word_1_519' title='bbox 1778 3454 1914 3491; x_wconf 77' lang='lat' dir='ltr'>reor</span> <span class='ocrx_word' id='word_1_520' title='bbox 1939 3454 2012 3491; x_wconf 84' lang='lat' dir='ltr'>ne</span> <span class='ocrx_word' id='word_1_521' title='bbox 2033 3432 2402 3492; x_wconf 82' lang='lat' dir='ltr'>scribendum</span> <span class='ocrx_word' id='word_1_522' title='bbox 2424 3438 2498 3491; x_wconf 87' lang='lat' dir='ltr'>sit</span> <span class='ocrx_word' id='word_1_523' title='bbox 2523 3433 2738 3510; x_wconf 79' lang='grc' dir='ltr'>ὑμνεῖτο</span> <span class='ocrx_word' id='word_1_524' title='bbox 2769 3434 2816 3491; x_wconf 77' lang='grc' dir='ltr'>δ’</span> <span class='ocrx_word' id='word_1_525' title='bbox 2847 3466 2924 3480; x_wconf 89' lang='lat'><em>-</em></span> <span class='ocrx_word' id='word_1_526' title='bbox 2960 3424 3006 3493; x_wconf 69' lang='grc' dir='ltr'><em>ὦ</em></span> <span class='ocrx_word' id='word_1_527' title='bbox 3034 3433 3220 3510; x_wconf 63' lang='grc' dir='ltr'>Φοῗθ,</span> <span class='ocrx_word' id='word_1_528' title='bbox 3253 3432 3352 3507; x_wconf 71' lang='lat'>8⁶⁹,</span> 
     </span>
     <span class='ocr_line' id='line_1_82' title="bbox 1780 3521 3356 3601; baseline 0.001 -22"><span class='ocrx_word' id='word_1_529' title='bbox 1780 3524 1838 3579; x_wconf 81' lang='grc' dir='ltr'>οὗ</span> <span class='ocrx_word' id='word_1_530' title='bbox 1868 3521 2148 3601; x_wconf 70' lang='grc' dir='ltr'>προσῳδάέ</span> <span class='ocrx_word' id='word_1_531' title='bbox 2197 3524 2392 3599; x_wconf 71' lang='lat' dir='ltr'>Both.)</span> <span class='ocrx_word' id='word_1_532' title='bbox 2431 3526 2504 3581; x_wconf 84' lang='lat' dir='ltr'>V.</span> <span class='ocrx_word' id='word_1_533' title='bbox 2554 3544 2584 3595; x_wconf 86' lang='lat'><strong>7</strong></span> <span class='ocrx_word' id='word_1_534' title='bbox 2615 3526 2930 3598; x_wconf 81' lang='lat' dir='ltr'>permirum</span> <span class='ocrx_word' id='word_1_535' title='bbox 2967 3536 3050 3581; x_wconf 79' lang='lat' dir='ltr'>est</span> <span class='ocrx_word' id='word_1_536' title='bbox 3096 3524 3356 3582; x_wconf 82' lang='lat' dir='ltr'>doricum</span> 
     </span>
     <span class='ocr_line' id='line_1_83' title="bbox 1780 3606 3356 3689; baseline 0.001 -22"><span class='ocrx_word' id='word_1_537' title='bbox 1780 3606 2042 3680; x_wconf 76' lang='grc' dir='ltr'>ἐξέκλαξε.</span> <span class='ocrx_word' id='word_1_538' title='bbox 2065 3636 2090 3662; x_wconf 74' lang='grc' dir='ltr'>ν</span> <span class='ocrx_word' id='word_1_539' title='bbox 2117 3612 2298 3667; x_wconf 75' lang='lat' dir='ltr'>Mein.</span> <span class='ocrx_word' id='word_1_540' title='bbox 2322 3610 2539 3684; x_wconf 85' lang='lat' dir='ltr'>Quidni</span> <span class='ocrx_word' id='word_1_541' title='bbox 2557 3630 2902 3687; x_wconf 84' lang='lat' dir='ltr'>reponamus</span> <span class='ocrx_word' id='word_1_542' title='bbox 2919 3610 3234 3689; x_wconf 66' lang='grc' dir='ltr'>ἐξέκλαγξεῖ</span> <span class='ocrx_word' id='word_1_543' title='bbox 3258 3616 3356 3669; x_wconf 82' lang='lat' dir='ltr'>In·</span> 
     </span>
     <span class='ocr_line' id='line_1_84' title="bbox 1783 3700 3354 3777; baseline 0.003 -22"><span class='ocrx_word' id='word_1_544' title='bbox 1783 3700 2252 3775; x_wconf 77' lang='lat' dir='ltr'>terpretationem</span> <span class='ocrx_word' id='word_1_545' title='bbox 2286 3701 2518 3757; x_wconf 76' lang='lat' dir='ltr'>latinam</span> <span class='ocrx_word' id='word_1_546' title='bbox 2557 3700 2750 3759; x_wconf 78' lang='lat' dir='ltr'>adhuc</span> <span class='ocrx_word' id='word_1_547' title='bbox 2775 3701 3154 3759; x_wconf 75' lang='lat' dir='ltr'>differendam</span> <span class='ocrx_word' id='word_1_548' title='bbox 3187 3712 3354 3777; x_wconf 81' lang='lat' dir='ltr'>puto.</span> 
     </span>
    </p>

    <p class='ocr_par' dir='ltr' id='par_1_37' title="bbox 2005 3796 2636 3853">
     <span class='ocr_line' id='line_1_85' title="bbox 2005 3796 2636 3853; baseline -0.005 -1"><span class='ocrx_word' id='word_1_549' title='bbox 2005 3796 2010 3803; x_wconf 70' lang='grc'><em>“</em></span> <span class='ocrx_word' id='word_1_550' title='bbox 2503 3796 2636 3853; x_wconf 87' lang='grc'>306.</span> 
     </span>
    </p>

    <p class='ocr_par' dir='ltr' id='par_1_38' title="bbox 1780 3880 3360 4141">
     <span class='ocr_line' id='line_1_86' title="bbox 1862 3880 3356 3969; baseline 0.003 -26"><span class='ocrx_word' id='word_1_551' title='bbox 1862 3887 2040 3957; x_wconf 90' lang='lat' dir='ltr'>Idem,</span> <span class='ocrx_word' id='word_1_552' title='bbox 2091 3890 2218 3945; x_wconf 83' lang='lat' dir='ltr'>Vita</span> <span class='ocrx_word' id='word_1_553' title='bbox 2251 3890 2456 3955; x_wconf 79' lang='lat' dir='ltr'>Pericl,</span> <span class='ocrx_word' id='word_1_554' title='bbox 2502 3910 2552 3947; x_wconf 91' lang='lat' dir='ltr'>c.</span> <span class='ocrx_word' id='word_1_555' title='bbox 2597 3910 2628 3961; x_wconf 90' lang='lat'><strong>7</strong></span> <span class='ocrx_word' id='word_1_556' title='bbox 2681 3911 2693 3945; x_wconf 92' lang='lat'><strong>:</strong></span> <span class='ocrx_word' id='word_1_557' title='bbox 2744 3889 2831 3969; x_wconf 74' lang='grc' dir='ltr'>ὑφ’</span> <span class='ocrx_word' id='word_1_558' title='bbox 2867 3880 2933 3960; x_wconf 72' lang='grc' dir='ltr'>ἧς</span> <span class='ocrx_word' id='word_1_559' title='bbox 2979 3889 3356 3968; x_wconf 81' lang='grc' dir='ltr'>(ἐλευθερίας),</span> 
     </span>
     <span class='ocr_line' id='line_1_87' title="bbox 1781 3971 3360 4055; baseline 0.006 -27"><span class='ocrx_word' id='word_1_560' title='bbox 1781 3971 1962 4054; x_wconf 77' lang='grc' dir='ltr'>ὥσπερ</span> <span class='ocrx_word' id='word_1_561' title='bbox 1988 3971 2149 4033; x_wconf 77' lang='grc' dir='ltr'>ἵππον</span> <span class='ocrx_word' id='word_1_562' title='bbox 2177 3972 2522 4054; x_wconf 77' lang='grc' dir='ltr'>ἐξυὸρίσαντα</span> <span class='ocrx_word' id='word_1_563' title='bbox 2539 4018 2555 4049; x_wconf 93' lang='grc'>,</span> <span class='ocrx_word' id='word_1_564' title='bbox 2584 3976 2672 4035; x_wconf 88' lang='grc' dir='ltr'>τὸν</span> <span class='ocrx_word' id='word_1_565' title='bbox 2713 3976 2880 4053; x_wconf 80' lang='grc' dir='ltr'>δῆμον</span> <span class='ocrx_word' id='word_1_566' title='bbox 2909 3980 2956 4035; x_wconf 84' lang='grc' dir='ltr'>οἱ</span> <span class='ocrx_word' id='word_1_567' title='bbox 2987 3978 3360 4055; x_wconf 67' lang='grc' dir='ltr'>κωμῳδοποιοὶ</span> 
     </span>
     <span class='ocr_line' id='line_1_88' title="bbox 1780 4059 3355 4141; baseline 0.004 -24"><span class='ocrx_word' id='word_1_568' title='bbox 1780 4059 1990 4135; x_wconf 86' lang='grc' dir='ltr'>λέγουσι</span> <span class='ocrx_word' id='word_1_569' title='bbox 2032 4066 2338 4141; x_wconf 80' lang='grc' dir='ltr'>πειθαρχεῖν</span> <span class='ocrx_word' id='word_1_570' title='bbox 2386 4060 2561 4122; x_wconf 78' lang='grc' dir='ltr'>οὐκέτι</span> <span class='ocrx_word' id='word_1_571' title='bbox 2589 4065 2812 4139; x_wconf 73' lang='grc' dir='ltr'>τολμᾶν,</span> <span class='ocrx_word' id='word_1_572' title='bbox 2843 4064 2982 4124; x_wconf 77' lang='grc' dir='ltr'>ἀλλὰ</span> <span class='ocrx_word' id='word_1_573' title='bbox 3015 4064 3218 4122; x_wconf 80' lang='grc' dir='ltr'>δάκνειν</span> <span class='ocrx_word' id='word_1_574' title='bbox 3259 4065 3355 4135; x_wconf 76' lang='grc' dir='ltr'>τὴν</span> 
     </span>
    </p>
   </div>
   <div class='ocr_carea' id='block_1_29' title="bbox 1784 4146 3360 4296">
    <p class='ocr_par' dir='ltr' id='par_1_39' title="bbox 1784 4146 3360 4296">
     <span class='ocr_line' id='line_1_89' title="bbox 1784 4146 3360 4223; baseline 0.003 -16"><span class='ocrx_word' id='word_1_575' title='bbox 1784 4146 2014 4207; x_wconf 76' lang='grc' dir='ltr'>Εὔὸοιαν</span> <span class='ocrx_word' id='word_1_576' title='bbox 2039 4148 2131 4207; x_wconf 78' lang='grc' dir='ltr'>καὶ</span> <span class='ocrx_word' id='word_1_577' title='bbox 2153 4157 2268 4218; x_wconf 83' lang='grc' dir='ltr'>ταῖς</span> <span class='ocrx_word' id='word_1_578' title='bbox 2285 4149 2462 4220; x_wconf 82' lang='grc' dir='ltr'>νήσοις</span> <span class='ocrx_word' id='word_1_579' title='bbox 2487 4152 2770 4223; x_wconf 75' lang='grc' dir='ltr'>ἐπιπηδᾶν.</span> <span class='ocrx_word' id='word_1_580' title='bbox 2790 4158 2992 4211; x_wconf 85' lang='lat' dir='ltr'>Versus</span> <span class='ocrx_word' id='word_1_581' title='bbox 3013 4156 3096 4210; x_wconf 81' lang='lat' dir='ltr'>sic</span> <span class='ocrx_word' id='word_1_582' title='bbox 3117 4156 3360 4213; x_wconf 84' lang='lat' dir='ltr'>restituit</span> 
     </span>
     <span class='ocr_line' id='line_1_90' title="bbox 1786 4238 2070 4296; baseline 0 -3"><span class='ocrx_word' id='word_1_583' title='bbox 1786 4238 2029 4296; x_wconf 81' lang='lat' dir='ltr'>Meinek.</span> <span class='ocrx_word' id='word_1_584' title='bbox 2056 4259 2070 4293; x_wconf 75' lang='grc' dir='ltr'>ε</span> 
     </span>
    </p>
   </div>
   <div class='ocr_carea' id='block_1_30' title="bbox 1886 4330 3361 4638">
    <p class='ocr_par' dir='ltr' id='par_1_40' title="bbox 1886 4330 3361 4638">
     <span class='ocr_line' id='line_1_91' title="bbox 1982 4330 3278 4431; baseline 0.003 -29"><span class='ocrx_word' id='word_1_585' title='bbox 1982 4374 2076 4383; x_wconf 87' lang='lat'><strong>—</strong></span> <span class='ocrx_word' id='word_1_586' title='bbox 2099 4330 2427 4429; x_wconf 60' lang='grc' dir='ltr'>Ὲξυςρίσας</span> <span class='ocrx_word' id='word_1_587' title='bbox 2449 4338 2792 4431; x_wconf 82' lang='grc' dir='ltr'>πειθαρχεῖν</span> <span class='ocrx_word' id='word_1_588' title='bbox 2811 4341 3013 4405; x_wconf 82' lang='grc' dir='ltr'>οὐκέτι</span> <span class='ocrx_word' id='word_1_589' title='bbox 3041 4346 3246 4430; x_wconf 74' lang='grc' dir='ltr'>τολμᾷ</span> <span class='ocrx_word' id='word_1_590' title='bbox 3259 4389 3278 4421; x_wconf 89' lang='grc'>,</span> 
     </span>
     <span class='ocr_line' id='line_1_92' title="bbox 1886 4432 3361 4532; baseline 0.002 -26"><span class='ocrx_word' id='word_1_591' title='bbox 1886 4440 2052 4508; x_wconf 71' lang='grc' dir='ltr'>ἀλλὰ</span> <span class='ocrx_word' id='word_1_592' title='bbox 2091 4432 2376 4521; x_wconf 80' lang='grc' dir='ltr'>δακνάζει</span> <span class='ocrx_word' id='word_1_593' title='bbox 2401 4450 2512 4519; x_wconf 75' lang='grc' dir='ltr'>τὴν</span> <span class='ocrx_word' id='word_1_594' title='bbox 2545 4438 2830 4532; x_wconf 67' lang='grc' dir='ltr'>Εὕῧοιαν,</span> <span class='ocrx_word' id='word_1_595' title='bbox 2867 4445 2967 4511; x_wconf 89' lang='grc' dir='ltr'>καὶ</span> <span class='ocrx_word' id='word_1_596' title='bbox 2999 4454 3133 4521; x_wconf 86' lang='grc' dir='ltr'>ταῖς</span> <span class='ocrx_word' id='word_1_597' title='bbox 3168 4452 3361 4521; x_wconf 69' lang='grc' dir='ltr'>ντῖσοις</span> 
     </span>
     <span class='ocr_line' id='line_1_93' title="bbox 3013 4544 3358 4638; baseline -0.009 -21"><span class='ocrx_word' id='word_1_598' title='bbox 3013 4578 3024 4585; x_wconf 91' lang='grc'><em>·</em></span> <span class='ocrx_word' id='word_1_599' title='bbox 3061 4544 3358 4638; x_wconf 78' lang='grc' dir='ltr'>ἐπιπηδᾷ.</span> 
     </span>
    </p>
   </div>
   <div class='ocr_carea' id='block_1_31' title="bbox 1662 4681 1891 4689">
    <p class='ocr_par' dir='ltr' id='par_1_41' title="bbox 1662 4681 1891 4689">
     <span class='ocr_line' id='line_1_94' title="bbox 1662 4681 1891 4689; baseline 0.013 -2"><span class='ocrx_word' id='word_1_600' title='bbox 1662 4681 1759 4687; x_wconf 74' lang='grc'><strong>-.--.</strong></span> <span class='ocrx_word' id='word_1_601' title='bbox 1778 4682 1891 4689; x_wconf 45' lang='grc' dir='ltr'>..φ-..-</span> 
     </span>
    </p>
   </div>
   <div class='ocr_carea' id='block_1_32' title="bbox 2665 4686 3138 4695">
    <p class='ocr_par' dir='ltr' id='par_1_42' title="bbox 2665 4686 3138 4695">
     <span class='ocr_line' id='line_1_95' title="bbox 2665 4686 3138 4695; baseline 0 1155"><span class='ocrx_word' id='word_1_602' title='bbox 2665 4686 3138 4695; x_wconf 95' lang='lat' dir='ltr'> </span> 
     </span>
    </p>
   </div>
   <div class='ocr_carea' id='block_1_33' title="bbox 3147 4686 3303 4693">
    <p class='ocr_par' dir='ltr' id='par_1_43' title="bbox 3147 4686 3303 4693">
     <span class='ocr_line' id='line_1_96' title="bbox 3147 4686 3303 4693; baseline 0 0"><span class='ocrx_word' id='word_1_603' title='bbox 3147 4686 3303 4693; x_wconf 95' lang='lat' dir='ltr'> </span> 
     </span>
    </p>
   </div>
   <div class='ocr_carea' id='block_1_34' title="bbox 3312 4688 3350 4697">
    <p class='ocr_par' dir='ltr' id='par_1_44' title="bbox 3312 4688 3350 4697">
     <span class='ocr_line' id='line_1_97' title="bbox 3312 4688 3350 4697; baseline 0 0"><span class='ocrx_word' id='word_1_604' title='bbox 3312 4688 3350 4697; x_wconf 72' lang='lat'><em>-</em></span> 
     </span>
    </p>
   </div>
   <div class='ocr_carea' id='block_1_35' title="bbox 1806 4732 3000 5025">
    <p class='ocr_par' dir='ltr' id='par_1_45' title="bbox 1806 4732 3000 5025">
     <span class='ocr_line' id='line_1_98' title="bbox 2521 4732 2645 4784; baseline 0 -1"><span class='ocrx_word' id='word_1_605' title='bbox 2521 4732 2645 4784; x_wconf 72' lang='lat'>304.</span> 
     </span>
     <span class='ocr_line' id='line_1_99' title="bbox 1806 4844 3000 4917; baseline 0.008 -20"><span class='ocrx_word' id='word_1_606' title='bbox 1806 4844 2119 4915; x_wconf 57' lang='lat' dir='ltr'>ripulemun</span> <span class='ocrx_word' id='word_1_607' title='bbox 2149 4854 2213 4901; x_wconf 91' lang='lat' dir='ltr'>ut</span> <span class='ocrx_word' id='word_1_608' title='bbox 2233 4848 2627 4917; x_wconf 74' lang='lat' dir='ltr'>sacrificemur,</span> <span class='ocrx_word' id='word_1_609' title='bbox 2653 4858 2718 4906; x_wconf 88' lang='lat' dir='ltr'>ut</span> <span class='ocrx_word' id='word_1_610' title='bbox 2742 4850 3000 4908; x_wconf 83' lang='lat' dir='ltr'>lavemus.</span> 
     </span>
     <span class='ocr_line' id='line_1_100' title="bbox 2517 4974 2622 5025; baseline 0.019 -2"><span class='ocrx_word' id='word_1_611' title='bbox 2517 4974 2622 5025; x_wconf 75' lang='lat'>806</span> 
     </span>
    </p>
   </div>
   <div class='ocr_carea' id='block_1_36' title="bbox 1750 5066 2978 5143">
    <p class='ocr_par' dir='ltr' id='par_1_46' title="bbox 1750 5066 2978 5143">
     <span class='ocr_line' id='line_1_101' title="bbox 1750 5066 2978 5143; baseline 0 -16"><span class='ocrx_word' id='word_1_612' title='bbox 1750 5067 1755 5127; x_wconf 66' lang='lat' dir='ltr'>l</span> <span class='ocrx_word' id='word_1_613' title='bbox 1801 5066 2132 5139; x_wconf 83' lang='lat' dir='ltr'>Superbiens</span> <span class='ocrx_word' id='word_1_614' title='bbox 2158 5067 2376 5125; x_wconf 86' lang='lat' dir='ltr'>obedire</span> <span class='ocrx_word' id='word_1_615' title='bbox 2397 5086 2508 5125; x_wconf 88' lang='lat' dir='ltr'>non</span> <span class='ocrx_word' id='word_1_616' title='bbox 2529 5070 2694 5126; x_wconf 83' lang='lat' dir='ltr'>audet</span> <span class='ocrx_word' id='word_1_617' title='bbox 2713 5072 2948 5143; x_wconf 84' lang='lat' dir='ltr'>amplius</span> <span class='ocrx_word' id='word_1_618' title='bbox 2964 5114 2978 5137; x_wconf 86' lang='lat'>,</span> 
     </span>
    </p>
   </div>
   <div class='ocr_carea' id='block_1_37' title="bbox 130 5132 3073 5227">
    <p class='ocr_par' dir='ltr' id='par_1_47' title="bbox 130 5132 3073 5227">
     <span class='ocr_line' id='line_1_102' title="bbox 130 5132 3073 5227; baseline 0.009 -38"><span class='ocrx_word' id='word_1_619' title='bbox 130 5132 447 5190; x_wconf 52' lang='lat' dir='ltr'>antiochus</span> <span class='ocrx_word' id='word_1_620' title='bbox 465 5138 645 5195; x_wconf 81' lang='lat' dir='ltr'>omnia</span> <span class='ocrx_word' id='word_1_621' title='bbox 680 5140 779 5196; x_wconf 80' lang='lat' dir='ltr'>sibi</span> <span class='ocrx_word' id='word_1_622' title='bbox 818 5143 1075 5209; x_wconf 82' lang='lat' dir='ltr'>vindicat,</span> <span class='ocrx_word' id='word_1_623' title='bbox 1112 5148 1415 5203; x_wconf 79' lang='lat' dir='ltr'>Metioclms</span> <span class='ocrx_word' id='word_1_624' title='bbox 1452 5150 1703 5221; x_wconf 83' lang='lat' dir='ltr'>plorabit.</span> <span class='ocrx_word' id='word_1_625' title='bbox 1750 5146 1757 5193; x_wconf 84' lang='lat'><strong>¹</strong></span> <span class='ocrx_word' id='word_1_626' title='bbox 1800 5154 1895 5209; x_wconf 83' lang='lat' dir='ltr'>sed</span> <span class='ocrx_word' id='word_1_627' title='bbox 1929 5154 2140 5210; x_wconf 84' lang='lat' dir='ltr'>mordet</span> <span class='ocrx_word' id='word_1_628' title='bbox 2169 5156 2427 5213; x_wconf 68' lang='lat' dir='ltr'>Eulvoeam</span> <span class='ocrx_word' id='word_1_629' title='bbox 2449 5199 2463 5227; x_wconf 92' lang='lat'>,</span> <span class='ocrx_word' id='word_1_630' title='bbox 2491 5166 2545 5212; x_wconf 76' lang='lat' dir='ltr'>et</span> <span class='ocrx_word' id='word_1_631' title='bbox 2573 5158 2638 5213; x_wconf 88' lang='lat' dir='ltr'>ad</span> <span class='ocrx_word' id='word_1_632' title='bbox 2665 5158 2864 5216; x_wconf 82' lang='lat' dir='ltr'>insulas</span> <span class='ocrx_word' id='word_1_633' title='bbox 2889 5163 3073 5217; x_wconf 79' lang='lat' dir='ltr'>assilit.</span> 
     </span>
    </p>
   </div>
  </div>
 </body>
</html>
