3809 5850
394 435 497 482 182

331 577 344 590 ·
382 558 533 634 pidis
564 555 771 612 Bacch.
815 555 963 628 493,
992 553 1207 610 Cratini
1240 553 1446 606 Incert.
1501 567 1595 622 ιο,
1629 547 1946 604 Pherecrat.

386 651 537 704 Pers.
568 653 625 711 4.
658 648 939 702 homerus
964 643 1033 698 ll.
1068 641 1171 710 23,
1194 639 1349 706 458:

465 745 567 822 οἷος
595 751 727 832 ἐγὼν
749 751 939 817 ἵππους
963 749 1255 828 αὐγάζομαι
1274 747 1369 824 ,ἠὲ
1397 746 1489 806 καὶ
1512 749 1693 823 ὑμεῖς

1390 413 1805 474 coMOEmAE
1853 411 2181 474 vermis
2225 369 2632 485 ssssuQmAE.

2143 547 2350 623 Κακὸς
2385 547 2494 639 μὲν
2530 552 2636 614 οὐκ
2669 545 2765 626 ἦν,
2809 549 3136 639 φιλοπότης
3171 543 3238 615 δε
3271 553 3560 645 κάμελής·

2143 651 2373 718 κάνίοτ’
2413 650 2501 745 ἄρ’
2535 651 2894 744 ἀπεκοιμᾶτ’
2929 649 3000 718 ἂν
3033 657 3094 719 ἐν
3131 650 3564 751 Λακεδαίμονι,

2145 756 2254 826 κᾶν
2280 754 2610 834 Ἐλπινίκην
2643 751 2762 855 τῇδ
2768 787 2794 828 ε
2823 765 3184 828 καταλιπὼν
3214 764 3423 854 μόνην.

384 872 483 927 'lbi
512 871 689 927 ⁵0¹¹01·
717 886 732 927 ἶ
774 867 914 944 αὖΥ·
964 886 977 920 ²
1022 866 1223 942 θεωρῶ·
1254 865 1597 940 AP⁰u⁰nius
1634 861 1811 937 5()ΡῙᾸ·
1845 860 1953 917 αὖ·
2048 888 2210 944 Libri
2235 907 2398 946 versu
2424 909 2457 946 α
2483 887 2682 947 κάνίοτ’
2711 889 2896 964 ducx„
2933 889 3082 946 forte
3117 895 3329 949 omisso
3373 892 3465 972 ἄρ’
3491 909 3609 954 ante

388 958 679 1035 γάζομαι
726 977 739 1012 t
792 956 922 1032 δρῶ.
974 980 999 1006 α
1055 953 1365 1028 Exscripsit
1410 951 1703 1026 sequentia
1757 949 1959 1006 Suidas

388 1067 448 1106 v.
478 1041 777 1106 Δυσὸουλία
807 1039 1119 1114 Ἀθηναίων,
1138 1041 1236 1096 ubi
1261 1051 1444 1116 poetae
1473 1057 1684 1095 nomen
1711 1038 1954 1108 excidit3

390 1135 462 1196 cf.
482 1136 661 1192 schol.
684 1137 787 1191 Ar.
804 1131 959 1190 Nub.
990 1129 1129 1201 587.
1154 1130 1385 1186 Dictum
1408 1127 1570 1198 illud,
1590 1126 1960 1184 Athenienses

388 1225 669 1280 feliciores
699 1239 812 1278 esse
844 1237 1017 1294 quam
1044 1217 1444 1295 prudentiores
1462 1257 1477 1288 ,
1510 1233 1545 1272 a
1566 1215 1758 1272 multis
1786 1233 1960 1272 usur-

388 1324 586 1388 patum
609 1322 710 1367 est.
740 1334 763 1360 ν
802 1309 891 1365 M.
1164 1356 1169 1363 .

1148 1419 1205 1479 8.

470 1532 665 1591 Schol.
694 1531 983 1606 Aristoph.
1011 1533 1116 1588 Av.
1152 1549 1328 1607 1297,
1355 1529 1427 1586 de
1460 1540 1689 1586 oratore
1716 1530 1962 1602 Syraco-

389 1624 473 1678 sio
506 1642 518 1677 ε
546 1610 692 1684 οὗτος
714 1617 817 1697 γὰρ
844 1620 947 1676 τῶν
973 1616 1095 1696 περὶ
1112 1614 1172 1674 τὸ
1199 1621 1370 1694 βῆμα.
1410 1615 1500 1674 καὶ
1532 1618 1601 1676 Ε.
1628 1617 1699 1681 ὣς
1719 1615 1879 1672 λάλον
1909 1615 1962 1671 ἐν

392 1707 592 1771 Πόλεσι
618 1707 873 1786 διασύρει·

490 1824 837 1915 Συρακόσιος
868 1813 923 1886 δ’
954 1821 1168 1904 ἔοικεν,
1202 1821 1356 1892 ἡνίκ’
1396 1815 1466 1884 ἂν
1495 1821 1669 1910 λέγῃ,

490 1938 617 2007 τοῖς
644 1922 967 1996 κυνιδίοισι
998 1935 1191 1992 τοῖσιν
1228 1923 1326 1992 ἐπὶ
1361 1935 1483 1991 τῶν
1519 1925 1786 2018 τειχίων·

491 2029 714 2111 avagia<
741 2032 854 2126 γὰρ
875 2033 972 2099 ἐπὶ
1000 2035 1074 2099 τὸ
1103 2037 1250 2124 βῆμ’
1287 2038 1543 2100 ὑλακτεῖ
1567 2033 1960 2124 περιτρέχων.

394 2171 573 2222 Versu
598 2186 631 2220 α
656 2165 787 2220 libri
811 2159 1053 2228 κυνιδίοις
1075 2163 1201 2232 τοῖς,
1233 2163 1393 2238 quod
1416 2174 1789 2218 correxerunt
1814 2162 1964 2218 Gro-

394 2257 507 2310 tius
533 2253 801 2328 Excerpt.
826 2271 891 2328 p.
927 2249 1065 2322 502,
1091 2251 1326 2308 etPors.
1351 2251 1585 2312 Miscell.
1609 2269 1669 2326 p.
1699 2248 1796 2308 35.
1820 2251 1966 2305 Item

396 2343 527 2398 libri
559 2338 805 2418 τειχέων,
844 2350 1165 2397 correctum
1212 2358 1243 2394 a
1270 2339 1540 2396 Dobraeo.
1575 2337 1820 2413 llesych.
1856 2359 1963 2394 τει-

392 2427 507 2506 χίον
545 2449 556 2482 :
586 2430 633 2485 οἱ
653 2425 875 2486 Ἀττικοὶ
900 2423 989 2483 τὸν
1020 2427 1037 2502 (
1068 2425 1261 2482 malim
1290 2423 1391 2500 τὸ)
1426 2421 1704 2502 περίὸολον
1729 2424 1835 2489 τοῖς
1856 2446 1964 2502 χω-

396 2517 539 2594 ρίοις.
564 2576 571 2584 ,

1152 2631 1210 2687 9.

477 2727 681 2782 Athen.
716 2743 779 2799 9,
809 2743 871 2800 p.
918 2725 1051 2800 392,
1092 2727 1181 2781 E:
1222 2721 1568 2799 ὑποριστικῶς
1610 2718 1667 2778 δὲ
1699 2722 1767 2783 E.
1802 2721 1855 2777 ἐν
1886 2719 1964 2778 Π.

398 2809 579 2878 αὐτοὺς
606 2810 623 2888 (
643 2809 759 2877 τοὺς
786 2807 1035 2889 ὄρτυγας)
1067 2808 1319 2881 κέκληκεν
1347 2806 1499 2887 ὀρτύ
1516 2830 1657 2886 για,
1686 2805 1857 2886 λέγων
1883 2805 1967 2866 οὕ·

397 2922 515 2968 τως·
970 2940 987 2973 ,

410 3038 429 3049 ·
494 3045 557 3086 α.
598 3008 873 3111 ὄρτυγας
912 3018 1155 3109 ἔθρεψας
1187 3020 1255 3083 σύ
1290 3043 1456 3094 τινας
1488 3011 1607 3090 ἤδη
1646 3018 1934 3097 πώποτε;

502 3130 561 3209 β.
605 3114 813 3217 ἔζγωγε
853 3126 1038 3216 μικροί
1065 3130 1123 3216 γ’
1158 3125 1428 3216 ὀρτύγια·
1468 3119 1734 3189 κᾶπειτα
1766 3122 1869 3205 τίς

399 3254 575 3315 Versu
611 3272 634 3308 1
672 3253 805 3308 libri
836 3250 1061 3331 θρέψας,
1091 3251 1251 3326 quod
1279 3252 1531 3307 correxit
1564 3252 1802 3308 Person.
1846 3249 1970 3305 Ad-

399 3360 543 3398 vers.
572 3361 630 3415 p.
671 3362 693 3397 1
711 3360 807 3416 ια,
834 3351 890 3397 et
914 3341 1150 3398 Miscell.
1178 3360 1239 3415 p.
1273 3346 1412 3406 240.
1442 3338 1605 3397 Idem
1632 3349 1840 3415 praeter
1864 3358 1970 3395 ne-

401 3431 717 3485 cessitatem
737 3449 797 3485 v-
824 3449 858 3486 a
910 3426 1056 3508 μίκρ’
1088 3426 1201 3484 ἄττ’
1232 3424 1467 3506 ὀρτύγια.
1499 3452 1524 3477 ι
1558 3426 1728 3483 Haud
1749 3427 1972 3499 impro-

402 3517 593 3575 babile
616 3530 714 3587 est,
758 3520 879 3575 haec
922 3528 1177 3595 spectare
1206 3517 1282 3573 ad
1323 3516 1586 3586 Demum,
1630 3513 1976 3591 Pyrilampis

400 3607 579 3663 filium
606 3606 713 3682 (fr.
752 3626 819 3678 ¹7
846 3610 887 3681 ),
920 3626 1119 3681 quem,
1147 3608 1326 3681 patris
1348 3608 1613 3681 exemplo
1630 3645 1647 3675 ,
1675 3606 1875 3659 avium·
1892 3605 1974 3659 al·

402 3708 583 3751 torem
611 3696 778 3751 fuisse
801 3706 1053 3770 constat3
1077 3714 1135 3749 v.
1167 3694 1401 3750 Boeckh.
1435 3696 1667 3750 Dissert.
1698 3691 1976 3769 altera-de

402 3796 659 3861 tempore
686 3785 956 3859 Reipubl.
984 3776 1131 3841 Plat.
1158 3802 1219 3858 p.
1250 3790 1341 3851 14.
1381 3808 1405 3833 υ
1434 3786 1523 3840 Μ.

1144 3912 1233 3950 10.

484 4006 634 4066 Plut.
672 4005 793 4065 vit.
818 4008 1069 4065 Cimonis
1108 4028 1157 4063 c.
1194 4006 1263 4064 15
1294 4028 1307 4061 ι
1349 4005 1435 4063 τὸν
1484 4006 1649 4080 δῆμον
1688 4001 1976 4085 ἐξηρέθιζον

405 4092 577 4151 ἐκεῖνά
607 4115 666 4151 τε
692 4091 760 4150 τὰ
790 4092 919 4171 πρὸς
942 4091 1037 4165 τὴν
1061 4092 1289 4175 ἀδελφὴν
1319 4090 1717 4167 ἀνανεούμενοι,
1752 4092 1976 4171 καὶλοι-

404 4178 667 4255 κωνισμὸν
691 4180 1074 4247 ἐπικαλοῦντες·
1105 4182 1175 4246 εἰς
1203 4179 1237 4237 ἃ
1270 4180 1361 4239 καὶ
1394 4178 1460 4238 τὰ
1492 4177 1782 4245 Εὐπόλιδος
1805 4180 1976 4237 διατε-

404 4265 658 4347 θρύληται
683 4267 806 4348 περὶ
834 4268 1109 4345 Κίμωνος,
1128 4268 1209 4326 ὅτι

1162 4446 1216 4497 8.

406 4526 722 4597 Syracosius
746 4534 931 4583 autem
958 4526 1153 4583 similis
1174 4536 1277 4593 est,
1310 4542 1479 4599 quum
1498 4534 1639 4593 orat,

405 4612 664 4669 caniculis
693 4613 749 4668 in
771 4614 941 4670 muris
968 4632 983 4669 τ
1362 4658 1371 4667 .

406 4708 661 4769 suggestu
686 4700 834 4757 enim
858 4715 1085 4756 ascenso
1108 4700 1271 4757 latrat
1288 4702 1739 4758 circumcurrens.

1164 4794 1217 4843 9.

406 4888 457 4930 a.
488 4874 635 4928 Num
650 4879 713 4929 tu
737 4874 849 4944 jam
872 4872 1171 4947 aliquando
1192 4874 1493 4930 coturnices
1510 4874 1729 4931 aluisti?

410 4962 464 5015 ll.
498 4961 621 5017 Alui
642 4962 950 5019 coturnices
974 4960 1197 5034 quidem
1228 4962 1495 5033 parvulos.
1532 4962 1677 5033 Quid
1695 4966 1855 5019 tum?
1890 5020 1899 5031 ‚

1190 5056 1269 5106 ¹⁰.

408 5136 589 5193 Malus
608 5137 829 5210 quidem
857 5153 967 5194 nou
990 5136 1115 5200 suit.
1143 5137 1239 5195 sed
1270 5146 1455 5210 potum
1484 5153 1677 5195 amans
1700 5146 1755 5195 et
1780 5140 1976 5193 incon-

1647 5224 1934 5293 [sideratus
1963 5245 1974 5279 ;

2051 975 2146 1032 ἀπ.
2177 987 2420 1052 propter
2437 977 2864 1034 similitudinem
2881 979 3197 1034 litterarum
3215 999 3257 1035 π
3289 991 3352 1036 et
3383 1003 3414 1058 ρ
3441 985 3500 1037 in
3519 1003 3610 1038 co-

2051 1064 2275 1121 dicibus
2295 1069 2528 1122 vetustis
2553 1107 2572 1137 ‚
2605 1067 2678 1124 de
2703 1085 2820 1143 qua
2846 1085 2903 1128 v.
2937 1083 3070 1126 ann.
3095 1069 3170 1125 ad
3205 1071 3392 1144 soph.
3427 1075 3606 1149 Antig.

2055 1160 2168 1228 294
2195 1155 2286 1210 ed.
2311 1156 2407 1212 alt.
2427 1151 2562 1232 Ἄρα
2581 1158 2732 1212 enim
2745 1157 3184 1214 huicsententiae
3197 1162 3490 1235 convenit,
3509 1183 3612 1236 qua

2053 1243 2314 1316 exemplo
2354 1244 2638 1316 probatur
2678 1242 2900 1318 ἀμέλεια
2941 1245 3214 1304 Cimonis.
3243 1249 3436 1304 Minus
3473 1265 3612 1308 recte

2053 1333 2293 1388 Porson.
2343 1329 2418 1388 ad
2456 1332 2644 1389 Orest.
2694 1331 2802 1389 581
2855 1331 3054 1390 κάνίοτ’
3083 1329 3148 1390 ἂν
3187 1335 3505 1410 ἀπεκοιμᾶτ’
3539 1337 3609 1392 ἄν.

2054 1419 2122 1472 V.
2157 1417 2190 1474 3
2219 1417 2350 1474 libri
2379 1419 2528 1476 male
2559 1415 2714 1490 τήνδε
2755 1418 2948 1496 (τῆδε)
2975 1439 3085 1495 pro
3117 1421 3262 1499 τῇδε,
3291 1424 3411 1495 lu'c,
3444 1428 3606 1482 Athe-

2053 1507 2160 1565 nis.
2185 1507 2367 1565 Sensit
2391 1508 2506 1564 hoc
2533 1508 2782 1565 Meinek.
2810 1509 3046 1567 Grotius
3069 1513 3340 1586 Excerpt.
3363 1531 3428 1588 p.
3461 1513 3562 1578 504
3597 1536 3605 1568 :

2213 1625 2392 1680 Malus
2415 1624 2570 1680 haud
2593 1635 2732 1694 erat,
2759 1623 2858 1680 sed
2881 1635 3057 1700 potor
3075 1633 3251 1699 atque·
3277 1626 3571 1702 indiligens
3597 1649 3608 1682 ε

2215 1731 2348 1766 nam
2373 1711 2744 1786 pernoctabat
2769 1712 2972 1786 saepius
2993 1713 3410 1770 Lacedaemone
3429 1745 3508 1757 —

2055 1826 2246 1882 Schol.
2276 1825 2538 1882 Aristidis
2577 1843 2641 1900 p.
2675 1823 2790 1880 515
2819 1825 2912 1884 ed.
2938 1825 3114 1881 Dind.
3148 1841 3165 1883 t
3195 1823 3524 1896 πεντήκοντα
3563 1824 3614 1882 δὲ

2055 1911 2291 1970 τάλαντα
2332 1910 2626 1990 ἐπράξαντο
2651 1911 2668 1991 (
2695 1909 2971 1987 Κίμωνα).
3005 1911 3235 1986 Δίδυμος
3257 1912 3320 1970 δέ
3349 1935 3502 1992 φησιν
3528 1913 3616 1990 οὐχ

2055 2000 2136 2058 ὅτι
2162 1999 2498 2073 ἐλακώνιζεν,
2527 2001 2646 2057 ἀλλ’
2676 1996 2756 2058 ὅτι
2786 1997 3064 2079 Ἐλπινίκῃ
3093 2003 3160 2078 τῇ
3207 2001 3416 2082 ἀδελφῇ
3451 2005 3614 2070 συνῆν·

2059 2087 2216 2146 αἴτιοι
2246 2086 2301 2145 δὲ
2323 2092 2415 2159 τῆς
2443 2087 2693 2159 διαὸολῆς
2723 2089 2771 2145 οἳ
2799 2087 3059 2162 κωμικοὶ,
3089 2087 3180 2146 καὶ
3209 2088 3448 2163 μάλιστα
3477 2091 3542 2150 Ε.
3571 2091 3618 2148 ἐν

2062 2177 2136 2236 11.
2168 2177 2387 2234 Eodem
2413 2178 2648 2251 respicit
2673 2179 2899 2234 Tzetzes
2923 2179 3070 2236 Hist.
3107 2197 3131 2233 1
3147 2218 3164 2246 ,
3195 2177 3317 2252 590
3353 2199 3368 2234 z
3395 2177 3505 2234 ἔστι
3527 2177 3616 2254 γὰρ

2057 2264 2252 2336 πλῆθος
2277 2263 2489 2342 ἄπειρον
2509 2266 2615 2323 τῶν
2634 2266 2802 2321 ταῦτα
2824 2266 2843 2341 (
2863 2266 2936 2322 de
2954 2267 3206 2323 Cimonis
3222 2270 3618 2324 consuetudine

2059 2373 2192 2409 cum
2227 2350 2462 2430 sorore)
2509 2349 2876 2430 γεγραφότων,
2923 2353 2971 2410 οἳ
3017 2350 3242 2427 κωμικοὶ
3283 2352 3380 2412 καὶ
3425 2353 3618 2434 ῥήτορες

2060 2447 2314 2526 Διόδωρος
2341 2445 2432 2505 καὶ
2452 2445 2622 2506 ἄλλοι.

2139 2672 2330 2728 Schol.
2362 2665 2655 2746 Aristoph.
2699 2673 2866 2746 Vesp.
2913 2689 3054 2741 1271
3092 2687 3107 2728 :
3143 2667 3232 2726 καὶ
3279 2671 3347 2730 Ε.
3387 2670 3610 2750 ἐμφαίνει

2059 2760 2153 2829 τὴν
2179 2755 2462 2838 πρεσὸείαν
2487 2757 2540 2814 ἐν
2571 2755 2684 2822 ταῖς
2713 2757 2788 2816 Π.

2159 2873 2472 2969 Χάμυνίας
2502 2875 2720 2951 ἐκεῖνος
2757 2875 2968 2965 ἀμέλει
3004 2877 3360 2959 κλαύσεται,

2164 2987 2260 3050 ὅτι
2289 2978 2364 3049 ἃν
2395 2980 2668 3076 ἄγροικος
2704 2982 2952 3046 ἵσταται
2985 2981 3134 3072 πρὸς
3169 2989 3260 3067 τῷ
3299 2984 3486 3075 μύρῳ·

2156 3092 2312 3154 ὅτων
2347 3082 2394 3154 θ’
2433 3090 2622 3153 ἕνεκεν
2667 3087 2922 3152 ἔπλευσε
2949 3087 3132 3163 κακὸς
3167 3085 3248 3151 ὢν
3281 3086 3530 3151 εἴσεται.

2061 3216 2220 3272 Libri
2255 3214 2337 3291 χὼ
2367 3210 2642 3287 ’μυνίας...
2669 3207 2750 3267 ὅτι
2779 3207 2967 3287 ἄγρη..
2999 3208 3198 3289 μυρίῳ,
3227 3208 3308 3268 ὅτι
3347 3212 3478 3267 Θεῶν
3505 3208 3624 3266 ἕνεκ’

2067 3301 2237 3377 (cod.
2291 3304 2486 3357 Venet.
2535 3295 2686 3354 εἵνεκ’
2717 3296 2806 3371 )...
2865 3300 3046 3355 Recte
3099 3300 3273 3354 Mein.
3333 3296 3622 3373 Χάμυνίας,

2064 3390 2248 3447 Dobr.
2283 3388 2359 3444 ad
2389 3389 2600 3445 Ecclcs.
2633 3386 2772 3461 289,
2803 3381 2976 3463 μύρῳ.
3024 3390 3388 3443 Hei-mannus
3423 3390 3620 3463 Opusc.

2069 3476 2127 3548 5,
2155 3497 2213 3551 p.
2237 3494 2376 3551 297,
2402 3494 2589 3551 prope
2609 3492 2806 3530 verum
2828 3468 2908 3529 ὅτι
2935 3472 2980 3529 0·
3000 3462 3074 3530 ὧν
3091 3471 3284 3545 ἕνεκεν,
3303 3487 3419 3532 etc.
3449 3472 3538 3530 Ἂν
3556 3476 3624 3527 fa-

2068 3567 2176 3622 cile
2194 3565 2408 3622 excidit
2425 3575 2554 3619 ante
2578 3559 2666 3637 ἄγ.
2691 3563 2840 3618 Male
2864 3564 3051 3621 Dobr.
3070 3559 3151 3619 ὅτι
3169 3558 3243 3619 ὧν
3263 3560 3386 3641 ἅγρ,
3415 3590 3442 3612 ι
3473 3568 3626 3637 Amy·

2067 3656 2173 3710 niae
2189 3648 2622 3731 παραπρεσὸείαν
2642 3670 2711 3707 ex
2731 3650 3014 3725 Eupolide
3029 3664 3444 3707 commemorat
3460 3653 3620 3707 schol.

2068 3747 2164 3800 Ar.
2187 3744 2338 3800 Nub.
2368 3742 2477 3815 691
2517 3760 2532 3796 z
2563 3740 2631 3799 E.
2663 3736 2717 3795 δὲ
2739 3741 2811 3804 ὡς
2837 3736 3348 3817 παραπρεσὸευτὴν,
3377 3738 3625 3818 ὅπερ-καὶ

2069 3830 2122 3886 ἓν
2153 3836 2264 3896 ταῖς
2295 3827 2464 3908 Σφηξὶ
2488 3826 2746 3907 φαίνεται.
2773 3854 2797 3879 ι
2827 3828 2918 3885 M.

2149 4089 2309 4149 Idem
2343 4090 2525 4148 schol.
2567 4090 2715 4145 Ran.
2769 4084 2940 4156 1513,
2987 4106 3062 4160 με
3079 4082 3135 4141 τ’
3188 4082 3360 4143 ’Asea
3377 4083 3626 4159 μάντου

2068 4182 2184 4236 τοῦ
2215 4175 2639 4255 Λευκολόφου
2675 4194 2690 4235 :
2717 4172 3010 4252 στρατηγὸς
3032 4164 3096 4245 ἦν
3125 4176 3214 4231 τοῦ
3247 4174 3513 4231 ναυτικοῦ.
3545 4173 3627 4227 καὶ

2070 4268 2134 4326 Ε.
2159 4264 2424 4343 μέμνηται
2446 4264 2499 4321 ἐν
2522 4262 2750 4323 Πόλεσιν
2771 4260 2934 4327 οὕτως
2951 4264 3174 4339 περὶτοῦ
3199 4259 3553 4335 Ἀδειμάντου·

2073 4436 2256 4508 itaque
2279 4433 2555 4491 interdum
2577 4432 2824 4489 cubitum
2845 4429 3104 4487 abscessit
3127 4427 3594 4491 Lacedaemonem,

2073 4526 2158 4582 vel
2181 4524 2292 4597 ipsa
2317 4524 2567 4595 Elpinice
2595 4520 2687 4577 hic
2709 4520 2896 4577 relicta
2923 4518 3058 4576 sola.

2815 4612 2834 4661 1
2851 4612 2898 4661 1.

2073 4680 2142 4755 Et
2162 4697 2424 4771 Amynias
2451 4696 2550 4752 iste
2577 4694 2818 4767 profecto
2849 4693 3101 4765 plorabit,
3131 4658 3138 4666 ι

2071 4786 2196 4857 quia
2216 4784 2453 4841 rusticus
2481 4780 2658 4839 adstat
2685 4789 2997 4852 unguento;

2071 4886 2418 4945 quorumque
2447 4885 2608 4927 causa
2633 4870 2930 4939 navigavit,
2959 4870 3014 4924 in
3039 4868 3104 4923 iis
3127 4868 3380 4939 ignavum
3401 4880 3460 4919 se
3485 4858 3626 4915 intel-

3489 4950 3623 5019 libel.

2814 5028 2898 5103 1⁰2.
3465 4954 3482 5019 Ι

2071 5168 2142 5179 -
2169 5139 2362 5193 Nonne
2387 5136 2492 5192 hoc
2516 5133 2719 5191 durum
2743 5142 2828 5189 est
2853 5134 2962 5205 pati
2987 5148 3074 5189 me
3091 5173 3106 5193 .

2074 5220 2496 5296 Leucolopliidoe
2520 5220 2721 5289 filium,
2751 5221 3058 5279 Porthaone
3085 5220 3226 5275 orti?
