3809 5850
308 356 419 407 708

1090 342 1553 404 comcoRUM
1596 342 1960 405 iNcEnTAE
1999 344 2298 405 AETATis
2339 344 2742 419 RELlQUlAE.

380 482 445 535 V.
472 478 503 534 3
527 472 795 555 βάρὸαρετ
822 500 845 523 α
877 494 1005 531 cum
1031 494 1196 531 servo
1216 478 1367 531 enim
1390 478 1739 550 colloquitur
1760 497 1859 532 co·
1951 498 2150 535 verum
2179 481 2338 554 quod
2371 482 2536 555 posui
2561 478 2610 540 δ’
2655 478 2714 533 οὗ
2741 477 2923 555 σαφές.
2955 480 3020 535 V.
3051 486 3152 549 44,
3185 476 3262 545 45
3292 480 3376 535 sic
3401 480 3512 535 Do-

300 586 445 641 quus
463 612 481 640 ,
504 585 675 640 quem
715 566 810 621 ille
850 582 1022 621 coenae
1042 565 1311 641 parandae
1340 582 1509 621 causa
1534 565 1859 623 conducere

300 672 331 709 a
358 654 592 709 domino
615 652 801 725 jussus
844 663 983 710 erat.
1008 650 1191 710 Scena
1232 653 1291 707 in
1332 670 1399 708 ea
1427 652 1539 708 fori
1564 663 1726 729 parte
1754 664 1855 722 est,

286 742 399 795 -ubi
422 758 739 814 coquorum
775 742 942 795 statio
982 749 1124 798 erat.
1156 742 1221 797 V.
1260 738 1296 794 6
1331 758 1462 813 sqq.
1508 740 1700 797 festive
1730 742 1862 795 imi-

300 840 453 885 tatur
494 840 694 902 poetas
738 828 1023 902 tragic05,
1072 828 1467 883 mansuetioris
1527 828 1655 883 vitae
1698 830 1858 885 initia

297 926 645 993 exponentes
681 935 696 970 ε
724 914 861 973 vide
898 934 951 970 e.
982 934 1031 971 c.
1068 913 1304 971 critiam
1338 917 1395 969 in
1422 916 1661 991 Sisypho
1704 916 1857 991 apud

295 1007 529 1061 Sextum
543 1006 757 1080 Empir.
785 1003 934 1059 Λᾶν.
966 1003 1147 1061 Math.
1173 1022 1233 1077 9,
1262 1002 1360 1073 54,
1390 1013 1445 1060 et
1471 1004 1857 1060 Moschionem

298 1094 355 1148 in
388 1094 627 1149 Pheraeis
668 1089 825 1166 apud
878 1088 1165 1145 Stobaeum
1208 1090 1327 1147 Ecl.
1373 1092 1535 1166 phys.
1587 1110 1636 1160 1,
1682 1092 1778 1149 38.
1823 1112 1853 1147 n

300 1182 481 1237 Mee'n.
508 1183 580 1237 V.
620 1198 641 1234 1
662 1199 683 1235 1
718 1176 877 1241 θύσας
904 1193 1013 1250 pro
1056 1172 1190 1233 ἔθυσ’
1220 1196 1419 1253 margo
1456 1176 1535 1251 P,
1582 1191 1647 1234 ut
1680 1182 1859 1236 voluit

296 1269 575 1342 Reisigius
608 1266 889 1337 Conjectt.
924 1282 984 1337 p.
1022 1271 1115 1331 41.
1150 1264 1371 1321 Ibidem
1402 1262 1563 1342 κρέας
1586 1286 1693 1343 pro
1729 1264 1855 1344 κρέα

298 1356 595 1409 Personas.
622 1356 689 1407 V.
722 1370 789 1408 12
822 1350 891 1413 ὡς
918 1350 1155 1407 Casaub.
1186 1352 1345 1408 Libri
1368 1348 1512 1417 ἴσως.
1536 1355 1605 1410 V.
1646 1353 1739 1427 ιδ,
1762 1355 1856 1410 hic

292 1458 481 1499 versus
499 1441 673 1517 vulgo
686 1438 981 1517 legebatur
992 1448 1125 1514 post
1139 1436 1237 1511 25,
1254 1442 1583 1517 importune
1600 1442 1853 1519 quidem.

294 1534 353 1587 V.
404 1547 474 1603 17
510 1531 643 1585 libri
677 1530 792 1585 fere
832 1530 1100 1585 ἕπιπλεῖον
1146 1528 1267 1585 τίν’.
1313 1534 1404 1589 VL
1442 1530 1529 1588 ἐπὶ
1582 1532 1849 1591 πλεῖστον.

292 1618 569 1691 Apertum
634 1629 717 1673 est
760 1618 853 1673 τιν’
916 1636 986 1672 ex
1048 1620 1501 1691 praecedentibus
1544 1624 1851 1697 irrepsisse.

290 1706 511 1762 Deinde
532 1706 661 1760 libri
684 1694 861 1775 ηὖξον,
881 1705 1021 1760 PVL
1034 1695 1211 1774 ηῧξαν.
1229 1711 1440 1783 Aptum
1459 1710 1637 1764 visum
1651 1721 1731 1769 est
1750 1706 1819 1779 ηὕ
1832 1742 1854 1751 -

290 1792 379 1860 ξει.
414 1794 484 1853 V.
518 1794 587 1850 18
614 1791 658 1850 δ’
682 1794 909 1851 inserui.
940 1782 1172 1863 'Qua-rit
1203 1797 1321 1852 haec
1348 1814 1567 1871 coquus
1586 1838 1602 1866 ,
1639 1807 1697 1853 et
1734 1798 1853 1871 ipse

288 1882 395 1937 sibi
418 1882 721 1957 respondet
748 1882 933 1939 verbis
954 1882 1013 1939 οὗ
1039 1879 1140 1960 γὰρ
1159 1880 1611 1963 -ἐξευρημένοι,
1642 1886 1849 1957 quibus

290 1972 597 2041 indicatur,
625 1983 760 2027 tunc
784 1974 915 2032 salis
944 1991 1109 2031 usum
1136 1974 1451 2047 generatim
1478 1971 1735 2033 nondum
1761 1972 1853 2027 in-

290 2070 519 2117 ventum
546 2044 729 2121 fuisse.
763 2064 825 2117 V.
858 2079 934 2117 20
959 2086 984 2111 ιι
1008 2062 1245 2117 Nullum
1266 2061 1379 2116 hoc
1405 2060 1669 2123 disertius
1694 2061 1851 2115 testi-

290 2149 579 2217 monium,
610 2166 645 2203 a
672 2148 798 2202 salis
832 2166 941 2204 usu
978 2147 1307 2204 abstinuisse
1345 2148 1571 2205 Graecos
1594 2149 1653 2201 in
1680 2148 1851 2203 sacris

288 2234 575 2291 faciendis.
600 2232 775 2305 Cujus
804 2237 885 2290 rei
905 2236 1005 2309 qui
1028 2238 1377 2290 contrarium
1400 2234 1631 2291 tradunt
1657 2252 1849 2311 gram·

288 2323 511 2392 matici,
553 2341 585 2376 a
626 2322 969 2381 Buttmanno
1010 2322 1189 2380 Lexil.
1230 2340 1283 2393 1,
1322 2340 1385 2397 p.
1419 2342 1566 2394 200,
1602 2324 1849 2391 laudati,

286 2412 679 2469 Romanorum
736 2429 949 2468 morem
1006 2413 1063 2466 in
1116 2412 1308 2466 animo
1346 2410 1671 2465 habuerunt
1711 2428 1725 2467 :
1778 2410 1849 2465 cf.

286 2498 605 2573 Schweigh.
622 2498 803 2559 Mein.
832 2523 857 2549 ¹·
874 2502 942 2557 V.
958 2516 1027 2554 21
1052 2497 1320 2556 mendose
1332 2496 1463 2554 libri
1476 2498 1547 2561 εἷς
1565 2494 1661 2565 τὴν
1678 2498 1849 2554 τοιαύ-

285 2609 382 2657 την
402 2588 613 2667 χρῆσιν,
636 2584 799 2659 quod
820 2588 1067 2643 correxi.
1095 2576 1235 2641 Post'
1254 2603 1308 2645 v.
1338 2582 1413 2639 25
1436 2585 1733 2663 legebatur
1752 2588 1850 2659 qui

286 2674 439 2755 apud
464 2692 569 2730 nos
595 2692 653 2731 v.
696 2673 763 2729 16
794 2674 953 2751 (cum
978 2694 1035 2729 τε
1054 2692 1162 2749 pro
1190 2690 1284 2749 γε,
1318 2674 1476 2746 quod
1516 2672 1842 2751 posuimus)

285 2770 341 2815 et
368 2758 456 2817 ἐπὶ
484 2760 663 2816 πλεῖον
685 2756 855 2825 αὔξειν
874 2756 967 2831 τὴν
996 2756 1307 2837 μαγειρικὴν
1338 2756 1531 2837 τέχνην
1553 2799 1569 2827 ,
1600 2760 1701 2817 sed
1722 2761 1843 2818 vid.

285 2863 340 2907 v.
372 2868 461 2920 ¹7-
490 2852 559 2906 V.
596 2865 695 2918 αα,
728 2848 803 2904 23
847 2845 1146 2924 legebatur
1174 2844 1265 2903 καὶ
1310 2844 1427 2913 τοὺς
1462 2845 1593 2913 ἅλας
1618 2868 1711 2925 πρ.
1746 2846 1847 2918 ἤδη

284 2937 385 2994 τῶν
417 2937 570 3015 ἱερῶν
608 2935 1010 3015 γεγραμμένων.
1061 2937 1315 3002 Correxi.
1358 2939 1429 2996 V.
1480 2937 1554 2993 26
1598 2937 1845 2992 Meinek.

283 3022 535 3101 πάρεστιν
560 3043 669 3100 pro
690 3026 973 3082 deteriore
998 3044 1133 3084 sane
1161 3015 1427 3082 codicum
1444 3027 1721 3100 scriptura
1746 3024 1849 3103 γάρ

283 3113 444 3172 ἐστιν.
474 3115 793 3190 Palaephato
807 3133 1004 3173 servus
1022 3132 1271 3191 coquum
1292 3133 1626 3192 comparans
1650 3115 1851 3170 irridet

283 3221 444 3278 eum,
488 3205 729 3279 opinor,
770 3215 1039 3278 tanquam
1058 3205 1417 3260 incredibilia
1444 3205 1846 3260 venditantem.

287 3295 351 3350 V.
378 3310 454 3369 ²9
480 3311 637 3369 seqq.
669 3293 1012 3352 describitur
1040 3293 1243 3352 lioedus
1264 3295 1433 3354 variis
1456 3293 1849 3354 farciminibus

284 3380 577 3442 distentus.
602 3383 766 3442 Libri
788 3383 1017 3462 ἀκριὸῶς
1040 3381 1241 3464 ἐρίφιον
1258 3424 1277 3454 ,
1298 3384 1505 3442 deinde
1534 3383 1587 3440 ἐν
1614 3402 1850 3460 τακερω-

284 3489 547 3526 σεπνικτω
568 3473 649 3541 A-,
664 3467 921 3547 ἐτακέρωσε
950 3469 1179 3530 ἕπνίκτω
1218 3447 1345 3542 {31³3
1374 3466 1647 3548 ἐντακερὸν
1667 3467 1853 3546 ἔμπνι-

285 3577 406 3614 κτον
449 3561 577 3629 vl.;
621 3554 914 3636 ἐτακέρωσε
940 3555 1153 3616 πνικτὸν
1192 3555 1513 3628 Porsonus,
1544 3575 1651 3616 nec
1696 3569 1851 3618 recte

284 3647 559 3702 Dobraeus
588 3645 743 3704 delet
766 3642 995 3727 ἀκριὸῶς
1012 3687 1029 3716 ,
1062 3643 1225 3723 quod
1251 3656 1379 3701 ante
1423 3640 1634 3702 διέλαὸε
1659 3646 1849 3720 posui.

285 3740 351 3792 V.
375 3735 447 3792 30
462 3747 519 3790 et
537 3735 567 3790 3
581 3754 599 3789 ι
629 3734 759 3789 libri
775 3731 1176 3813 περικομματίω
1195 3733 1264 3790 δι’
1285 3729 1553 3811 ἐπίγγρας,
1575 3751 1702 3808 quae
1720 3751 1848 3788 cor·

282 3826 425 3882 rexi.
462 3828 524 3881 V.
560 3821 627 3878 31
657 3822 790 3880 libri
812 3821 921 3878 056⁹
942 3818 1227 3899 ὁρώμενον,
1271 3840 1521 3896 quocum
1556 3833 1688 3898 apte
1714 3839 1851 3880 con-

279 3911 441 3982 junxi
484 3908 725 3988 λαχάνῳ,
770 3911 829 3966 in
856 3909 1055 3966 iisdem
1084 3907 1315 3986 λάχανον
1350 3911 1643 3986 scriptum.
1671 3913 1739 3966 V.
1772 3909 1844 3974 34

282 4009 413 4072 post
430 3995 587 4070 πολὺ,
607 4019 717 4074 pro
740 4017 857 4072 quo
898 4000 940 4054 L
978 3998 1151 4055 habet
1177 3995 1365 4068 πουλὺ,
1398 3997 1642 4055 Meinek.
1690 3997 1849 4054 addi-

286 4085 369 4140 dit
413 4083 465 4142 δὲ
482 4126 499 4154 ,
528 4087 791 4146 Dindorf.
836 4107 907 4142 τι.
944 4087 1165 4144 Deinde
1203 4087 1481 4148 librorum
1528 4089 1616 4144 ν’ῠν
1658 4085 1843 4161 friget.

284 4173 485 4230 Scribo
506 4196 531 4228 ν
546 4173 589 4250 ᾤ
604 4196 649 4230 ν.
694 4179 758 4235 V.
792 4173 862 4229 35
886 4173 1061 4241 αὐτοῖς
1083 4175 1255 4231 Dind.
1276 4191 1385 4248 pro
1408 4171 1601 4238 αὐτοῖς.
1622 4173 1849 4230 Grotius

281 4267 493 4318 sociare
538 4268 717 4320 vitam
756 4264 929 4330 libuit,
962 4265 1061 4335 qui
1107 4281 1157 4322 v.
1204 4263 1277 4317 36
1316 4259 1535 4336 ἐγένονθ’
1574 4263 1648 4331 αἱ,
1690 4264 1848 4335 quod

284 4349 579 4408 confirmat
600 4350 666 4407 B.
701 4349 883 4423 Vulgo
912 4344 1146 4424 ἐγένοντό
1185 4349 1231 4405 θ’
1272 4349 1349 4404 αἱ.
1382 4353 1449 4408 V.
1477 4349 1551 4404 38
1585 4347 1703 4424 περὶ
1733 4348 1848 4405 πόδ’

282 4425 331 4494 εἷ
358 4438 636 4512 Schweig.
662 4455 771 4511 pro
792 4438 1071 4498 librorum
1095 4434 1330 4513 περίποδ·
1348 4424 1415 4504 εἶ,
1443 4437 1531 4492 vel
1562 4435 1845 4514 περιποδεῖ.

283 4526 353 4585 V.
376 4532 407 4591 l.
424 4545 444 4580 1
471 4525 620 4582 ταῦτ’
646 4522 911 4600 εἰρηκέναι
926 4526 991 4584 Β.
1018 4529 1082 4586 V.
1110 4525 1183 4592 43
1207 4525 1339 4580 libri
1356 4511 1445 4580 οὖν
1468 4523 1612 4602 ἄφες.
1646 4527 1849 4584 Coraes

283 4611 317 4669 ἃ
345 4611 463 4691 φῄς.
490 4614 785 4672 Jacobsius
814 4613 1035 4671 Additt.
1067 4632 1128 4687 p.
1175 4611 1287 4678 345
1331 4611 1511 4690 ἀφεὶς,
1562 4614 1721 4687 quod
1758 4631 1851 4670 re-

246 4747 253 4754 .
283 4701 440 4775 cepit
480 4701 653 4762 Mein.
678 4699 795 4762 sed
816 4701 1221 4774 tautologicum
1240 4711 1325 4758 est
1346 4698 1511 4779 ἀφεὶς,
1548 4719 1651 4766 nec
1675 4701 1851 4762 dubie
1893 4717 1901 4738 ·

818 4819 1329 4924 ΡΕιινιῦιιιύΜ.

285 4983 385 5052 Qui
418 4982 779 5053 pei-vigilavit,
808 4988 1189 5054 pyt-amantem
1216 4990 1397 5037 sumet

288 5068 573 5139 praemium
591 5109 606 5134 ‚
636 5076 691 5124 et
720 5069 1071 5140 praesentium
1089 5108 1104 5135 ,

288 5170 454 5226 quam
490 5156 635 5222 vult,
660 5155 906 5211 basiabit.

1953 570 2157 628 braeus.
2185 569 2346 627 Libri
2367 566 2604 627 συνέσθιέ
2638 589 2748 647 μοι.
2779 568 3000 627 Deinde
3027 568 3258 645 εὐτρεπῆ
3295 570 3515 627 Grotius

1952 668 2008 713 et
2047 659 2360 715 Hemsterli.
2391 676 2498 731 pro
2527 656 2786 735 εὐπρεπῆ.

2653 869 2795 927 CVI.

2471 1002 2994 1073 CALLIPPUS.

2033 1157 2056 1183 «
2082 1132 2262 1205 Hujus
2285 1131 2708 1205 Pannychidem
2743 1150 2894 1187 unus
2928 1132 3139 1187 Athen.
3173 1148 3514 1185 commemo-

1951 1230 2054 1289 rat,
2088 1222 2182 1275 cui
2209 1222 2446 1277 Porson.
2487 1221 2804 1297 He'ppamhae‘
2823 1238 3032 1277 nomen
3080 1220 3304 1276 restitui
3328 1218 3514 1291 jussit,

1951 1308 2108 1381 cujus
2127 1308 2544 1383 Pannychidem
2565 1311 2686 1385 ipse
2712 1308 2920 1369 Athen.
2943 1308 3138 1365 laudat
3165 1310 3250 1369 ib.
3289 1328 3354 1385 p.
3377 1306 3512 1380 691,

1949 1396 2012 1455 C.
2045 1396 2268 1455 Titulus
2303 1408 2496 1455 utrum
2517 1397 2592 1455 ad
2619 1399 2906 1475 pervigilii
2935 1397 3267 1455 festivitates
3284 1405 3514 1473 spectet,

1951 1505 2024 1543 an
2047 1488 2388 1545 mulierculae
2405 1488 2476 1542 sit
2492 1506 2732 1557 nomen,
2761 1488 3081 1561 ignoratur.
3109 1484 3197 1546 Cf.
3237 1484 3514 1540 Lobeckii

1949 1576 2220 1652 Aglaoph.
2271 1594 2331 1650 p.
2397 1574 2534 1642 435.
2574 1600 2598 1627 n
2647 1576 2698 1629 E
2744 1576 2835 1633 M.
2887 1574 3288 1634 verosimilior
3331 1584 3514 1628 nmen

1947 1664 2109 1738 prior
2139 1664 2444 1738 explicatio
2470 1674 2710 1739 propter
2739 1663 2926 1737 ipsum
2949 1662 3354 1737 fragmentum.

2529 1784 2946 1853 nA'Nerlz.

2025 1914 2234 1976 Athen.
2279 1914 2369 1985 15,
2399 1934 2454 1990 p.
2499 1913 2648 1977 668.
2675 1916 2756 1971 C:
2787 1902 2854 1983 ἦν
2878 1910 2936 1969 δέ
2965 1933 3017 1968 τι
3037 1909 3128 1969 καὶ
3161 1909 3296 1969 ἄλλο
3323 1932 3510 1969 xum·

1949 2000 2076 2059 ὅίων
2095 1992 2257 2076 εἲδος,
2281 1998 2650 2080 προτιθέμενον
2676 2000 2730 2057 ἐν
2753 2006 2869 2065 ταῖς
2905 1986 3239 2077 παννυχῖσιν,
3279 1988 3340 2055 οὗ
3371 2021 3508 2073 μνη-

1949 2088 2153 2167 μονεύει
2203 2088 2515 2154 Κάλλιππος
2570 2088 2882 2163 (Porsonus
2931 2085 3022 2143 καὶ
3067 2085 3400 2164 Ἵππαρχος)
3459 2088 3510 2143 ἰν

1947 2175 2238 2256 Παννυχίδι
2258 2174 2346 2234 διὰ
2367 2174 2592 2251 τούτων,

2041 2299 2096 2369 ὸ
2125 2294 2560 2395 διαγρυπνήσας
2587 2309 2972 2393 πυραμοῦντα
2998 2298 3268 2387 λήψεται

2041 2407 2120 2475 τὰ
2146 2402 2450 2474 norwagia
2469 2456 2488 2489 ‚
2519 2408 2622 2473 καὶ
2650 2416 2773 2473 τῶν
2813 2415 3152 2498 παρουσῶν,
3195 2410 3410 2479 ἥντινα

2041 2514 2200 2581 θέλει
2217 2563 2237 2600 ,
2265 2516 2526 2605 φιλήσει.

1945 2652 2021 2715 V.
2051 2672 2074 2710 1
2117 2655 2196 2709 sic
2214 2650 2536 2721 Porsonus;
2566 2650 2698 2706 libri
2726 2651 2754 2706 δ
2778 2645 2824 2705 δ’
2859 2645 3200 2725 ἀγρυπνήσας
3225 2646 3318 2704 τὸν
3335 2668 3510 2724 πυρα-

1947 2744 2167 2816 μοῦντα.
2202 2743 2271 2798 V.
2301 2758 2334 2795 α
2360 2736 2641 2796 κοττάὅεια
2673 2738 2784 2796 ΑΡ.
2829 2736 3050 2793 Deinde
3075 2734 3143 2805 ἣν
3171 2734 3336 2805 θῦιει,
3367 2738 3506 2792 Pvl.

1945 2830 2096 2900 θέλη,
2119 2828 2274 2885 unde
2295 2828 2472 2883 Mein.
2508 2822 2665 2895 ἥντιν’
2691 2822 2752 2881 ἂν
2781 2820 2930 2901 θέλῃ.
2963 2825 3110 2881 Sane
3129 2824 3274 2881 nihil
3295 2828 3511 2881 verosi-

1945 2920 2140 2979 milius
2155 2935 2328 2996 quam
2355 2912 2556 2986 ἥντινα.
2609 2939 2636 2964 ι
2679 2914 2942 2970 Ceterum
2985 2922 3254 2986 apertum
3285 2922 3402 2983 est,
3443 2914 3510 2968 τὰ

1946 3005 2198 3070 κοττάὸια
2251 3007 2361 3062 hoc
2415 3005 2547 3060 loco
2595 3003 2912 3077 improprie
2966 2999 3099 3056 dici.
3163 3001 3278 3074 Qui
3333 3011 3510 3056 totam

1945 3107 2172 3152 noctem
2207 3090 2658 3168 pervigilaverit,
2709 3091 2930 3162 inquit,
2971 3093 3208 3161 pra-mii
3255 3089 3378 3143 Ioco
3417 3085 3512 3165 (τὰ

1945 3180 2237 3256 nutricia)
2290 3189 2690 3255 pyramuntem
2736 3177 2996 3250 accipiet.
3041 3179 3128 3232 De
3171 3187 3514 3250 pyramunte

1943 3271 2230 3352 pervigilii
2253 3265 2491 3350 przemio
2525 3274 2747 3326 constat
2783 3266 2954 3324 ctiam
2988 3264 3242 3324 aliunde.
3269 3265 3330 3321 Si
3359 3274 3516 3320 recte

1942 3363 2116 3418 habet
2145 3363 2205 3417 in
2223 3359 2474 3416 Athenaei
2501 3359 2634 3418 loco
2655 3356 2896 3430 Callippi
2925 3372 3160 3430 nomen,
3192 3353 3348 3410 idem
3381 3353 3512 3412 fort.

1946 3453 2112 3508 etiam
2183 3452 2228 3504 Η
2235 3448 2462 3522 esychio
2531 3446 2663 3501 resti
2672 3443 2943 3499 tuendum
2961 3486 2978 3514 ,
3053 3445 3100 3500 Δ
3115 3463 3140 3498 ε
3157 3464 3188 3498 υ
3200 3463 3233 3498 τ
3245 3463 3266 3498 ε
3283 3463 3312 3520 ρ
3327 3439 3348 3498 ι’
3363 3464 3395 3498 α
3411 3465 3433 3506 ς
3495 3463 3508 3496 :

1949 3536 2220 3602 Κάλλιπος
2241 3523 2373 3598 οἶνος
2396 3529 2538 3611 (sic)
2572 3527 2800 3600 εὐτελής.
2824 3557 2848 3581 ι
2877 3533 3056 3584 Mein.

2647 3683 2804 3696 —n—

2631 3769 2797 3826 CVII.

2441 3900 2866 3972 CLEARCH
2877 3899 3008 3966 US.

2449 4063 2496 4127 1.
2551 4058 3009 4146 ΚιθΑΡῼΔοΣ.

2699 4235 2752 4270 1.

2027 4355 2228 4412 Athen.
2267 4371 2359 4425 ιο,
2385 4371 2446 4428 p.
2477 4351 2624 4423 426,
2647 4356 2696 4409 A
2722 4373 2734 4408 :
2763 4347 2854 4407 ἐπὶ
2873 4346 3072 4414 τούτοις
3089 4351 3196 4416 τοῖς
3224 4347 3392 4426 λόγοις
3413 4349 3510 4406 ἐκ-

1943 4442 2105 4502 πίνων
2135 4441 2194 4501 τὸ
2219 4440 2466 4520 ποτήριον
2495 4441 2526 4496 ὁ
2571 4435 2870 4503 Οὐλπιανὸς
2903 4435 3004 4517 ἔφη

2133 4605 2194 4648 α.
2227 4571 2413 4668 Τῆνδ’
2449 4579 2569 4669 ἐγὼ

2045 4689 2269 4776 μεστὴν
2291 4683 2518 4750 ἅπασιν
2547 4681 2923 4770 ἐπονομάσας
2941 4727 2962 4762 ,
2987 4677 3326 4770 προπίομαι
3345 4727 3363 4762 ,

2463 4861 2976 4922 CITHAROEDUS
2985 4907 2996 4916 .

2017 5097 2088 5110 —
2111 5085 2159 5124 a.
2189 5031 2347 5124 {lane
2371 5065 2474 5140 ego
2715 4987 2763 5037 ¹·

1953 5155 2166 5228 plenam
2187 5156 2445 5213 omnibus
2469 5155 2792 5213 nominatim
2817 5155 3072 5226 propino,
