3809 5850
486 389 596 439 {26

478 512 785 569 verosimili
814 510 1145 585 conjectura
1172 514 1379 589 Bergk.
1412 515 1758 573 Commentt.
1796 532 1855 589 p.
1907 516 2044 587 327,

477 599 769 655 laudamm
812 601 975 655 illum
1024 601 1295 657 Athenaeo
1339 608 1393 673 4,
1448 621 1509 677 p.
1562 621 1696 673 170,
1744 606 1796 659 D
1845 622 1859 658 t
1904 602 2047 659 ἐπε-

479 684 614 743 σθίε
630 708 685 742 ιν
715 684 890 761 εἴρηκε
918 688 1057 757 Τηλ.
1103 689 1211 767 Πρ.
1248 686 1409 754 οὕτως
1438 717 1461 739 ιι
1493 689 1683 768 Τύριον
1712 690 1920 765 (immo
1961 713 2046 747 τυ-

479 771 596 850 ρὸν)
632 772 957 835 ἐπεσθίοντα.
991 801 1017 826 ¹·
1054 771 1351 835 Ἥδυπνόου
1379 778 1548 849 libri,
1574 798 1679 834 nec
1710 777 2048 835 mutandum

486 874 569 917 est
595 864 653 916 in
701 864 970 921 carmine.
1004 863 1182 937 Soph.
1227 863 1315 921 El.
1367 863 1520 935 452,
1559 867 1619 920 in
1658 868 1889 941 stropha
1922 864 2047 922 ἁδυ-

483 946 657 1005 πνόων
685 980 764 993 --
788 946 1090 1030 ὀνειράτων.

568 1138 730 1194 Idem
754 1158 813 1215 9,
838 1158 899 1213 p.
932 1141 1067 1215 370,
1098 1142 1142 1196 B
1173 1138 1308 1197 :mel
1334 1140 1473 1211 Τηλ.
1506 1143 1613 1220 Πρ.
1650 1160 1682 1199 (ι
1714 1142 1822 1202 Ναὶ
1856 1141 1934 1220 μὰ
1961 1141 2052 1209 τὰς

482 1222 725 1301 κράμδας
755 1252 781 1277 n
818 1227 935 1307 ἔφη.
976 1231 1060 1284 De
1090 1226 1417 1299 juramento
1447 1248 1553 1303 per
1580 1233 1851 1289 cramben
1891 1232 2049 1292 Ana-

482 1316 597 1387 nii,
644 1316 1051 1391 Hipponactis,
1095 1317 1395 1393 Eupolidis
1426 1321 1745 1379 testimonia
1788 1338 1922 1381 cum
1951 1323 2050 1379 illo

484 1402 703 1459 nrofert
718 1406 1037 1465 Athenaeus.

1242 1483 1298 1541 5.

558 1591 720 1648 Idem
753 1611 847 1663 12,
871 1612 933 1668 p.
966 1592 1080 1651 553
1100 1634 1121 1668 ,
1145 1596 1193 1650 E
1220 1614 1234 1650 z
1274 1592 1369 1652 καὶ
1402 1593 1489 1653 τὸν
1522 1595 1609 1654 ἐπὶ
1635 1596 2055 1674 Θεμιστοκλέους

482 1677 535 1735 δὲ
567 1676 679 1755 βίον
707 1681 851 1750 Τηλ.
896 1680 951 1737 ἐν
993 1682 1100 1761 Πρ.
1135 1678 1298 1760 ἁδρὸν
1330 1680 1452 1741 ὄντα
1502 1684 1853 1764 παραδίδωσι.
1898 1692 2054 1747 Con-

480 1777 811 1824 sentaneum
866 1770 1006 1843 fuit,
1058 1769 1278 1825 facilius
1318 1772 1507 1829 vivere
1545 1775 1908 1833 Athenienses
1947 1780 2055 1835 sub

480 1855 863 1911 Themistocle
882 1898 899 1926 ‚
949 1855 1250 1912 Persarum
1287 1858 1509 1916 victore
1554 1860 1773 1919 duabus
1810 1884 2052 1923 nauma-

482 1942 651 2011 chiis,
681 1944 782 2017 qui
814 1945 1015 2001 navale
1047 1955 1104 2001 et
1131 1964 1328 2002 muros
1358 1948 1711 2006 Athenarum
1738 1954 2050 2027 exstruxit,

482 2034 947 2109 commerciaque
971 2033 1189 2093 ditabat
1210 2036 1527 2114 populum3
1554 2056 1611 2095 v.
1639 2035 1881 2097 Pausan.
1917 2061 1966 2113 1,
1996 2062 2017 2098 ι
2034 2084 2050 2112 ,

487 2118 592 2189 363
624 2120 685 2192 8,
722 2119 814 2177 52.
1240 2202 1277 2261 6

568 2311 811 2385 Hesych.
834 2310 867 2342 ⁴
897 2310 1196 2391 Δορυφόν
1214 2334 1285 2371 ον
1320 2335 1334 2370 :
1366 2314 1455 2373 τὸν
1489 2314 1887 2398 δολοφονοῢντα.
1919 2317 2053 2398 Ἀρι-

485 2418 639 2476 στοφ.
668 2396 939 2477 Δαιδάλῳ.
976 2398 1057 2457 ὅτι
1094 2399 1189 2459 δὲ*
1217 2402 1551 2475 Φιλόκτητος
1574 2405 1659 2483 (v,
1692 2408 1866 2466 Mein.
1907 2410 2052 2465 Hist.

486 2486 614 2545 crit.
663 2487 825 2545 Com.
870 2505 937 2561 p.
981 2486 1082 2559 88,
1128 2487 1228 2564 89,
1261 2492 1361 2563 qui
1388 2492 1661 2563 Φιλοκλῆς
1688 2495 1960 2571 restituit)
1989 2500 2056 2575 τῇ

485 2568 618 2636 λέξει
653 2569 917 2649 ἐχρήσατο
961 2574 1190 2652 πρῶτος,
1238 2576 1390 2647 δηλοῖ
1434 2580 1577 2651 Τηλ.
1621 2580 1676 2639 ἐν
1718 2582 2056 2661 Πρυτανεῦσι

488 2654 658 2731 (sic).

1245 2762 1298 2815 7.

570 2849 805 2909 Photius
847 2855 985 2913 Lex.
1033 2874 1095 2931 p.
1158 2856 1305 2928 480,
1356 2858 1456 2934 25,
1501 2873 1560 2917 et
1617 2862 1852 2938 Suidas,
1908 2864 2057 2924 Ῥα-

487 2936 761 3012 γδαίους
791 2961 811 2995 .·
846 2940 983 2998 κατὰ
1036 2945 1337 3024 μεταφορὰν
1390 2945 1495 3005 ἀπὸ
1533 2951 1637 3007 τῶν
1678 2949 1890 3031 ὄμόρων
1939 2952 2057 3021 τοὺς

489 3025 885 3102 κεκινημένους,
916 3029 1007 3086 καὶ
1042 3031 1291 3110 σφοδροὺς
1310 3076 1327 3105 ,
1354 3033 1444 3092 καὶ
1476 3036 1799 3112 βιαίους..,..
1830 3039 1944 3098 ἔστι
1968 3041 2058 3099 καὶ

490 3114 541 3168 ἐν
583 3114 691 3191 Πρ.
712 3115 1067 3184 Τηλεκλείδου
1093 3117 1155 3176 τὸ
1182 3117 1367 3195 ὄνομα.

1240 3231 1298 3289 8.

568 3333 772 3394 Pollux
790 3357 848 3411 7,
874 3337 1016 3400 135:
1036 3341 1635 3425 ὀρνιθοθηρᾶνΤηλ.
1654 3345 1859 3428 εἴρηκεν
1876 3352 1930 3412 ἐν
1949 3353 2057 3433 Πρ.

586 3449 872 3544 Εὖχροεῒν
888 3503 905 3536 ,
933 3456 1336 3551 ὀρνιθοθηρᾶν,
1371 3471 1712 3555 σωφρονεῖν.

1130 3625 1137 3632 .
1251 3605 1309 3662 9,

574 3694 847 3766 Harpocr.
870 3714 932 3768 p.
958 3697 1054 3769 61,
1075 3718 1112 3773 9
1140 3719 1155 3755 ε
1183 3700 1323 3770 Τηλ.
1354 3701 1398 3758 δ’
1427 3703 1480 3759 ἐν
1507 3707 1615 3772 τοῖς
1635 3706 1934 3785 Πρυτάνεσι
1951 3711 2058 3790 (sic

491 3779 837 3850 Maussacus;
890 3783 1022 3839 libri
1067 3785 1119 3841 ἐν
1164 3787 1242 3866 τῷ
1291 3787 1629 3870 Πρυτανείῳ)
1676 3795 1755 3851 δι’
1807 3799 1841 3866 ἡ
1860 3795 1938 3871 μέ
1951 3821 2060 3876 ρας

496 3853 638 3922 εἶπεν
670 3865 783 3923 ἀντὶ
810 3871 899 3925 τοῦ
922 3867 987 3926 δι’
1011 3867 1137 3942 ὅλης
1160 3877 1255 3944 τῆς
1275 3874 1495 3954 ἡμέρας.

1032 4015 1103 4076 V.
1151 4019 1505 4082 ΣΤΕΡΡΟῙ.

1257 4192 1303 4228 1.

570 4289 777 4350 Athen.
813 4295 873 4362 9,
903 4314 965 4370 p.
1002 4296 1139 4372 399,
1164 4301 1208 4357 C
1236 4321 1249 4357 :
1278 4289 1474 4382 Οῧθαρ.
1496 4305 1639 4377 Τηλ.
1666 4307 1940 4388 Στερροῖς·

1476 381 1887 442 coMOEmAE
1929 381 2268 445 VETRRIS
2313 385 2718 460 RELIQUIAE.

2241 515 2322 598 Ως
2357 518 2506 587 οὖσα
2537 522 2713 599 θῆλυς
2742 522 2987 601 εἰκότως
3021 522 3198 619 οὖθαρ
3231 538 3407 620 φορῶ.

2145 682 2169 706 σι
2199 658 2361 713 Idem
2391 679 2585 715 versus
2615 680 2840 717 rursum
2867 666 3180 738 apponitur
3215 666 3286 721 ab
3321 668 3590 725 Athenaeo
3625 680 3713 742 14,

2143 764 2201 817 p.
2231 745 2371 816 656,
2417 751 2482 817 E,
2515 748 2616 803 ubi
2657 750 2864 825 legitur
2911 749 3076 829 φέρω.
3107 754 3345 809 Videtur
3372 758 3488 812 Tel.
3519 759 3579 812 in
3601 760 3714 815 hoc

2145 831 2397 890 dramate
2437 838 2622 892 virum
2659 837 2947 894 induxisse
2991 841 3245 897 mulieris
3271 842 3506 917 habitu,
3553 848 3713 921 quod

2143 920 2394 978 imitatus
2431 924 2601 980 fuerit
2627 926 3034 1001 Aristophanes
3075 930 3135 984 in
3162 928 3718 1004 Thesmophoriazu-

2145 1011 2236 1067 sis,
2274 1034 2297 1059 ι»
2337 1014 2384 1066 Ε
2413 1015 2506 1070 Μ.

2897 1144 2930 1181 2

2225 1232 2388 1289 Idem
2421 1233 2501 1291 ih.
2527 1252 2586 1309 p.
2617 1233 2759 1309 639,
2783 1237 2832 1292 A
2862 1257 2874 1290 :
2903 1236 3042 1309 Τηλ.
3070 1239 3114 1297 δ’
3143 1239 3198 1297 ἔν
3221 1244 3328 1308 τοῖς
3347 1242 3444 1303 Στ.
3475 1244 3571 1301 καὶ
3599 1246 3722 1325 περὶ

2147 1316 2385 1397 μοιχείας
2434 1318 2846 1400 ἀναστρέφεσθαί
2907 1346 3064 1402 φησιν
3128 1328 3307 1390 αὐτόν.
3358 1332 3722 1409 Gnesippum

2145 1420 2373 1485 poetam
2397 1408 2564 1479 dicit3
2589 1410 2661 1467 de
2689 1430 2806 1485 quo
2835 1411 2910 1469 ad
2935 1415 3150 1472 Cratini
3171 1416 3244 1477 fr.
3271 1418 3552 1477 Βουκόλων
3580 1441 3641 1482 a.

2901 1534 2955 1595 3.
3141 1596 3152 1605 .

2228 1642 2386 1698 Idem
2421 1648 2516 1715 14,
2546 1661 2606 1717 p.
2638 1642 2780 1713 648,
2811 1648 2852 1702 Ε
2883 1659 2901 1704 τ
2931 1651 3026 1705 τοῦ
3063 1647 3120 1707 δὲ
3161 1650 3366 1727 ἀμύλου
3394 1655 3724 1731 μνημονεύει

2147 1728 2286 1798 Τηλ.
2317 1730 2370 1785 ἐν
2402 1730 2533 1806 Στ.,
2563 1729 2755 1788 οὑτωσὶ
2783 1732 2965 1809 λέγων·

2245 1857 2416 1918 Φιλῶ
2457 1859 2809 1921 πλακοῦντα
2849 1857 3087 1950 θερμὸν,
3144 1854 3414 1955 ἀχράδας
3457 1858 3624 1957 (δ’)
3663 1872 3730 1933 οὐ

3526 1978 3732 2062 φιλῶ,

2245 2062 2436 2157 χαίρω
2475 2069 2736 2158 λαγῴοις
2763 2070 2823 2134 ἐν
2848 2068 3063 2160 ἀμύλῳ
3095 2072 3472 2165 καθημένοις.

2149 2200 2408 2256 Fortasse
2451 2203 2797 2275 ‘ponendum
2845 2214 2928 2261 est
2972 2209 3150 2265 vitato
3193 2212 3474 2284 asyndeto
3534 2216 3736 2273 inutili

2148 2285 2320 2365 χαίρω
2347 2306 2404 2345 τε
2438 2288 2564 2366 λαγ.
2599 2292 2664 2346 In
2699 2294 2892 2365 priore
2919 2314 3084 2353 versu
3123 2296 3321 2357 addidi
3357 2297 3403 2357 δ’
3412 2344 3426 2358 .
3459 2304 3552 2362 cf.
3583 2307 3736 2363 Phe·

2149 2392 2293 2434 recr.
2331 2375 2404 2433 fr.
2435 2379 2650 2439 Metall.
2689 2396 2739 2453 1,
2769 2380 2859 2438 16.

2905 2498 2961 2559 ι..

2230 2602 2422 2657 Schol.
2455 2605 2748 2679 Aristoph.
2796 2603 2932 2668 Pac.
2986 2619 3133 2680 1040
3182 2630 3197 2671 :
3247 2613 3621 2689 θυλήματα
3673 2620 3736 2678 τὰ

2151 2694 2256 2755 τοῖς
2282 2692 2414 2752 θεοῖς
2437 2690 2750 2765 ἐπιθυόμενα
2775 2692 2994 2773 ἄλφιτα·
3025 2700 3378 2777 ἐπιρραίνεται
3407 2702 3466 2760 δὲ
3493 2704 3633 2787 οἴνῳ
3649 2708 3736 2766 καὶ

2151 2776 2334 2855 ἐλαίῳ.
2369 2777 2509 2847 Τηλ.
2543 2779 2638 2837 Στ.

2251 2885 2304 2968 ὦ
2328 2895 2565 2970 δέσποθ’
2595 2898 2767 2998 Ερμῆ
2785 2958 2804 2990 ,
2840 2910 3039 2977 κοίπτε
3067 2920 3186 2987 τῶν
3217 2914 3639 3009 θυλημαῖτωνῖ

2205 3081 2628 3140 TELECLIDIS
2671 3087 3157 3147 INCERTARUM
3199 3095 3692 3161 FABULARUM

2677 3209 3156 3271 FRAGMENTA.

2235 3481 2569 3542 Plutarchus
2595 3487 2758 3544 Nicia
2791 3508 2843 3549 c.
2875 3499 2932 3560 4,
2973 3492 3046 3549 de
3072 3493 3183 3551 hoc
3218 3498 3342 3571 ipso
3376 3519 3390 3554 ι
3427 3499 3622 3562 ἐδίδου
3647 3507 3750 3586 γὰρ

2154 3568 2253 3647 οὐχ
2281 3560 2436 3639 ἧττον
2457 3579 2562 3639 τοῖς
2588 3578 2764 3642 κακῶς
2786 3585 2951 3636 ποιεῖν
2989 3581 3289 3659 δυναμένοις
3326 3584 3362 3657 ἦ
3385 3597 3512 3656 τοῖς
3541 3583 3608 3651 εὖ
3647 3597 3752 3654 πά·

2154 3677 2299 3735 σχειν
2329 3657 2504 3727 ἀξίοις.
2649 3661 2790 3734 Τηλ.
2837 3667 2934 3742 μὲν
2977 3668 3080 3748 γὰρ
3135 3671 3208 3739 εἷς
3247 3697 3362 3733 τινα
3409 3681 3532 3738 τῶν
3583 3707 3752 3742 συκο-

2153 3747 2357 3822 φαντῶν
2385 3746 2538 3805 ταυτὶ
2565 3751 2822 3823 πεποίηκε
2835 3778 2849 3791 ·

2251 3873 2589 3963 Χαρικλέης
2621 3877 2731 3965 μὲν
2759 3871 2858 3944 οὖν
2881 3872 3070 3948 ἔδωκε
3105 3889 3282 3974 μνᾶν,
3310 3889 3388 3954 ἵν’
3429 3897 3640 3962 αὐτὸν
3675 3903 3758 3990 ριῆ

3597 4009 3680 4070 λε’
3753 4062 3762 4077 .

2257 4090 2335 4161 ὡς
2368 4085 2472 4176 ἔφυ
2507 4099 2584 4180 τῇ
2622 4091 2807 4184 μητρὶ
2825 4083 3064 4160 παίδων
3093 4105 3325 4188 πρῶτος
3355 4104 3430 4168 ἐκ
3471 4033 3771 4190 βαλλαγῖζ

3581 4243 3765 4285 riou·

2250 4301 2546 4398 τέτταρας
2577 4299 2647 4373 δὲ
2689 4314 2837 4399 μνᾶς
2872 4305 3063 4380 ἔδωκε
3101 4317 3316 4394 Νικίας
3356 4329 3768 4418 Νικηράτου·

512 4449 3744 4516 Ἣ

1248 4557 1302 4607 8.

496 4624 648 4678 Bono
675 4625 857 4685 colore
878 4644 1025 4699 esse,
1056 4647 1180 4692 avos
1207 4639 1424 4707 venari,
1448 4639 1591 4715 frugi
1624 4645 1821 4702 vivere.

896 4766 1241 4827 STERILES
1270 4774 1379 4838 (vel
1416 4777 1601 4834 DURI
1617 4783 1655 4843 ).

1256 4900 1305 4948 1.

498 4971 683 5040 Quum
710 4973 812 5027 sim
839 4977 1052 5044 mulier,
1076 4981 1459 5040 convenienter
1482 4986 1620 5042 uber
1638 4987 1771 5044 sero.

1254 5073 1305 5123 3.
1766 5091 1875 5132 non
1904 5093 2030 5134 amo

498 5141 639 5198 Amo
688 5144 989 5220 placentam
1032 5151 1297 5222 calidam,
1343 5155 1486 5226 piros
1510 5079 1764 5230 (antemi
1794 5121 2063 5222 silvestres
2101 5144 2112 5227 ί

2153 4566 2472 4642 gaudeoque
2499 4571 2772 4645 leporibus
2789 4614 2806 4647 ,
2835 4578 2929 4648 qui
2953 4579 3136 4651 amylo
3165 4581 3426 4642 insident.

2913 4669 2965 4718 3.

2102 4731 2109 4832 Ι
2153 4739 2201 4793 Ο
2230 4755 2317 4796 rex
2347 4743 2613 4810 Mercuri,
2645 4746 2840 4803 devora
2869 4749 3143 4808 victimas!

2514 4832 2616 4886 EX
2655 4834 2988 4893 INCERTIS
3023 4839 3352 4897 FABULIS.

2223 4997 2496 5078 Charicles
2517 5003 2739 5075 quidem
2761 4927 3134 5066 deditii-ninam
3151 5051 3167 5076 ‚
3187 5027 3259 5069 ne
3281 5012 3502 5075 diceret

2229 5100 2356 5141 eum
2383 5089 2621 5160 primum
2651 5095 2805 5148 matri
2831 5097 3075 5166 genitum
3097 5113 3214 5154 csse
3231 5115 3294 5156 ex
3321 5115 3532 5174 saceo;

2223 5181 2481 5244 quattuor
2499 5185 2680 5234 autem
2707 5181 2883 5240 minas
2903 5181 3055 5238 dedit
3081 5185 3280 5254 Nicia&
3298 5190 3556 5251 Nicerati
3581 5199 3772 5270 filius;
