3809 5850
1549 407 1957 468 ANAxltAs.

266 579 313 615 α.
339 559 459 616 Τῶν
477 547 771 639 εὐσχόλων
794 544 948 612 πολὺ
971 547 1206 635 μᾶλλον
1225 537 1378 608 εἷναί
1401 568 1504 632 μοι
1535 533 1700 609 δοκεῖ

269 649 466 748 ἰχθύδι’
499 656 714 720 ὀπτᾶν·
753 655 814 737 β.
835 650 911 716 Τί
939 651 1262 740 σὺλέγεις·;
1283 640 1560 740 ἰχθύδια;

266 763 522 827 σύσσιτον
546 753 724 849 (οὖν)
757 759 996 848 μέλλεις
1021 755 1356 827 νοσηλεύειν
1398 747 1573 819 ‹io-ov!

267 855 568 958 ἀκροκώλι’
582 860 740 952 ἕψειν
759 858 989 954 (ἑψσίνῃ
1011 860 1062 953 ),
1097 860 1286 952 ῥύγχη
1309 908 1328 942 ,
1361 852 1575 939 πόδας.

188 992 337 1048 Versu
357 1012 380 1048 1
413 992 542 1048 libri
576 990 992 1066 trepidantibus
1029 988 1167 1044 viris
1203 985 1420 1058 doctis,
1443 987 1579 1054 ,Τῶν
1609 987 1709 1043 Αἷ-

190 1077 376 1156 σχύλου.
401 1079 798 1136 Convenerunt
825 1075 996 1132 otiosi
1014 1075 1216 1148 coqui3
1246 1085 1496 1148 quorum
1524 1092 1672 1130 unus
1689 1113 1707 1144 ,

185 1170 512 1241 potiusquam
527 1166 670 1222 nihil
681 1175 869 1240 agant,
884 1163 1188 1238 pisciculos
1205 1162 1374 1218 assari
1388 1159 1580 1237 jubet,
1595 1161 1709 1217 alio

189 1257 528 1330 obloquente,
556 1255 658 1329 qui
701 1252 1003 1310 solidiores
1040 1251 1202 1306 cibos
1240 1248 1544 1306 desiderat.
1589 1253 1708 1306 Do·-

189 1345 376 1413 braeus,·
403 1343 684 1418 probante
710 1341 914 1411 Mein„
952 1333 1088 1394 πολὺ
1113 1337 1309 1413 μεῖζον.
1349 1334 1416 1392 V.
1463 1337 1495 1392 3
1533 1335 1708 1412 vulgo

187 1429 412 1488 συσσίτιον
455 1429 663 1506 μέλλεις
703 1424 1029 1499 νοσηλεύεινς
1055 1427 1217 1502 quod
1244 1444 1447 1483 vereor
1469 1437 1535 1481 ut
1559 1425 1712 1482 dica·

189 1531 263 1574 tur
279 1538 463 1594 graece.
502 1520 620 1575 Nec
655 1527 812 1574 recte
848 1511 969 1573 ὅσον
1011 1516 1086 1571 ad
1117 1517 1416 1590 sequentia
1447 1514 1708 1576 refertur.

189 1605 249 1664 V.
279 1607 451 1671 alihri
480 1605 602 1684 ἀκρ.
637 1603 780 1683 ἑψεῗν
822 1603 934 1660 ἐστι
980 1603 1176 1679 (quod
1212 1623 1329 1659 om.
1362 1603 1478 1678 BP)
1519 1599 1712 1680 ῥύγχη,

188 1689 339 1756 πόδας.
363 1695 646 1751 Lacunam
664 1692 1062 1749 verosimiliter
1096 1691 1318 1766 explevi
1351 1711 1364 1748 ε
1395 1711 1452 1749 v.
1489 1691 1562 1746 de
1587 1711 1620 1746 α
1655 1701 1714 1747 et

190 1799 226 1834 ιι
253 1782 476 1838 confusis
497 1781 636 1841 Ind.
673 1781 990 1856 Aristoph.;
1025 1780 1202 1854 igitur
1229 1777 1406 1857 ἑψείνῃ
1439 1781 1713 1853 scriptum

187 1867 326 1924 facile
367 1869 572 1926 excidit
599 1877 732 1944 post
772 1862 934 1944 ἕψειν.
975 1891 1000 1916 ιι
1039 1865 1396 1941 Theophilus
1441 1864 1712 1924 Pancrat.

189 1968 247 2010 2:
273 1950 484 2032 ρύηιον,
511 1953 730 2026 κωλῆν,
765 1951 928 2017 πόδας
949 1951 962 2030 Ι
984 1948 1240 2030 τέτταρας
1275 1950 1459 2016 ὑείους.
1495 1977 1518 2000 »³
1553 1953 1604 2006 Ε
1627 1953 1714 2007 M.

553 2107 696 2168 ΧΠ.
742 2105 1292 2167 ΜΟΝΟΤΡΟΠΟΣ.

253 2252 438 2312 Athen.
478 2271 537 2324 7,
574 2273 636 2328 p.
672 2253 810 2325 307,
837 2253 884 2310 C
921 2273 933 2308 ε
975 2249 1078 2311 'Am
1111 2251 1164 2307 ἐν
1193 2250 1550 2328 Μονοτρόπῳ,
1591 2250 1712 2308 Μά-

185 2359 302 2395 τωνα
320 2337 398 2396 τὸν
419 2339 672 2420 σοφιστὴν
707 2337 797 2398 ἐπὶ
820 2336 1213 2418 γαστριμαργίᾳ
1238 2336 1561 2408 δαιδάλλων,
1589 2337 1719 2412 φησὶ

263 2463 371 2519 Τοῦ
398 2457 690 2548 κεστρέως
721 2443 1129 2527 κατεδήδοκεν
1155 2451 1226 2517 τὸ
1254 2435 1488 2542 κροῖνιον

264 2558 582 2652 ἀναρπάσας
598 2560 840 2628 Μάτων
859 2557 886 2651 (
904 2555 1078 2651 μὲν),
1106 2561 1223 2651 ἐγὼ
1252 2553 1314 2624 δ’
1337 2557 1718 2648 ἀπόλλυμαι.

191 2685 428 2744 Mendose
455 2685 510 2758 8,
524 2705 586 2762 p.
613 2686 756 2757 342,
785 2684 990 2758 D,ubi
1019 2685 1220 2742 eadem
1251 2686 1519 2760 leguntur
1538 2723 1554 2752 ,
1587 2682 1722 2737 libri

187 2771 366 2829 habent
401 2773 660 2853 Μάτρων,
699 2775 864 2852 quod
901 2792 1116 2831 nomen
1151 2775 1407 2849 priorem
1446 2773 1720 2846 syllabam

189 2859 426 2933 producit
439 2905 458 2934 ,
476 2881 652 2938 quam
679 2864 920 2940 corripit
943 2859 1166 2920 Μάτων.
1207 2863 1560 2938 Antiphanes
1582 2862 1718 2920 Ath.

191 2966 238 3021 p.
257 2948 377 3021 343,
397 2953 476 3022 A,
501 2950 842 3009 emendatus
869 2968 904 3007 a
928 2951 1104 3010 Dind.
1142 2967 1158 3009 τ

250 3062 340 3119 τῶν
360 3060 568 3141 ἰχθύων·
591 3062 738 3123 νυνδὶ
766 3062 968 3125 Μάτων
997 3061 1360 3144 συνήρπακεν.

192 3168 532 3232 Immodulato
553 3177 750 3233 versui
769 3195 938 3251 opem
958 3178 1065 3233 tuli
1085 3178 1288 3233 inserta
1307 3173 1402 3249 μὲν
1417 3176 1722 3250 particula,

192 3276 293 3330 quae
305 3260 442 3319 sorte
457 3265 697 3339 perierit
711 3266 866 3321 inter
878 3286 930 3321 ·ν
943 3276 996 3322 et
1018 3286 1101 3340 εγ·
1109 3266 1418 3340 ,scriptura
1433 3266 1721 3319 continua.

649 3390 816 3450 xm.
865 3390 1222 3451 ΝΕΟΤῙἸΣ.

255 3498 476 3571 Neottis
496 3504 818 3561 meretricis
855 3521 1068 3561 nomen
1109 3503 1236 3563 fuit.
1288 3504 1522 3560 Grotius
1561 3503 1730 3558 vertit

189 3582 458 3644 Iuvencula

924 3690 976 3727 1.

255 3778 442 3838 Athen.
479 3780 572 3849 13,
599 3801 657 3855 p.
692 3778 828 3851 558,
856 3786 902 3837 A
936 3801 951 3835 ι
983 3778 1092 3839 Ἀν.
1124 3780 1169 3835 δ’
1197 3781 1248 3837 ἐν
1276 3776 1514 3837 Νεοττίδι
1539 3775 1694 3855 φησὶν

820 3948 1064 4017 COQUI.

195 4058 237 4099 a.
259 4046 454 4106 otiosos
472 4050 648 4108 multo
667 4051 838 4123 magis
861 4048 1056 4108 decere
1082 4050 1216 4106 mihi
1246 4050 1474 4113 videtur,

195 4138 244 4184 ut
269 4134 538 4203 pisciculos
559 4146 764 4195 assent.
789 4138 846 4195 b.
869 4137 1015 4209 Quid
1033 4145 1096 4195 tu
1119 4138 1230 4193 ais?
1255 4136 1543 4210 pisciculos
1559 4140 1589 4192 ξ’·

196 4232 332 4286 ‘luam
357 4221 518 4293 igitur
534 4230 804 4297 {egrotare
823 4223 992 4281 facies
1020 4224 1298 4281 convivam
1322 4228 1335 4279 !

198 4308 452 4367 trunculos
476 4326 656 4384 coque
679 4311 768 4379 (in
787 4312 950 4379 olla),
971 4320 1164 4375 rostra,
1185 4310 1370 4383 pedes,

583 4416 801 4472 HOMO
837 4414 1299 4474 SINGULARis.

199 4510 394 4583 Mugilis
416 4516 692 4574 dei-oravit
719 4526 884 4591 caput

199 4600 388 4670 raptu'm
411 4604 558 4662 Mate
575 4647 592 4673 ‚
619 4620 723 4677 ego
742 4614 922 4663 autem
942 4622 1132 4679 pereo.

789 4712 1111 4769 NEOTTIS.

927 4805 949 4853 1
965 4841 975 4851 .

291 4879 626 4955 Quicumque
671 4882 958 4941 hominum
1003 4885 1345 4943 meretricem
1396 4887 1598 4944 amavit
1635 4905 1736 4945 un·

293 4978 393 5021 non
417 4968 654 5040 potuerit
669 4969 984 5029 sceleratius
1005 4974 1290 5029 nominare
1317 4988 1506 5044 genus.
1524 4977 1737 5048 [quam‚

293 5050 419 5122 Quae
457 5056 610 5111 enim
651 5054 898 5115 dracaena
938 5057 1302 5124 insociabilis,
1339 5058 1424 5115 vel
1469 5060 1742 5119 Chimaera

1401 5146 1706 5218 [ignivoma
1726 5192 1741 5218 ‚

300 5224 372 5279 vcl
400 5226 727 5303 Charybdis»,
761 5232 844 5291 vel
879 5234 1078 5308 triceps
1101 5234 1276 5307 Scylla
1296 5276 1313 5301 ,
1344 5236 1544 5293 marina
1573 5240 1741 5301 canis,

1775 4529 1782 4550 l

1776 4553 1782 4642 ἱ
1932 4558 2060 4598 nam
2076 4558 2296 4599 omnem
2314 4544 2705 4617 supellectilem
2724 4546 3047 4605 abstrahens
3068 4549 3233 4608 domo
3250 4552 3401 4608 exiit.

3248 418 3350 467 501

1946 533 2133 632 ὅστις
2161 539 2485 630 ἀνθρώπων
2512 539 2755 630 ἑταίραν
2780 541 3054 632 ἠγάπησε
3084 543 3357 622 πώποτε,

1944 649 2011 712 οὗ
2073 647 2238 739 γένος
2284 670 2380 720 τις
2438 639 2507 709 ἂν
2566 635 2809 711 δύναιτο
2874 649 3362 739 παρανομώτερον

3191 779 3356 818 ασαμ

1942 856 2051 933 Τίς
2081 854 2195 949 γὰρ
2254 853 2291 928 ἢ
2336 847 2605 947 δράκαιν’
2655 851 2949 946 ἄμικτος,
3001 854 3037 928 ἢ
3096 777 3363 950 Kampoi

3042 963 3361 1052 πυρπνόος,

1866 1068 1931 1140 ·ἢ
1995 1058 2331 1159 Χάρυῧδις,
2379 1065 2413 1138 ἢ
2465 1065 2765 1159 τρίκρανος
2814 1067 3085 1149 Σκύλλα,
3130 1067 3360 1134 ποντία

3175 1199 3361 1254 κυων,

1850 1273 1890 1346 5
1945 1272 2175 1369 Σφὶγξ,
2204 1267 2625 1362 ὕδρα,λέαιν’,
2653 1267 2899 1366 ἔχιδνα,
2933 1277 3133 1349 πτηνά
3166 1278 3217 1342 Θ’
3254 1273 3367 1363 Ap-

2974 1392 3161 1453 πυιῶν
3190 1385 3359 1476 γένη,

1950 1491 2032 1566 εἰς
2096 1483 2427 1580 ὑπερὸολήν
2480 1489 2729 1579 ἀφῖκται
2780 1499 2887 1556 τοῦ
2932 1491 3367 1557 καταπτύστου

3126 1600 3361 1688 γένους;

1950 1705 2055 1768 οὐκ
2088 1697 2289 1766 ἔνεσθ’·
2350 1698 2525 1768 αὗται
2574 1695 2633 1766 δ’
2684 1702 2971 1768 ἁπάντων
3009 1703 3364 1793 ὑπερέχουσι

1985 1805 1997 1814 ’
2992 1819 3111 1875 τῶν
3144 1821 3365 1876 κακῶν.

1952 1904 2101 1980 ἑστι
2131 1904 2199 1978 δὲ
2248 1918 2494 1978 σκοπεῖν
2534 1911 2634 1980 ἀπ’
2663 1916 2847 2005 ἀρχῆς
2877 1925 3085 2006 πρῶτα
3116 1918 3220 2005 μὲν
3261 1921 3371 1990 τὴν

3006 2022 3373 2113 Πλαγγόνα,

1954 2127 2116 2204 ἥτὶς,
2158 2124 2445 2214 ὥσπερ”ή
2505 2121 2814 2215 Χίμαιρα,
2886 2132 3187 2216 πυρπολεῖ
3234 2127 3371 2202 τοὺς

2204 2238 2209 2244 ’
2353 2236 2367 2249 “
3016 2227 3371 2322 βαρῧάρους·

1823 2357 1903 2401 ιο
1958 2331 2039 2410 εἷς
2074 2334 2245 2426 μόνος
2278 2325 2337 2398 δ’
2378 2336 2589 2410 ἱππεὺς
2622 2359 2711 2410 τις
2748 2339 2933 2411 αὐτῆς
2966 2338 3073 2402 τὸν
3108 2336 3230 2420 βίον
3262 2365 3378 2404 πα-

3124 2443 3373 2534 ρείλετο·

1908 2577 1915 2582 ·
1958 2546 2161 2614 πάντα
2191 2545 2271 2612 τὰ
2308 2548 2483 2618 σκεύη
2533 2545 2645 2640 γὰρ
2688 2549 2878 2613 ἕλκων
2930 2551 3109 2638 ᾤχετ’
3162 2553 3229 2616 ἐκ
3264 2561 3374 2628 τῆς

3160 2653 3375 2732 οἰκίας.

1961 2759 2038 2826 Οἱ
2084 2762 2315 2849 Σινώπῃ
2348 2750 2406 2823 δ’
2442 2751 2472 2786 ⁸
2509 2757 2581 2824 αὖ
2624 2760 2886 2835 συνόντες
2915 2765 3026 2848 οὐχ
3059 2756 3207 2852 ὕδρα
3242 2765 3379 2827 σύν-

3097 2891 3211 2932 εισι
3240 2877 3375 2951 νῦν;

1963 2977 2142 3061 γραῦς
2176 2969 2285 3057 μὲν
2308 2972 2457 3041 αὐτ-ἡ
2485 3017 2501 3050 ,
2529 2974 2911 3059 παραπέφυκε
2943 2962 2981 3033 δ
2987 2968 2997 2986 ’
3025 2978 3060 3042 ἠ
3092 2970 3383 3037 Γνάθαινα

3096 3076 3379 3160 πλησίον,

1962 3184 2106 3247 ὥστ’
2162 3179 2574 3268 ἀπαλλαγεῖσι
2617 3179 2835 3253 ταύτης
2882 3180 3012 3245 ἐστὶ
3059 3173 3382 3249 διπλάσιον

3180 3290 3379 3354 κακόν.

1831 3386 1911 3461 ι5
1966 3384 2018 3457 ΙΪΙ
2056 3382 2125 3456 δὲ
2174 3387 2423 3481 Νοίννιόν
2484 3413 2545 3452 τι
2603 3388 2725 3453 νυνὶ
2774 3384 3068 3479 διαφέρειν
3114 3393 3387 3469 Σκύλλης

3176 3490 3381 3579 δοκεῒ;

1968 3608 2032 3668 οὐ
2068 3592 2161 3665 δύ’
2196 3594 2549 3679 ἀποπνίξασ’
2584 3596 2842 3690 ἑταίρους
2882 3602 2984 3665 τὸν
3029 3602 3233 3692 τρίτον
3284 3604 3385 3675 θη-

3157 3711 3389 3799 ρεύεται

1817 3948 1856 3998 5
1924 3942 2157 4015 Sphinx,
2179 3942 2370 4017 hydra,
2389 3943 2581 4011 leaena,
2616 3942 2867 4015 echidna,
2888 3954 2943 4003 et
2968 3948 3111 4005 alata
3129 3952 3395 4023 Harpyia·

2904 4036 2925 4101 [
2950 4048 3070 4089 rum
3092 4038 3395 4108 progenie&

1927 4108 2202 4181 superavit
2228 4108 2547 4167 exsecrabile
2569 4110 2711 4167 istud
2745 4115 2955 4183 genus?

1938 4210 2051 4250 non
2070 4202 2281 4266 potest,
2305 4196 2403 4253 sed
2430 4196 2538 4254 inae
2564 4198 2820 4255 omnibus
2844 4200 3118 4257 excellunt
3140 4204 3313 4260 malis.

1926 4280 2229 4338 Observare
2260 4283 2499 4356 primum
2528 4283 2657 4341 licet
2682 4284 2751 4341 ab
2778 4285 2935 4341 initio
2962 4287 3289 4360 Plangonem
3310 4333 3324 4358 ,

1928 4382 2071 4438 quae,
2098 4366 2249 4445 velut
2270 4367 2564 4440 Chimaera,
2587 4368 2847 4427 barbaros
2870 4374 3078 4440 exurit3

1828 4463 1894 4512 10
1933 4470 2073 4512 unus
2096 4462 2281 4512 tamen
2306 4455 2455 4513 solus
2481 4472 2647 4529 eques
2670 4472 2793 4514 eam
2820 4474 2881 4516 re
2902 4460 3184 4533 spoliavit:

1935 4634 2079 4688 Tum
2103 4632 2197 4703 qui
2216 4632 2274 4689 in
2288 4632 2526 4706 Sinopen
2554 4634 2883 4707 impendunt
2902 4652 3051 4709 opes,
3073 4654 3255 4695 nonne
3274 4656 3399 4695 cum

1780 4717 1786 4792 l
2766 4722 2979 4798 ‚Ihydra
3007 4740 3154 4781 nunc
3176 4726 3401 4782 vivunt?

1937 4819 2072 4861 anus
2082 4804 2303 4878 quidem
2322 4806 2437 4879 ipsa
2446 4814 2549 4874 est,
2560 4806 2655 4863 sed
2666 4823 2833 4880 prope
2845 4809 3375 4867 habethathaenam
3385 4853 3399 4875 ‚

1940 4898 2007 4947 ut
2024 4890 2093 4947 ab
2115 4890 2209 4948 illa
2232 4890 2493 4963 disjuncti
2520 4894 2579 4948 in
2597 4891 2797 4965 duplex
2820 4894 3027 4951 malum
3048 4896 3311 4952 incidant.

1837 4985 1902 5035 15
1943 4978 2195 5035 Nannion
2241 4989 2425 5037 autem
2468 4979 2631 5036 hodie
2666 4996 2803 5037 num
2836 4980 3059 5039 differre
3098 4984 3403 5056 quidquam

2862 5068 3099 5137 [videtur
3130 5088 3159 5125 a
3191 5072 3405 5143 Scylla?

1787 5164 1796 5291 Ι
1946 5172 2129 5212 nonne
2147 5156 2367 5213 duobus
2382 5154 2663 5213 suffocatis
2679 5156 3014 5214 amatoribus
3031 5158 3247 5215 tertium
3264 5175 3405 5230 quo·

3264 5251 3407 5317 [²1⁰0
