3809 5850
1591 331 2032 395 nloNstJS.

3311 350 3426 399 397

136 488 259 541 μοι
306 460 634 543 μνημονεύει
683 460 1061 542 Κηφισοδώρου
1098 462 1191 519 τοῦ
1232 458 1463 535 πλάνου,
1520 460 1607 521 διὰ
1646 461 1764 522 τού·
1860 464 1891 521 δ
1925 459 2196 526 Σινωπεὺς
2239 461 2293 518 ἑν
2330 458 2580 539 Σωζούσῃ
2596 504 2612 533 ,
2660 459 2964 539 καταλέγων
2997 460 3229 539 ὀνόματα
3267 486 3431 538 ποτη-

136 578 277 611 των
285 598 319 627 ,,

272 643 725 745 Κηφισόδωρόν
753 672 952 741 φασιν,
990 650 1459 739 ἐπικαλούμενον

271 754 547 841 πλάνον,
580 761 699 821 τιν’
736 758 795 821 ἐν
820 750 1106 827 Ᾰθῆναισι
1133 754 1444 846 γενέσθαι,
1476 756 1589 829 τήν
1617 779 1764 845 σχο-
1834 798 1841 807 -

1653 862 1767 933 λῆν

277 968 377 1044 εἰς
411 978 595 1035 τοῦτο
620 965 693 1031 τὸ
724 967 889 1058 μέρος
915 974 1017 1031 τοῦ
1048 960 1177 1049 βίου
1207 964 1673 1056 καταχρώμενον
1695 990 1710 1004 ·

273 1076 395 1141 τὸν
424 1072 759 1163 ἐντυχόντα
784 1070 931 1161 πρὸς
957 1070 1029 1136 τὸ
1064 1069 1239 1160 σιμὸν
1270 1070 1638 1162 ἀνατρέχειν,

158 1175 211 1246 5
276 1184 489 1274 ἥσυχα
515 1176 825 1246 καθίεσθαί
850 1182 910 1243 τ’
935 1172 1035 1241 ἐπὶ
1052 1184 1129 1267 τῇ
1164 1171 1487 1267 βακτηρίᾳ.

157 1308 449 1383 Respicit
476 1304 733 1365 Eustath.
766 1302 841 1359 ad
868 1300 1067 1376 odyss.
1096 1320 1154 1376 p.
1192 1300 1367 1371 1382,
1405 1307 1499 1367 4ο.
1533 1303 1709 1358 Versu
1728 1319 1763 1356 α

1862 548 2004 629 ρίων,
2049 547 2361 627 μνημονεύει
2388 546 2478 607 καὶ
2519 547 2702 608 τούτου
2749 550 2859 629 (se.
2889 554 2980 608 τοῦ
3008 550 3203 626 δείνου)
3221 596 3236 625 ,
3267 552 3433 629 λέγων

1860 642 2039 718 οὕτως,
2715 644 2724 651 ”

1958 789 2022 831 α.
2059 754 2196 829 ὅσα
2219 754 2278 828 δ’
2303 760 2466 828 ἐστὶν
2488 756 2614 834 εἴδη
2635 764 3026 855 Θηρικλείων,
3051 772 3176 831 τῶν
3193 771 3427 850 καλῶν,

1957 870 2130 962 γύναι
2150 918 2169 953 ,
2193 860 2508 936 δικότυλοι
2525 917 2544 953 ,
2571 866 2916 959 τρικότυλοι
2941 917 2960 954 ,
2992 859 3190 946 δεῖνος
3212 872 3426 962 μέγας,

1956 984 2168 1065 χωρῶν
2200 975 2500 1067 μετρητῆν
2519 1022 2536 1057 ,
2569 966 2852 1063 κυμὸίον,
2883 974 3120 1065 σκύφοι,
3145 969 3324 1065 porei!

1959 1086 2018 1165 β.
2049 1077 2294 1172 [lov-Ap?
2324 1085 2361 1153 ἡ
2394 1088 2575 1172 γραῦς
2595 1128 2614 1163 ,
2642 1076 2798 1145 ἄλλο
2819 1072 2873 1145 δ’
2902 1071 3039 1145 οὐδὲ
3060 1077 3121 1146 ἓν
3153 1082 3387 1166 βλέπει.

1859 1227 2078 1284 Titulus
2110 1235 2400 1303 suspectus
2416 1268 2432 1293 ,
2467 1226 2678 1299 vixque
2711 1224 2913 1281 dubito
2951 1220 3091 1300 quin
3129 1227 3432 1303 legendum

1858 1317 1932 1372 sit
1950 1315 2192 1384 Συζῶσα,
2209 1315 2513 1371 Conuivens
2536 1312 2759 1371 mulier.
2787 1312 2932 1371 Nam
2954 1336 2985 1369 υ
3010 1326 3066 1371 et
3089 1335 3154 1386 ω,
3182 1315 3432 1389 itemque

159 1390 389 1451 πλάνον
406 1438 427 1469 2
451 1396 717 1471 Planum»
760 1392 1157 1448 03³0¹²¹a¹⁰¹⁸0m
1186 1407 1201 1446 ἶ
1242 1408 1299 1449 V·
1335 1390 1569 1446 Gefflefi
1595 1389 1761 1448 The&
1859 1425 1920 1463 ου
1943 1416 2000 1461 et
2021 1426 2084 1474 ω,
2121 1404 2391 1460 videntur
2417 1410 2796 1471 commutata,
2828 1412 2892 1457 ut
2921 1403 3079 1477 apud
3105 1403 3430 1477 Theopom-

164 1483 244 1540 L.
286 1484 367 1539 L.
399 1500 453 1540 v.
486 1482 719 1555 planus.
752 1478 908 1535 Eust.
953 1476 994 1531 l.
1035 1497 1081 1533 e.
1119 1497 1132 1531 :
1164 1473 1241 1533 ἔτι
1272 1474 1327 1533 δὲ
1363 1474 1454 1534 καὶ
1482 1478 1510 1533 ὁ
1534 1474 1761 1555 πλάνος

164 1566 389 1647 τέχνην
424 1556 569 1633 οὗτος
595 1565 733 1645 ἔχων
762 1564 902 1624 κατὰ
930 1562 990 1647 το
1022 1565 1334 1623 ἀποπλανᾶν
1364 1564 1563 1643 (vulgo
1588 1586 1639 1624 τ.
1667 1564 1763 1621 αὗ-

165 1656 271 1723 τὸς
301 1655 391 1735 ἔχ.
425 1654 517 1715 καὶ
555 1652 619 1713 τὸ
644 1652 783 1731 ἀπ.)
818 1651 936 1720 τοὺς
956 1653 1267 1730 θεωμένους,
1300 1652 1469 1711 ὁποῖοι
1518 1651 1765 1731 Κηφισό-

166 1744 354 1821 δωρός
394 1766 473 1809 τις
518 1741 609 1801 καὶ
648 1738 994 1802 Πανταλέων.
1023 1745 1089 1801 V.
1134 1740 1165 1797 3
1200 1746 1349 1799 τοῦτο
1386 1739 1446 1798 τὸ
1477 1739 1630 1820 μέρος
1672 1746 1762 1798 τοῦ

170 1829 305 1909 βίου
336 1833 746 1907 Ρειὶρὴτιιειίοο
778 1830 997 1887 dictum
1026 1841 1110 1886 eet
1138 1848 1247 1905 pro
1289 1832 1468 1886 τοῦτον
1503 1827 1591 1887 τὸν
1630 1827 1761 1907 βίον,

166 1932 245 1977 ut
274 1919 488 1996 Polyb.
520 1940 649 1997 1,1,
681 1938 783 1989 203
808 1919 867 1988 8,
902 1937 1077 1988 1032,
1106 1918 1206 1995 37,
1238 1916 1753 1992 10310,7,‚8,etc.

170 2011 252 2070 V.
278 2016 317 2077 4
342 2009 479 2068 dedi
499 2007 609 2070 τόν.
636 2008 795 2066 Libri
818 2010 1015 2081 τοῦτον,
1042 2008 1315 2085 glossema
1332 2007 1757 2066 inconcinnum.

168 2102 255 2156 V.
292 2098 329 2155 5
362 2099 496 2155 libri
510 2108 781 2173 corrupte

262 2208 307 2280 ἢ
336 2214 671 2289 meatim
697 2210 763 2285 τῇ
787 2205 865 2265 ’πὶ
886 2210 953 2285 τῇ
984 2209 1141 2284 βακτ.

170 2328 378 2381 Aeute
422 2322 650 2382 Jacobs.
684 2320 919 2395 agnovit
934 2315 1135 2395 ἥσυχα.
1163 2314 1417 2377 Καθιέναι
1440 2319 1599 2374 malit
1622 2320 1762 2374 Mei-

168 2410 321 2469 nek.
372 2410 583 2467 collato
611 2406 864 2465 Lobeek.
895 2406 968 2463 ad
995 2406 1171 2481 Soph.
1202 2406 1288 2479 Aj.
1328 2405 1463 2465 250.

684 2529 791 2589 lv.
840 2526 1271 2587 Amn'l'mN.

268 2644 369 2701 sic
388 2641 749 2699 scribendum
764 2640 963 2716 putavi
976 2657 1087 2713 pro
1106 2657 1177 2695 eo
1193 2638 1353 2713 quod
1369 2637 1557 2696 editur
1576 2635 1760 2713 Λιμός.

268 2738 463 2795 Schol.
490 2737 659 2795 Hom.
686 2734 853 2792 Iliad.
890 2754 912 2789 1
930 2754 979 2804 1,
1006 2732 1118 2790 515
1148 2752 1163 2790 ε
1203 2728 1421 2811 αἰσχρὸν
1453 2730 1554 2809 γὰρ
1581 2722 1646 2803 ἦν
1675 2730 1763 2791 τὸν

174 2824 345 2905 ἥρωα
370 2819 809 2901 (Machaonem)
841 2819 1161 2901 πυρέττοντα
1184 2818 1533 2900 παραὸαλεῑν,
1560 2817 1652 2877 καὶ
1678 2840 1763 2877 κε-

177 2910 443 2991 νούμενον
468 2910 565 2984 τὴν
596 2910 859 2991 γαστέρα,
899 2904 935 2982 ἢ
973 2906 1429 2988 προποτιζόμενον.
1468 2911 1633 2966 ταῦτα
1662 2906 1763 2987 γὰρ

179 2998 445 3078 κωμικὰ,
478 3003 548 3067 ὣς
574 2997 665 3059 καὶ
702 3001 777 3076 τῷ
804 2995 1063 3078 Διονυσίῳ
1087 2995 1371 3068 πεποίηται
1396 2995 1459 3054 ἂν
1486 2995 1761 3072 λιμώττων

181 3089 495 3169 Ἡρακλῆς,
532 3086 779 3158 Σειληνὸς
796 3085 850 3144 δὲ
869 3086 1074 3155 κλύζειν
1092 3093 1336 3164 πειρᾶται
1354 3082 1441 3143 τὸν
1466 3082 1757 3165 Ἡρακλέα.

182 3181 265 3237 ln
298 3179 391 3234 his
412 3179 587 3238 Mein.
616 3196 726 3252 pro
766 3173 1097 3254 παραλαὸεῖν
1134 3173 1441 3250 legendum
1472 3189 1589 3230 esse
1612 3174 1765 3229 vidit.

182 3261 542 3342 παραὸαλεῖν,
555 3265 857 3322 oscendere.
875 3261 1095 3319 Deinde
1108 3261 1237 3318 libri
1248 3259 1531 3330 πεποίηται
1542 3261 1595 3316 ἰν
1606 3262 1651 3319 Δ
1659 3261 1763 3339 ιμῷ

183 3357 299 3412 τῶν
325 3350 491 3409 νόσων
528 3349 822 3428 Ἡρακλῆς.
847 3351 1025 3406 Recte
1048 3351 1217 3408 Mein.
1241 3349 1429 3420 νοσῶν,
1467 3349 1567 3408 sed
1591 3350 1705 3406 hoc
1730 3367 1765 3407 a

184 3443 503 3520 glossatore
543 3439 893 3515 adscriptum
930 3448 1033 3496 est.
1065 3437 1315 3497 Eustath.
1345 3458 1424 3515 p..
1451 3438 1598 3514 859,
1636 3445 1712 3513 49
1744 3457 1758 3493 :

186 3531 391 3606 γελοῖος
410 3517 524 3602 οὖν,
554 3526 707 3608 φασὶ,
745 3525 837 3584 καὶ
864 3524 1127 3590 Διονύσιος
1142 3571 1157 3596 ,
1177 3514 1223 3605 ᾧ
1245 3525 1527 3596 πεποίηται
1550 3547 1617 3583 νο
1631 3547 1663 3584 σ
1678 3527 1723 3583 ὦ
1737 3549 1763 3583 ν

188 3615 571 3696 ἹΙρακλῆς,
626 3613 720 3673 καὶ
770 3611 993 3684 Σιλὴνὸς
1044 3613 1172 3690 (sie
1200 3658 1216 3682 ,
1266 3627 1333 3672 ut
1379 3617 1759 3682 recentiores3

1856 1512 1995 1569 pum
2033 1492 2230 1569 Στρατ.
2265 1510 2320 1563 α,
2347 1502 2406 1547 et
2429 1491 2607 1547 Thuc.
2643 1510 2676 1561 7
2697 1530 2714 1559 ,
2758 1489 2855 1566 39.
2897 1491 3152 1547 Stobaeus
3187 1492 3430 1565 quidem

1858 1582 1931 1638 fr.
1966 1600 1999 1638 α
2035 1578 2295 1658 Σώτειρα.
2321 1581 2386 1637 V.
2419 1598 2450 1635 α
2485 1574 2681 1653 γυάλαι
2707 1575 3054 1651 conjiciebat
3087 1580 3431 1637 Letronnins

1860 1671 2077 1728 observ.
2113 1688 2212 1724 sur
2233 1671 2311 1723 ks
2337 1686 2492 1724 noms
2513 1668 2614 1723 des
2649 1684 2819 1724 ναι-ω·
2845 1686 3004 1742 gnos
3020 1707 3037 1737 ,
3077 1685 3140 1741 p.
3175 1674 3268 1736 44.
3297 1672 3362 1727 V.
3395 1669 3426 1725 3

1858 1754 1989 1835 ῥυτὰ
2017 1776 2086 1814 ex
2111 1756 2378 1813 hocloco
2401 1765 2682 1812 memorat
2707 1756 2910 1832 Athen.
2932 1756 3012 1810 ih.
3043 1774 3105 1830 p.
3130 1763 3266 1831 497,
3292 1758 3355 1813 C.

2620 1886 2676 1922 2·

1939 1974 2094 2030 Stob.
2120 1973 2315 2029 Floril.
2355 1968 2486 2039 125,
2531 1971 2588 2040 8,
2613 1989 2760 2026 eum
2787 1971 3052 2026 lemmate
3099 1989 3113 2023 τ
3158 1970 3430 2029 Διονυσίου

1857 2060 2120 2139 Σωτείρας

1955 2174 2120 2268 Πρὸς
2147 2174 2250 2241 τὸν
2280 2167 2708 2245 valentano-aviis
2738 2173 3036 2255 ἕκαστος,
3069 2170 3162 2237 κεί
3195 2167 3428 2262 σφόδρα

1954 2277 2070 2361 ζῶν
2099 2279 2296 2373 ἐχθρὸς
2323 2276 2396 2351 ἦν
2413 2303 2538 2364 τις,
2567 2276 2838 2371 γίγνεται
2867 2276 3034 2367 φίλος
3059 2278 3219 2345 τότε.

1857 2425 2042 2499 Vulgo
2079 2419 2175 2480 κᾶν
2208 2442 2296 2502 eq».
2327 2418 2401 2478 ὢν
2445 2408 2708 2498 ἐχθρὸςῇ.
2747 2419 2943 2479 Codex
2973 2420 3018 2479 B
3039 2409 3127 2497 ἦν,
3145 2422 3251 2503 ‘sed
3273 2432 3429 2477 recte

1857 2509 2176 2569 Meinekius
2191 2552 2207 2581 ,
2232 2520 2298 2567 ut
2324 2509 2626 2568 edidimus.

2242 2624 2344 2679 Ex
2385 2622 2707 2679 INCERTA
2747 2621 3063 2680 FABULA.

1937 2737 2096 2795 Stob.
2123 2736 2320 2793 Floril.
2361 2736 2460 2812 38,
2496 2752 2530 2789 α
2565 2744 2624 2790 et
2657 2734 2694 2792 6
2714 2774 2731 2804 ,
2757 2730 3028 2793 Διονυσίου
3053 2734 3286 2791 nomine
3320 2734 3430 2792 ad-

1858 2826 2096 2899 scriptu.

1957 2929 2189 3007 Eitea-a
2216 2931 2275 3005 δ’
2308 2933 2442 3006 οὐδὲ
2471 2949 2654 3006 τοῦτο
2684 2942 3076 3032 γιγνώσκεις,
3111 2943 3234 3006 ὅτι-

1958 3053 2083 3122 τοῖς
2099 3037 2267 3111 οὐδὲν
2299 3041 2461 3110 οὖσιν
2482 3035 2620 3110 οὐδὲ
2651 3039 2731 3120 εἷς
2757 3045 2912 3120 ὅλως
2933 3044 3134 3136 φθονεῖ
3155 3068 3196 3127 ;.
3271 3067 3276 3074 ·

1957 3146 2064 3218 Aet
2096 3149 2174 3216 τὰ
2201 3149 2388 3240 σεμνὰ
2420 3149 2623 3216 πάντα
2652 3150 2945 3221 κέκτηται
2976 3148 3204 3240 φθόνον.

1959 3251 2133 3324 Ᾰπαν
2159 3258 2230 3324 τὸ
2252 3254 2392 3324 λίαν
2421 3258 2660 3322 συνετὸν
2680 3253 2801 3321 ἔστ’
2831 3251 2984 3347 (ἂν)
3013 3251 3314 3347 ἕπίφοὸον.

1863 3361 1902 3434 5
1956 3365 2139 3442 Αιτὸς
2167 3363 2476 3457 γενόμενος
2503 3368 2632 3440 τοῖς
2658 3363 2866 3454 ἔχουσι
2898 3365 2979 3453 μὴ
3007 3363 3229 3454 φθόνει.

1957 3468 2120 3538 Εἰσίν
2149 3495 2302 3546 τινες
2337 3478 2463 3554 νῦν,
2495 3465 2590 3544 οὒς
2614 3469 2686 3534 τὸ
2727 3467 3072 3554 βασκαίνειν
3101 3471 3329 3560 τρέφει.

1858 3611 2036 3667 Versu
2064 3608 2095 3665 3
2126 3607 2491 3664 obscuratum
2525 3617 2609 3660 est
2648 3623 2780 3676 voe.
2808 3605 3196 3681 gravissimum
3234 3603 3423 3680 σεμνά.

188 3723 523 3782 quanquam
552 3703 879 3762 Herodotus
896 3719 1130 3776 quoque
1151 3721 1207 3773 7,
1238 3703 1335 3779 26,
1367 3702 1592 3772 Σιληνοῦ
1610 3745 1627 3776 ,
1656 3702 1763 3757 nisi
1858 3697 2062 3756 Scribo
2103 3716 2117 3752 z
2163 3692 2268 3753 Ἀεί
2293 3694 2346 3769 γ’
2375 3691 2583 3752 ἅπαντα
2609 3689 2778 3767 σεμνὰ
2805 3713 2946 3749 κεκτ.
2989 3696 3074 3770 qo.
3104 3696 3174 3750 V.
3217 3700 3251 3760 4
3298 3694 3430 3750 libri

190 3812 359 3851 error
387 3790 497 3866 est)
532 3787 735 3858 κλύζειν
766 3787 919 3847 αὐτὸν
938 3787 1272 3867 πειρώμενος.

686 3917 775 3978 V..
798 3915 1143 3977 ΣΩΖΟΥΣΑ
1179 3919 1272 3994 (Ρ).

264 4142 477 4208 Λώου.
506 4160 598 4212 n,
628 4160 691 4215 p.
720 4141 828 4212 467
851 4185 867 4212 ,
897 4143 982 4212 D,
1010 4140 1083 4197 de
1112 4139 1296 4218 δείνῳ,
1326 4141 1541 4214 poculo
1572 4160 1585 4197 :
1614 4144 1755 4197 Διον.

948 4315 1001 4364 ².

266 4392 695 4466 (Jephisedorum
716 4392 991 4466 quendam
1021 4395 1205 4462 aiunt,
1226 4391 1674 4466 cognominatum

267 4483 492 4555 planum
508 4523 523 4549 ‚
554 4482 783 4539 Athenis
802 4481 999 4550 fuisse,
1025 4483 1117 4556 qui
1147 4479 1369 4541 otium?

270 4567 399 4624 huie
420 4569 609 4642 generi
630 4567 757 4625 vitm
780 4569 1149 4643 impenderem

268 4669 395 4711 eum
423 4654 727 4712 acclivitate
744 4655 965 4712 inventa
991 4655 1049 4711 in
1071 4670 1193 4713 eam
1220 4655 1497 4712 incurrere
1515 4696 1530 4721 ‚

201 4747 235 4796 5
266 4740 449 4814 quiete
466 4747 651 4799 autem
672 4739 1005 4798 descendere
1022 4741 1222 4799 haculo
1250 4741 1516 4810 innixum.

696 4829 1117 4886 SERVATRIX
1146 4835 1165 4897 (
1181 4833 1259 4896 Ρ).

764 4949 769 4954 .
954 4923 1004 4974 1·

202 5021 249 5059 a.
268 5005 409 5075 Quot
416 5011 603 5062 autem
614 5003 1020 5063 Therieleorum
1038 5018 1236 5078 genera
1250 5012 1382 5061 sunt
1395 5013 1762 5072 venustorum,

208 5089 422 5160 mulier,
450 5090 722 5164 dicet-yla,
748 5091 996 5164 tricotyla
1014 5135 1029 5162 ‚
1059 5091 1223 5148 dinus
1254 5107 1512 5164 magum,

206 5183 479 5235 metretam
506 5177 751 5252 capiens,
780 5178 1085 5254 cymbium,
1106 5177 1293 5252 scyphi
1312 5221 1330 5252 ‚
1360 5183 1505 5252 ryta!

1858 3786 2205 3861 tautologice
2225 3780 2436 3841 συνετόν
2455 3781 2562 3840 ἔστ’
2583 3777 2872 3861 ἐπίφθονον.
2897 3785 2962 3838 V.
2995 3781 3026 3838 5
3049 3779 3206 3854 λιτὸς,
3230 3789 3418 3850 tenuis,

1855 3889 2095 3946 pauper.
2130 3895 2154 3922 α
2183 3873 2450 3945 Quinque
2471 3877 2603 3926 sunt
2625 3868 2957 3944 fragmenta.
2994 3871 3185 3927 Versui
3207 3870 3243 3927 6
3268 3872 3314 3926 T
3314 3871 3432 3926 rinss

1865 3960 2112 4019 cavellus
2144 3960 2418 4035 Diogenis
2443 3975 2657 4015 nomen
2684 3957 3002 4033 adscripsit.
3032 3959 3235 4016 Versus
3259 3959 3290 4015 3
3323 3971 3433 4016 tra-

1856 4049 1969 4125 gici
2001 4057 2184 4122 poetae
2217 4064 2334 4103 esse
2359 4045 2542 4103 videri
2570 4055 2777 4120 potest.
2812 4071 2836 4094 υ
2871 4047 2920 4100 Ε
2944 4047 3028 4104 M.

1862 4305 1917 4360 b.
1955 4302 2155 4362 Pocula
2169 4317 2318 4360 -enus
2336 4344 2353 4371 ‚
2376 4301 2629 4375 aliudque
2648 4299 2786 4358 nihil
2807 4307 3030 4374 spectat.

2627 4393 2680 4443 2.

1808 4489 1819 4590 Ι
1859 4477 2348 4551 Defunctoaliquo
2375 4477 2640 4550 quisque,
2673 4475 2924 4548 quamvis
2947 4475 3293 4533 vehementer

1858 4566 2116 4624 inimicus
2141 4566 2198 4622 in
2221 4565 2330 4621 vita
2353 4563 2522 4622 suerit
2537 4606 2554 4631 ,
2584 4573 2721 4622 tuuc
2747 4563 2810 4620 fit
2834 4563 3064 4620 amicus,

2239 4653 2339 4708 Ex
2377 4653 2689 4709 INCERTA
2733 4651 3048 4708 FABULA.

1929 4740 2173 4799 Tandem
2199 4756 2324 4798 vero
2349 4755 2423 4797 ne
2455 4741 2560 4796 hoe
2589 4738 2810 4812 quidem
2834 4737 2940 4794 scis
2961 4778 2976 4805 ,

1931 4829 2089 4886 nihili
2110 4828 2423 4886 hominibus
2439 4828 2714 4885 nemiuem
2745 4839 2967 4900 prorsus
2989 4821 3266 4880 invidere?
3295 4851 3358 4863 —

1934 4915 2174 4976 Grandia
2195 4931 2408 4990 semper
2429 4915 2614 4973 omnia
2640 4913 2748 4972 sibi
2773 4917 3092 4985 comparant
3113 4907 3391 4966 invidiam.

1938 5037 1997 5046 —
2023 5005 2217 5062 Omnis
2237 5005 2406 5062 nimia
2429 5004 2784 5076 intelligentia
2807 5001 3036 5059 territat.
3069 5027 3140 5041 -

1866 5097 1897 5150 5
1937 5094 2138 5151 Tenuis
2163 5091 2341 5152 faetus
2365 5109 2436 5150 ne
2469 5093 2649 5150 invide
2675 5107 2790 5149 rem
2815 5087 3164 5147 habentibus.
3200 5120 3251 5130 -—
3300 5075 3308 5082 ’

1933 5185 2070 5240 Sunt
2095 5181 2254 5240 hodie
2275 5181 2558 5249 nonnulli,
2591 5197 2728 5254 quos
2751 5179 2842 5238 alit
2869 5175 3272 5236 maledicentia.
