3809 5850
1545 427 1950 498 camisos.
3300 447 3364 498 31

121 563 422 638 compellat
441 559 865 635 Polyphemum
891 572 948 615 et
973 573 1316 616 convocatos
1341 562 1412 617 ab
1435 580 1504 617 co
1533 573 1689 618 cete-

123 669 213 706 ros
245 651 532 724 Cyclopas
549 691 566 721 ,
595 649 758 724 quod
783 668 904 704 non
932 649 1081 724 sugit
1115 649 1335 706 doctos·

867 759 960 815 16.

197 873 434 945 Suidas,
459 867 704 949 Ἄθυρμα
739 891 753 928 :
787 869 1046 948 παίγνιον.
1085 872 1156 930 Κ.
1183 869 1302 930 '08-

215 988 503 1080 Νεοχμὸν
527 986 837 1080 παρῆχθαι
863 983 1114 1080 ἄθυρμα.

119 1121 205 1172 Ita
229 1117 430 1186 codd,
459 1129 658 1190 estque
683 1116 796 1172 hoc
825 1117 1052 1172 initium
1077 1118 1280 1172 senarii
1303 1135 1372 1172 ex
1399 1119 1650 1192 prologo
1677 1159 1694 1188 ,

121 1217 184 1260 ut
237 1208 472 1279 opinor,
521 1207 582 1258 in
623 1223 746 1278 quo
781 1205 1042 1262 Cratinus
1079 1207 1354 1280 gloriatus
1392 1205 1594 1274 suerit,
1640 1224 1700 1263 se

117 1313 322 1348 novum
393 1293 859 1348 oblectamentum
939 1296 1190 1348 attulisse
1261 1293 1694 1366 spectatoribus,

119 1383 336 1438 Praeter
361 1381 746 1436 necessitatem
789 1379 1080 1452 Elmslejus
1117 1380 1192 1436 ad
1225 1381 1517 1454 Euripidis
1547 1381 1698 1437 Med.

119 1488 181 1542 p.
229 1469 372 1537 268,
407 1465 654 1542 Νεοχμόν
680 1487 732 1523 τι
755 1487 817 1520 π.
861 1464 972 1536 do„
1001 1478 1223 1542 partem
1261 1469 1356 1524 illc
1389 1469 1537 1522 hanc
1565 1487 1700 1524 ana-

119 1558 274 1632 paesti
304 1555 618 1612 tetrametri
658 1555 1011 1624 existimans,
1051 1575 1227 1632 quum
1263 1555 1458 1613 locum
1489 1557 1700 1614 habeat

119 1649 178 1700 in
219 1647 414 1702 iambo
439 1647 720 1724 παρῆχθαι
741 1647 832 1700 vel
858 1647 1109 1723 παρῆχο’.

871 1777 964 1831 17.

197 1873 314 1942 Qui
370 1871 526 1945 apud
585 1871 904 1946 Diogenem
953 1873 1143 1928 laert.
1203 1889 1262 1941 7,
1337 1870 1480 1946 163,
1525 1871 1696 1927 tacito

117 1962 416 2033 scriptoris
448 1961 686 2015 nomine
703 1999 724 2026 ,
758 1960 965 2034 legitur
985 1977 1176 2016 versus
1195 1960 1490 2030 heroicus,

215 2074 328 2152 Τίς
367 2067 440 2140 δέ
483 2071 540 2140 c’
577 2077 960 2165 ἐτύφλωσεν;
993 2071 1084 2150 τίς
1125 2073 1408 2166 ἀφείλετο
1441 2073 1700 2164 λαμπά-

1341 2173 1448 2257 δος
1473 2179 1696 2273 αὐγάς;

117 2329 250 2364 eum
280 2307 438 2364 haud
467 2309 668 2382 inepte
693 2307 768 2363 ad
787 2308 898 2362 hoc
930 2306 1124 2364 drama
1151 2308 1350 2364 retulit
1369 2305 1702 2364 Welckerus

117 2399 264 2456 Mus.
285 2398 474 2456 Rhen.
501 2397 628 2464 vol,
659 2414 712 2464 1,
737 2413 800 2468 p.
829 2393 968 2452 588.
998 2391 1272 2469 Λαμπάδα
1295 2393 1536 2469 figurate
1555 2395 1701 2450 dixit

118 2489 300 2544 solem
315 2527 333 2558 ‚
369 2497 436 2543 ut
461 2487 624 2546 item,
637 2485 912 2558 lampada
932 2495 1118 2558 poetae
1138 2484 1498 2540 Latinorum.

595 2627 786 2690 xvll.
813 2627 1241 2687 ΠΑΝΟΠΤΑΙ.

203 2764 290 2816 De
323 2759 494 2815 titulo
535 2756 834 2814 comoediae
869 2775 928 2815 v,
958 2755 1033 2812 ad
1059 2755 1262 2831 fragm.
1295 2753 1351 2814 3.

892 2885 942 2924 1.

203 2984 396 3043 Schol.
442 2983 740 3057 Aristoph.
789 2982 945 3040 Nub.
996 2980 1117 3057 96,
1158 2976 1483 3055 πνιγεύςε
1527 2980 1562 3049 ἡ
1598 2980 1702 3036 τῶν

121 3073 400 3149 ἀνθράκων
433 3068 748 3145 κάμινος....
776 3066 966 3147 κυρίως
1009 3064 1064 3124 δὲ
1109 3064 1318 3142 πνιγεὺς
1345 3064 1468 3123 ἔνθα
1512 3067 1559 3124 οἱ
1605 3065 1702 3123 ἄν·

121 3168 312 3239 (δρακες
367 3156 580 3237 ἔχονται
635 3155 728 3213 καὶ
775 3153 1072 3231 πνίγονται.
1129 3158 1298 3211 ταῦτα
1357 3151 1414 3210 δὲ
1459 3151 1705 3233 πρότερος

125 3248 348 3325 Κράτης
369 3246 424 3303 ἐν
451 3242 764 3310 Πανόπταις
789 3240 1020 3323 δράματι
1054 3240 1176 3321 περὶ
1201 3238 1466 3307 Ἵππωνος
1492 3244 1582 3301 τοῦ
1620 3264 1704 3321 φι-

119 3336 385 3414 λοσόρω,
429 3332 708 3410 κωμῳδῶν
758 3330 943 3401 αὐτὸν,
990 3329 1155 3404 λέγει.
1216 3332 1395 3387 Recte
1449 3331 1704 3408 Κρατῖνος

119 3426 296 3479 scribi
339 3422 504 3494 jussit
547 3422 724 3477 Mein.
775 3420 967 3475 Schol.
1007 3419 1310 3477 Clementis
1341 3419 1502 3477 Alex.
1549 3416 1703 3474 Pro-

123 3524 296 3586 trept.
333 3529 396 3584 p.
431 3512 544 3569 103
583 3508 676 3565 ed.
711 3508 868 3583 Lips.
915 3526 930 3562 ε
973 3509 1062 3565 τοῦ
1095 3504 1362 3572 Ἵππωνος
1404 3503 1498 3562 καὶ
1542 3505 1704 3563 αὐτοῦ

125 3600 141 3657 ί
153 3600 306 3655 sicut
321 3600 586 3674 Diagora
597 3596 752 3652 Mclii
773 3614 788 3651 ι
812 3614 866 3654 v.
881 3594 1082 3671 Bergk.
1099 3596 1441 3651 Commentt.
1461 3613 1526 3671 p.
1556 3594 1702 3671 168)

122 3690 194 3752 ὡς
221 3682 456 3751 ἇσεὸοῧς
481 3682 764 3759 γενομένου
791 3682 1058 3759 μέμνηται
1085 3685 1114 3740 ὁ
1147 3684 1422 3762 Κρατῖνος.
1446 3687 1534 3740 De
1561 3682 1706 3757 Hip-

123 3795 279 3849 pone
295 3818 314 3845 ,
358 3775 458 3848 qui
489 3772 562 3829 ad
595 3773 828 3829 Periclis
855 3782 1077 3828 aetatem
1104 3772 1430 3829 referendus
1465 3790 1581 3828 esse
1611 3774 1707 3826 vi-

123 3864 296 3919 detur
327 3844 609 3937 Bergkio‘,
641 3858 918 3935 Origenes
952 3856 1288 3935 Philosoph.
1333 3860 1404 3915 16
1449 3878 1464 3913 ι
1494 3854 1704 3915 Ἵππων

127 3946 179 4005 δὲ
207 3950 238 4005 ὃ
265 3947 520 4023 Ῥηγῖνος
558 3943 728 4022 ἀρχὰς
757 3942 858 4025 ἔφη
896 3943 1100 4024 ψυχρὸν
1131 3944 1194 4003 τὸ
1233 3944 1374 4019 ὕδωρ
1400 3945 1494 4004 καὶ
1518 3944 1705 4023 θερμὸν

127 4036 186 4092 ⁴:²³
209 4042 346 4113 πῦρ,
369 4031 696 4109 γεννώμενον
723 4029 778 4089 δὲ
799 4031 862 4089 τὸ
879 4037 986 4113 π’ὗρ
1015 4031 1118 4090 ὑπὸ
1140 4030 1328 4099 ὕδατος
1353 4036 1707 4104 κατανικῆσαι

129 4126 222 4194 τὴν
263 4126 364 4180 τοῦ
393 4119 744 4199 γεννήσαντος
793 4117 1038 4198 δύναμιν,
1081 4120 1344 4193 eoo-rhu(
1380 4143 1438 4179 τε
1487 4119 1578 4178 τὸν
1616 4122 1709 4179 κό-

129 4232 286 4285 σμον.
313 4209 642 4285 Simplicius
673 4210 748 4265 ad
775 4210 1012 4267 Aristot.
1054 4212 1142 4267 De
1171 4212 1319 4268 coelo
1346 4229 1410 4285 p.
1451 4210 1582 4286 148,
1617 4211 1664 4269 A
1689 4230 1704 4265 z

127 4292 262 4367 {nv
295 4298 358 4357 δέ
388 4319 528 4362 τινες
553 4296 604 4355 οἱ
646 4294 702 4353 ἓν
744 4294 1006 4374 λέγοντες,
1031 4298 1218 4369 Θαλῆς
1248 4296 1342 4375 μὲν
1371 4295 1462 4357 καὶ
1495 4294 1708 4357 Ἵππων

127 4388 292 4463 wanga,
329 4382 666 4459 Ἀναξιμένης
693 4382 748 4441 δὲ
777 4384 870 4443 καὶ
893 4384 1138 4461 Διογένης
1162 4382 1294 4465 ἀέρα
1313 4404 1327 4419 ·
1353 4398 1410 4443 et
1429 4386 1506 4443 ad
1541 4387 1706 4459 Phys.

127 4494 186 4547 p.
223 4476 328 4543 32,
359 4478 406 4532 A
433 4494 448 4528 z
479 4470 672 4536 πάντες
688 4469 792 4549 γὰρ
816 4470 1120 4547 σωματικόν
1141 4494 1194 4529 τι
1219 4470 1279 4529 τὸ
1303 4469 1358 4529 ἓν
1381 4469 1708 4530 ὑποτίθενται

127 4564 308 4618 τοῦτο·
337 4560 464 4617 ἀλλ’
490 4560 536 4615 ol
567 4557 664 4633 μὲν
701 4556 754 4614 ἕν
789 4580 841 4615 τι
867 4560 973 4615 τῶν
1009 4560 1165 4637 τριῶν
1197 4556 1490 4638 στοιχείων,
1531 4555 1710 4639 ὥσπερ

884 4764 969 4815 17.

131 4850 272 4923 Quis
285 4854 478 4908 autem
509 4854 562 4906 te
585 4846 917 4906 exeaecavit?
944 4849 1068 4921 quis
1095 4847 1300 4905 ademit
1341 4846 1603 4921 lampadis
1625 4864 1711 4905 ra·

733 5028 824 5080 ΡΑ
833 5026 1106 5081 NOPTAE.

897 5118 950 5166 2.

143 5200 320 5271 Capita
349 5199 480 5257 bina
503 5198 678 5267 ferre,
707 5196 1005 5269 oculosque
1035 5196 1482 5255 innumerabiles.

1535 4934 1675 5002 [dios
1689 4938 1713 4989 ?

1789 560 1977 631 Θαλῆς
2004 556 2099 634 μὲν
2123 556 2214 615 καὶ
2248 555 2457 618 Ἵππων
2494 556 2554 616 τὸ
2576 557 2737 639 ὕδωρ.
2796 563 3137 620 Primarium
3172 577 3361 624 autem

1792 647 1959 720 hujus
1988 647 2191 704 fabulae
2220 659 2617 721 argumentum
2645 649 2705 703 in
2734 651 3001 725 Hippone
3024 654 3369 728 philosopho

1792 737 2050 793 vexando
2080 749 2136 792 et
2163 738 2459 794 irridendo
2483 741 2731 813 positum
2764 740 2954 798 fuerit.

2554 845 2607 904 '2.

1874 960 2162 1035 Hephaest.
2198 978 2263 1034 p.
2318 960 2387 1016 18
2424 981 2435 1015 :
2473 957 2603 1038 πρὸς
2630 959 2732 1038 γὰρ
2770 961 2847 1037 τῷ
2884 960 3077 1040 μυρίαν
3108 952 3364 1034 εἶναιτὴν

1793 1046 1983 1122 χρῆσιν
2011 1045 2213 1122 (usum
2239 1058 2518 1121 correptae
2546 1045 2778 1121 syllabae
2804 1058 2936 1104 ante
2958 1061 3179 1108 mutam
3216 1062 3271 1107 et
3300 1052 3371 1106 li-

1794 1131 2059 1205 quidam,
2100 1145 2168 1188 ut
2204 1135 2265 1188 in
2313 1131 2621 1212 ἀριθμητοί)
2666 1130 2813 1213 παρὰ
2849 1134 2954 1201 τοῖς
2994 1135 3200 1208 ἄλλοις,
3228 1137 3367 1194 ἐδεί-

1744 1207 1754 1324 Ι
1797 1215 1961 1296 ξαμεν
1986 1219 2061 1278 ἔτι
2089 1219 2181 1278 καὶ
2211 1219 2339 1300 παρ’
2364 1222 2505 1301 αὐτῷ
2531 1223 2606 1301 τῷ
2638 1221 2885 1300 Κρατίνῳ
2908 1223 3162 1290 πολλάκις
3188 1215 3370 1297 οὖσαν,

1743 1327 1754 1424 ι
1793 1307 1863 1373 ὡς
1889 1309 1943 1364 ἐν
1974 1307 2375 1375 Κλεοὸουλίναις
2396 1311 2486 1385 (fr.
2511 1311 2622 1386 a)...
2651 1308 2742 1368 καὶ
2765 1309 2924 1368 πάλιν
2952 1311 3007 1368 ἐν
3030 1313 3367 1384 Πανόπταις,

1893 1423 2124 1516 Κρανία
2170 1417 2358 1492 δισσὰ
2394 1432 2613 1518 φορεῖν,
2661 1427 2967 1519 ὀφθαλμοὶ
2989 1420 3051 1493 δ’
3090 1433 3197 1495 οὐκ
3240 1430 3367 1520 ἀρι-

3118 1534 3362 1626 θμητοί.

1797 1653 1982 1714 codd.
2026 1659 2289 1714 nonnulli
2323 1655 2539 1736 κράνεια
2566 1657 2879 1738 δισσᾶφορα.
2934 1663 3068 1718 Haec
3112 1662 3187 1718 ad
3216 1663 3365 1720 Cho·

1797 1763 1927 1798 rum
1964 1757 2221 1820 spectare
2265 1746 2413 1802 vidit
2452 1747 2662 1822 Bergk.
2703 1766 2767 1823 p.
2810 1747 2913 1803 181
2938 1791 2958 1824 ,
3018 1751 3119 1824 qui
3164 1751 3374 1807 chorus

1795 1833 1949 1888 haud
1978 1833 2154 1890 dubie
2182 1853 2251 1890 ex
2275 1834 2407 1908 ipsis
2426 1835 2536 1890 illis
2554 1831 2843 1901 πανόπταις
2872 1839 3220 1912 compositus
3242 1839 3368 1894 fuit.

1804 1943 1828 1970 α
1863 1921 2001 1996 Argi
2022 1924 2255 1978 solenne
2286 1923 2583 1998 epitheton
2609 1921 2706 1999 (v.
2746 1925 3017 1998 Apollod.
3051 1944 3106 1997 2,
3150 1945 3204 1996 1,
3229 1926 3369 2001 etc.)

1796 2026 1828 2062 a
1857 2007 2090 2064 Comico
2128 2008 2203 2064 ad
2234 2010 2546 2084 sophistas,
2568 2013 2708 2086 Argi
2735 2011 2910 2068 instar
2938 2015 3125 2070 omnia
3147 2015 3372 2070 curiose

1795 2103 2177 2177 speculantes,
2212 2104 2547 2159 translatum
2572 2114 2673 2160 est.
2697 2107 2911 2180 Lepide
2939 2109 3113 2164 etiam
3152 2109 3364 2184 bicipi-

1798 2202 1880 2248 tes
1899 2190 2063 2248 finxit
2100 2192 2339 2248 callidos
2356 2193 2510 2250 istos.
2541 2217 2565 2240 υ
2600 2195 2651 2248 Ε
2674 2195 2765 2250 Μ.

2560 2303 2613 2361 3.

1877 2415 2042 2470 Idem
2072 2433 2135 2489 1).
2178 2421 2242 2482 14
2278 2433 2291 2468 :
2326 2411 2429 2484 ἤδη
2470 2411 2648 2490 μέντοι
2685 2417 2720 2486 ἠ
2768 2414 2854 2473 διὰ
2886 2420 2981 2475 τοῦ
3023 2439 3091 2492 μν
3133 2416 3373 2486 σύνταξις

1799 2498 2014 2648 {peimi
2044 2523 2148 2574 που
2175 2499 2268 2557 καὶ
2310 2503 2585 2579 βραχεῖαν,
2624 2503 2695 2569 ὡς
2720 2501 2811 2560 καὶ
2853 2501 3001 2583 παρὰ
3036 2504 3279 2586 Κρατίνῳ
3310 2509 3365 2564 ἐν

1860 2611 1946 2648 αν.

1897 2699 2454 2797 Ᾰλλοτριογνώμοις
2476 2754 2496 2788 ,
2576 2709 2983 2798 ἐπιλήσμοσι,
3076 2709 3369 2801 μνησικά-

3150 2841 3343 2882 κοισιν

1800 2939 1900 2993 His
1928 2939 2061 2995 item
2098 2950 2371 2996 notantur
2412 2940 2461 2998 οἱ
2502 2939 2806 3002 Πανόπται.
2846 2966 2871 2993 α
2912 2944 3183 3002 Formam
3211 2944 3368 3003 ἄλλο·

1798 3023 2116 3103 τριόγνωμος
2152 3046 2261 3101 pro
2296 3024 2767 3105 ἆλλοτριογνώμων
2794 3031 3060 3105 pluribus
3102 3034 3373 3108 exemplis

1798 3116 2043 3171 munivit
2076 3116 2331 3174 Lobeck.
2370 3116 2445 3172 ad
2476 3118 2687 3191 Plu-yn.
2716 3138 2777 3193 p.
2811 3118 2951 3193 383,
2980 3120 3191 3193 quibus
3224 3121 3372 3177 adde

1798 3220 2041 3277 gramm.
2073 3204 2320 3261 Bekker.
2348 3205 2568 3261 Anecd.
2600 3225 2662 3280 p.
2699 3204 2837 3281 385,
2879 3227 2931 3277 7,
2966 3204 3370 3285 Ἀλλοτριόγνω-

1800 3310 1895 3362 μος
1931 3308 1945 3349 :
1987 3288 2237 3363 σημαίνει
2270 3288 2325 3346 δὲ
2348 3292 2377 3347 ὁ
2400 3288 2466 3346 τὰ
2512 3289 2763 3369 ἀλλότρια
2791 3292 2845 3349 ἐν
2869 3290 3055 3369 γνώμῃ
3097 3291 3237 3371 ,ἔχων
3280 3294 3371 3351 καὶ

1801 3374 1876 3451 μὴ
1908 3375 1978 3432 τὰ
2018 3378 2225 3435 ἑαυτοῦ.
2284 3402 2309 3428 υ
2355 3380 2442 3436 Μ.
2482 3376 2921 3450 Μνησικοὶκοισιν,
2946 3382 2989 3436 i.
3020 3398 3070 3435 e.
3107 3381 3371 3437 vindictae

1800 3464 2053 3539 cupidis,
2086 3484 2119 3521 e
2155 3476 2561 3538 consequente.

2561 3582 2614 3641 4.

1879 3688 2073 3749 Schol.
2118 3688 2355 3745 Luciani
2386 3688 2548 3746 Alex.
2584 3695 2616 3755 l.
2648 3706 2663 3743 z
2701 3686 2729 3743 ὁ
2752 3684 3129 3767 Ἀριστόδημος
3157 3684 3214 3745 δὲ
3252 3712 3373 3765 μια-

1803 3773 1886 3854 pb<
1911 3776 2002 3834 καὶ
2036 3773 2357 3851 καταπύγων
2400 3772 2695 3851 ὺπερὸολῇ,
2727 3774 2820 3855 ἀφ’
2862 3766 2921 3833 οὗ
2954 3774 3046 3834 καὶ
3074 3777 3103 3833 ὁ
3130 3776 3369 3855 πρωκτὸς

1801 3860 2169 3939 Ἀριστόδημος
2192 3864 2455 3925 καλεῖται.
2490 3864 2589 3940 Κρ.
2624 3863 2765 3922 Παν.

1996 3968 2415 4069 Ᾰριστόδημος
2454 3976 2535 4041 ὧν
2570 3978 2919 4067 ᾇσχημονεῒ

1899 4084 1961 4147 ἐν
1994 4089 2122 4158 τοῖς
2155 4081 2573 4173 Κιμωνείοισιν
2606 4082 2750 4175 ἀνὴρ
2780 4082 3077 4174 ἐρειπίοις.

1803 4206 2055 4273 ὡσαύτως
2084 4205 2175 4265 καὶ
2201 4206 2569 4288 Ἀριστοφάνης
2602 4208 2972 4267 Δαιταλεῦσιν.
3016 4212 3149 4267 Haec
3196 4230 3229 4267 e
3274 4231 3373 4267 co-

1804 4297 1932 4353 dice
1976 4296 2227 4355 vindob.
2276 4299 2497 4373 primus
2536 4297 2723 4353 edidit
2754 4298 3061 4354 Schubart.
3107 4300 3167 4354 in
3220 4301 3371 4355 Zim-

1802 4386 2121 4441 mermanni
2160 4386 2398 4460 Ephem.
2452 4385 2604 4441 stud.
2657 4396 2779 4444 ant.
2814 4404 2869 4441 a.
2916 4386 3089 4455 1843,
3120 4405 3180 4442 n.
3228 4397 3373 4457 141;

1804 4492 2099 4549 quumque
2130 4474 2351 4530 Comici
2378 4474 2557 4530 verba
2584 4476 2665 4529 sie
2690 4475 2968 4531 haberent
2994 4476 3056 4529 in
3082 4476 3234 4532 libro
3257 4472 3369 4552 Ἄρ.

1803 4563 1872 4627 ὣς
1891 4556 2137 4639 ἀσχημὸἷ
2159 4562 2213 4620 ἐν
2232 4564 2346 4628 ταῖς
2371 4560 2519 4639 milvi
2546 4562 2753 4640 ἆνεριπῑ
2768 4605 2784 4634 ,
2804 4564 2899 4619 ille
2920 4564 3149 4639 scripsit
3166 4560 3277 4641 Ἀρ.
3302 4560 3377 4627 ὣς

2564 4770 2616 4819 3.

1805 4850 2053 4908 Aliorum
2095 4866 2251 4908 sensa
2292 4851 2691 4925 cogitantibus,
2740 4850 3013 4909 obHviosis
3031 4891 3048 4918 ‚
3098 4850 3373 4907 maloi-un:

1805 4947 1813 4956 ‘
2996 4934 3353 5003 [memoribus

2572 5029 2626 5078 4.

1809 5110 2185 5169 Aristodemus
2210 5126 2381 5184 quum
2411 5110 2516 5175 sit,
2543 5110 2722 5181 turpia

1807 5199 1888 5254 vir
1914 5199 2203 5256 committit
2226 5199 2280 5255 in
2306 5198 2478 5256 ruinis
2501 5196 2783 5254 Cimoniis.
