3809 5850
443 423 552 472 514
1485 411 1762 472 MEmAE
1807 409 2223 472 COMOEDIAE
2266 409 2681 485 REUQmAE*

1155 543 1303 601 le.

795 633 1250 742 CRATlNUS
1300 675 1662 743 JUNIOR.

529 863 552 885 «
591 835 768 908 Hujus
803 847 1022 891 aetatem
1057 847 1115 892 et
1141 834 1392 892 Platonis
1415 838 1628 891 mentio
1651 835 1804 910 apud
1839 837 2007 910 Diog.

441 927 629 981 Laert.
666 923 722 992 3,
757 923 851 993 28,
871 923 1116 994 indicat,
1141 935 1199 978 et
1217 925 1358 994 hoc,
1383 924 1543 996 quod
1561 923 1882 998 Corydum,
1910 925 2015 995 Py-

443 1014 744 1086 thagoreos
764 1050 779 1079 ,
824 1013 1080 1086 aliosque
1130 1011 1192 1066 id
1231 1029 1407 1086 genus
1441 1013 1698 1067 homines
1744 1011 2009 1086 exagitat.

444 1099 502 1152 Si
531 1109 688 1153 certo
733 1109 1051 1168 constaret,
1104 1099 1604 1174 Archephontem,
1643 1117 1816 1173 quem
1860 1097 2015 1173 apud

2105 552 2395 618 postremo
2418 538 2697 598 vocabulo
2718 541 2777 596 in
2810 537 2940 595 cod.
2980 539 3025 596 C
3064 539 3287 594 omisso.
3316 539 3479 595 Recte
3500 535 3631 594 haud

2107 632 2281 689 dubie
2312 630 2591 688 Dobraeus
2616 629 2886 686 Athenaeo
2910 625 3029 684 haec
3064 627 3295 697 tribuit,
3317 630 3393 683 ita
3411 629 3593 701 scripta
3618 649 3627 679 ·.

2106 713 2487 796 παραπλησίαν
2519 714 2689 790 ὀσμὴν
2724 712 2864 791 λέγει
2903 715 3018 792 (sc.
3062 717 3091 772 ὁ
3124 712 3407 791 Κρατῖνος)
3446 715 3631 792 ἀμφοῖν.

2106 804 2197 862 καὶ
2220 807 2248 862 δ
2276 801 2465 882 γλυκὺς
2493 801 2892 882 Ἀντιφάνης...,
2925 801 3089 879 cujus
3122 803 3382 878 proxime
3408 805 3633 876 sequitur

2054 902 2059 913 '
2104 897 2265 950 locus
2284 913 2353 950 ex
2378 897 2689 968 Dysprato.
2724 911 2755 948 ο
2782 895 2833 947 Ε
2858 895 2944 948 M.

2864 1023 2897 1059 2

2188 1117 2518 1192 Hesychius,
2545 1113 2843 1192 Πααμύλης
2866 1135 2880 1170 :
2904 1112 3190 1194 Αἰγύπτιος
3212 1114 3323 1184 Θεὸς
3340 1113 3635 1195 πριαπώδης.

451 1184 648 1240 Λώου.
687 1205 709 1240 ι
727 1205 778 1254 1,
802 1204 864 1259 p.
890 1185 1024 1258 469,
1042 1186 1085 1242 C
1103 1230 1118 1256 ,
1143 1197 1580 1256 commemorat,
1607 1186 1851 1243 eundem
1869 1203 2009 1254 esse,
2110 1205 2366 1282 Κρατῖνος
2390 1206 2421 1261 ὁ
2448 1202 2693 1282 νεώτερος
2715 1201 2953 1280 Γίγασιν,

444 1270 514 1326 de
547 1290 661 1344 quo
705 1274 892 1347 agitur
923 1273 1138 1329 ibidem
1179 1273 1235 1342 6,
1261 1292 1322 1348 p.
1361 1279 1496 1342 242,
1533 1274 1608 1343 A,
1637 1276 1894 1330 Cratinus
1925 1274 2015 1327 vi-

443 1369 556 1412 tam
579 1375 761 1430 usque
788 1358 861 1414 ad
889 1361 1176 1417 Ptolemaei
1200 1360 1558 1435 Philadelphi
1587 1371 1842 1435 tempora
1867 1378 2011 1436 pro-

443 1445 666 1500 duxisse
687 1445 1001 1505 videretur.
1038 1472 1062 1498 ν
1096 1449 1144 1503 Ε
1159 1443 1250 1506 M.
1275 1450 1422 1506 nist.
1449 1449 1600 1518 crit„
1619 1449 1722 1504 ubi
1749 1447 1820 1504 de
1842 1449 2015 1504 titulis

442 1532 764 1596 fabularum
809 1533 1063 1608 disputat
1097 1555 1157 1610 p.
1201 1542 1309 1601 '⁸11
1361 1553 1549 1610 seqq„
1586 1546 1640 1591 et
1677 1535 1750 1592 de
1786 1541 2013 1592 Διονυ-

381 1651 386 1656 -
443 1617 770 1686 σαλεξάνδ
786 1641 870 1702 ρῳ
911 1623 996 1698 (v.
1034 1625 1238 1679 veteris
1255 1625 1470 1680 Cratini
1501 1623 1844 1698 fragmenta)
1873 1641 2014 1678 con-

438 1707 718 1776 jecturam
745 1709 986 1784 profert.

983 1821 1031 1878 1.
1081 1823 1124 1880 Γ
1127 1820 1480 1881 ῙΓΑΝΤΕΣ.

1207 1937 1256 1991 ί.

523 2053 730 2109 Athen.
767 2051 859 2124 15,
893 2073 951 2129 p.
989 2054 1126 2126 661,
1155 2058 1201 2111 E
1236 2075 1247 2109 :
1285 2053 1587 2130 ἐκσεμνύνει
1616 2051 1682 2110 δὲ.
1697 2051 1793 2124 τὴν
1824 2053 2014 2132 τέχνην

446 2137 569 2210 (τὴν
617 2139 956 2217 μαγειρικὴν)
1007 2141 1098 2198 καὶ
1141 2145 1170 2199 ὁ
1214 2140 1462 2221 νεώτερος
1513 2141 1768 2221 Κρατῖνος
1814 2145 1866 2200 ἐν
1912 2141 2016 2207 τοῖς

443 2227 668 2302 Γίγασι,
695 2225 862 2304 λέγων

903 2354 931 2368 -υ
1012 2344 1025 2370 2
1093 2341 1116 2366 Α
1194 2355 1224 2366 a·

543 2381 640 2424 ——‚
669 2337 930 2434 Ιῖνθυμου
965 2337 1004 2409 δ
1037 2392 1056 2424 ,
1089 2369 1122 2408 ο
1150 2369 1258 2420 της
1287 2354 1400 2437 γῆς
1425 2369 1629 2436 φασιν,
1665 2349 1744 2420 ὡς

541 2441 663 2525 ὄζει
681 2496 700 2531 ,
732 2449 956 2524 καπνός
985 2456 1043 2514 τ’
1077 2443 1337 2540 ἐξέρχετ’
1366 2444 1776 2540 εὐωδέστερος.

543 2551 727 2620 Οἰκεῒ
749 2580 877 2639 τις,
909 2561 989 2632 ὡς
1017 2558 1236 2640 ἔοικεν,
1271 2560 1330 2621 ἐν
1359 2565 1450 2640 τῷ
1480 2554 1760 2646 χάσματι

540 2655 1058 2737 λιςανωτοπώλης
1083 2661 1119 2734 ἢ
1159 2661 1440 2755 μάγειρος
1471 2662 1789 2737 Σικελικός.

449 2791 623 2847 Versu
659 2810 681 2847 1
707 2801 766 2848 et
794 2810 827 2849 a
863 2792 996 2850 libri
1020 2789 1264 2868 Ἐνθύμει
1291 2789 1346 2850 δὲ
1375 2793 1467 2862 τῆς
1491 2794 1588 2869 γῆς
1611 2793 1681 2858 ὣς
1707 2787 1872 2874 γλυκὺ
1897 2789 2019 2862 ὄζει,

447 2881 548 2937 sed
571 2885 614 2939 B
644 2885 790 2940 inter
833 2885 927 2958 γῆς
965 2895 1018 2941 et
1051 2885 1123 2951 ὣς
1160 2885 1356 2941 inserit
1404 2880 1570 2963 φασὶ,
1601 2901 1770 2959 quem
1807 2883 2019 2940 librum

445 2982 668 3027 secutus
685 2990 805 3027 sum
826 3014 842 3041 ,
870 2968 1034 3049 γλυκὺ
1058 2973 1271 3030 habens
1292 2992 1401 3047 pro
1422 2973 1693 3048 glossema
1701 2984 1753 3029 te
1767 3014 1784 3042 ,
1801 2975 2019 3046 quippe

447 3056 780 3132 ταυτολόγον,
801 3079 978 3133 quum
997 3072 1267 3136 sequatur
1289 3059 1648 3139 εὐωδέστερος.
1684 3060 1858 3119 Dind.
1891 3058 2015 3120 Ἐν-

446 3148 610 3217 θυμοῢ
636 3145 723 3218 δέ,
753 3149 996 3205 Meinek.
1027 3146 1386 3222 Ἔνθυμεῗσθε.
1426 3147 1599 3221 Quod
1626 3147 1781 3222 apud
1806 3149 2013 3208 Athen.

447 3234 670 3309 legitur,
720 3235 772 3291 ἐν
821 3235 928 3301 τοῖς
970 3235 1188 3313 Γίγασι,
1228 3238 1379 3293 idem
1411 3237 1586 3292 habet
1627 3236 1933 3309 Hesychius
1958 3255 2013 3294 ν.

451 3317 770 3394 Πααμύλης.
811 3322 922 3379 Sed
947 3323 1006 3393 6,
1043 3344 1108 3399 p.
1147 3331 1282 3393 πάι,
1309 3325 1388 3395 C,
1431 3324 1528 3379 ille
1563 3322 1808 3379 ostendit
1849 3322 1902 3379 ἐν
1928 3322 2023 3381 Τι-

447 3414 569 3464 τᾶσι
583 3450 598 3479 ,
630 3410 788 3483 quod
809 3413 980 3467 etiam
997 3412 1190 3488 priore
1212 3414 1343 3468 loco
1365 3413 1618 3469 Athenaei
1637 3423 1694 3469 et
1718 3411 1876 3486 apud
1905 3413 2019 3468 He·

447 3496 710 3572 sychium
765 3499 1010 3561 Meinek.
1063 3500 1460 3575 reponendum
1515 3520 1631 3558 esse
1681 3502 2017 3574 suspicatur,

452 3604 626 3659 quum
647 3591 956 3662 praesertim
971 3590 1226 3646 Eubulus
1243 3608 1476 3663 quoque
1493 3592 1716 3647 Titanes
1735 3590 2015 3646 docuerit.

457 3698 480 3721 «-
517 3675 690 3731 Favet
711 3676 843 3732 huic
869 3676 1208 3751 conjecturae
1236 3678 1666 3752 quodammodo
1685 3663 2019 3751 Hesyehius,

452 3778 630 3834 quum
663 3763 803 3818 dicit
832 3762 1130 3839 Πααμύλης
1165 3783 1177 3818 :
1210 3762 1492 3840 Αἰγύπτιος
1534 3763 1644 3829 θεὸς
1671 3762 1981 3841 πριαπώδης
2000 3806 2017 3833 ,

452 3847 688 3906 Photius
725 3863 918 3909 autem
944 3856 1180 3927 Lex..p.
1228 3851 1362 3927 592,
1393 3873 1428 3908 2
1461 3872 1476 3911 :
1525 3851 1816 3925 ἐνομίζοντο
1853 3852 1909 3910 δὲ
1948 3853 2021 3932 (οἱ

453 3934 703 4013 Τιτᾶνες)
733 3939 836 3993 τῶν
873 3939 1194 4019 πριαπωδῶρ
1227 3941 1356 3997 θεῶν
1389 3926 1544 3997 εἶναι.
1583 3942 1731 3996 Hinc
1757 3943 1913 4013 Eust,
1948 3942 2023 3998 ad

455 4022 622 4082 Hom.
654 4045 711 4100 p.
740 4025 876 4100 985,
900 4026 964 4083 5¹
1004 4047 1016 4081 ι
1041 4028 1070 4083 ὁ
1093 4024 1316 4092 κίναιδος
1345 4025 1434 4083 καὶ
1454 4025 1666 4099 πειόλης
1691 4026 1856 4087 Τιτὰν
1883 4050 2021 4086 σκω·

456 4113 652 4177 πτικῶς
683 4110 941 4188 λέγονται.
989 4116 1253 4191 Gigantes
1284 4116 1550 4172 Titanum
1583 4118 1641 4171 in
1665 4117 1856 4185 locum
1884 4119 2021 4173 irre·

457 4210 690 4271 pserunt
735 4202 889 4275 apud
915 4203 1146 4258 Suidam
1171 4244 1188 4271 ‚
1221 4200 1489 4274 Ἰαπετός,
1523 4193 1594 4269 εἷς
1621 4204 1722 4261 τῶν
1755 4202 2023 4279 Γιγάντων

459 4288 612 4363 (ann.
639 4287 714 4342 ad
734 4288 978 4363 AEschyli
999 4294 1103 4364 Ag.
1131 4290 1266 4347 628.
1292 4292 1458 4347 Both.
1477 4290 1518 4364 ).
1549 4292 1810 4347 Ceterum
1835 4295 2026 4367 pergit

459 4374 756 4431 Athenaeus
787 4393 801 4432 z

537 4468 916 4547 παραπλησίαν
945 4472 1114 4547 ὀσμὴν
1143 4470 1308 4545 λέγεις
1331 4475 1528 4549 ἀμφοῖν
1558 4470 1773 4547 γλυκύς,

1047 4638 1431 4700 GIGANTES.

465 4816 472 4839 ²
534 4838 603 4848 -
628 4807 937 4865 Recordare
955 4851 970 4878 ‚
1002 4810 1136 4882 quid
1155 4731 1388 4869 delterra
1406 4820 1656 4878 narrent,

463 4910 584 4952 eam
611 4894 776 4964 olere,
799 4903 855 4953 et
883 4896 1100 4955 fumum
1126 4900 1271 4957 exire
1295 4898 1606 4957 odoratum.

465 4980 695 5039 Habitat
711 5024 726 5051 ,
759 4992 823 5041 ut
841 4983 1079 5054 videtur,
1097 4986 1158 5043 in
1179 4986 1284 5044 hoe
1303 4986 1456 5059 hiatu
1477 4986 1674 5059 aliquis

469 5072 696 5130 libanoti
726 5072 996 5141 venditor.
1024 5074 1104 5132 vel
1131 5091 1340 5147 eoquus
1361 5076 1672 5133 Siciliensis.

471 5242 638 5301 Valde
673 5248 1010 5319 AEgyptiaeus
1033 5263 1090 5305 es
1108 5166 1386 5319 seulfi-iria,
1415 5248 1718 5323 Paamyles.

2204 1297 2287 1380 o<
2315 1295 2583 1392 σφοδρῶς
2623 1294 3043 1394 αἰγυπτιώδης
3074 1307 3374 1394 Σώχαρις,
3404 1303 3633 1392 Πααμύ-

3522 1413 3627 1482 λῖς.

2106 1535 2195 1590 Ita
2221 1535 2460 1593 Meinek.
2487 1552 2504 1603 ;
2544 1533 2727 1590 codex
2762 1530 2861 1599 Ὦς
2884 1533 3137 1614 σφοδρῶς.
3168 1535 3203 1603 ἡ
3247 1534 3351 1610 αἷγ.
3380 1531 3551 1611 σόχαρ.
3578 1577 3610 1592 ..

2112 1622 2399 1696 (Mum-us
2417 1619 2677 1698 Σόχαρις)
2704 1619 3020 1694 πααμύλης,
3050 1641 3227 1696 quum
3255 1623 3499 1679 Cratinus
3525 1623 3629 1676 for-

2109 1721 2251 1766 tasse
2269 1711 2556 1784 scripserit
2574 1705 2671 1773 Ὡς
2700 1705 2920 1787 σφόδρ’
2958 1698 2994 1778 ἦ
3008 1731 3035 1773 ς
3070 1708 3197 1782 Αἶγ.
3225 1719 3333 1766 etc.
3358 1711 3633 1766 «Videntur

2105 1796 2225 1852 haec
2273 1796 2639 1871 intelligenda
2674 1813 2791 1852 esse
2822 1793 2897 1853 de
2931 1797 3167 1854 homine
3192 1798 3439 1872 impense
3470 1795 3631 1854 libidi-

2106 1903 2267 1941 noso.
2287 1886 2375 1939 De
2400 1885 2645 1940 Sochare
2671 1893 2728 1940 et
2755 1885 3021 1957 Paamyle
3048 1884 3121 1943 cs.
3146 1883 3441 1944 lablousk.
3462 1884 3629 1942 Panth.

2110 1972 2346 2046 AEgypt.
2388 1969 2445 2040 5,
2478 1992 2531 2042 7.
2568 1996 2589 2021 ο
2617 1971 2775 2029 ΕΜ.

2578 2100 2655 2158 11.
2700 2100 3196 2160 ΘΗΡΑΜΕΝΗΣ.

2191 2214 2397 2272 Athen.
2436 2222 2495 2290 1.,
2530 2234 2593 2292 p.
2634 2233 2767 2288 177,
2799 2216 2850 2273 Α
2882 2235 2897 2276 :
2928 2217 3033 2272 τῶν
3076 2213 3122 2271 δ’
3156 2212 3425 2290 ἐλύμων
3458 2213 3633 2270 αὐλῶν

2114 2301 2429 2378 μνημονεύει
2454 2301 2546 2360 καὶ
2578 2301 2815 2370 Καλλίας
2842 2303 2897 2361 ἐν
2929 2300 3211 2372 Πεδήταις.
3246 2299 3419 2367 Ἰύὸας
3444 2301 3518 2370 δὲ,
3540 2299 3634 2356 τού-

2110 2411 2230 2456 τους
2266 2391 2497 2470 Φρυγῶν
2532 2388 2627 2467 μὲν
2660 2381 2795 2448 εἶναι
2822 2389 3119 2469 εὕρημα....
3152 2393 3381 2469 χρῆσθαι
3422 2389 3463 2448 δ’
3494 2389 3633 2448 αὐτοῖς

2110 2478 2202 2536 καὶ
2232 2477 2577 2557 Κυπρίους
2604 2476 2733 2559 φησὶ
2778 2481 2953 2558 Κρατ.
2987 2481 3015 2536 δ
3050 2477 3299 2556 νεώτερος
3324 2479 3378 2536 ἐν
3416 2475 3633 2555 Θηραμὲ·

2110 2587 2206 2625 νει.
2242 2591 2267 2618 ι
2290 2569 2401 2622 Hic
2420 2566 2795 2625 Theramenes
2822 2567 3056 2624 sortasse
3077 2568 3462 2625 Demosthenis
3478 2567 3633 2622 obtre-

2112 2663 2299 2710 ctator
2324 2654 2418 2711 ille
2446 2655 2845 2732 intelligendus
2874 2665 2989 2728 est,
3019 2654 3091 2712 de
3114 2675 3233 2729 quo
3262 2656 3505 2729 queritur
3526 2671 3633 2707 ora-

2114 2751 2205 2797 tor
2234 2743 2411 2818 Epist.
2438 2751 2473 2811 4
2512 2763 2524 2798 ε
2566 2763 2699 2800 nam
2734 2743 2805 2800 de
2832 2745 3187 2817 antiquiore,
3220 2745 3322 2818 qui
3360 2742 3633 2800 Cothurnus
3662 2775 3671 2786 -

2112 2833 2544 2904 cognominatus
2568 2831 2673 2887 fuit
2696 2871 2715 2901 ,
2748 2832 2997 2905 cogitare
3024 2842 3219 2887 vetant
3244 2841 3536 2906 temporum
3560 2845 3631 2880 ra-

2114 2919 2310 2976 tione&
2346 2942 2369 2969 ι
2394 2920 2445 2977 E
2482 2919 2567 2977 M.

2646 3031 2755 3093 111.
2797 3030 3152 3093 ΟΜΦΑΛΗ.

2191 3146 2397 3203 Athen.
2451 3144 2545 3216 15,
2582 3164 2645 3221 p.
2688 3146 2825 3221 669,
2868 3146 2911 3202 Β
2946 3166 2959 3201 :
3004 3142 3143 3203 κατὰ
3170 3142 3275 3224 γὰρ
3300 3142 3385 3203 τὸν
3426 3137 3627 3217 νεώτερα*

2118 3233 2393 3309 Κρατῖνον,
2423 3229 2477 3297 ὃς
2506 3232 2559 3288 ἐν
2589 3230 2843 3313 Ὀμφάλῃ
2868 3230 2999 3312 φησὶ

2211 3346 2413 3413 Πίνειν
2444 3349 2549 3439 μὲν
2588 3346 2737 3414 ὄντα
2764 3348 2867 3415 τὸν
2894 3350 3100 3424 καλῶς
3129 3340 3443 3439 εὐδαίμονα

2210 3456 2482 3545 κρεῖττον
2500 3477 2515 3492 ·
2553 3452 2752 3545 μάχαι
2779 3447 2839 3518 δ’
2872 3448 3115 3519 ἄλλοισι
3142 3451 3251 3519 καὶ
3279 3452 3435 3519 πόνοι
3466 3450 3611 3540 μέλη.

2113 3582 2271 3638 Libri
2300 3600 2599 3658 perperam
2626 3581 2846 3657 μένοντα
2872 3594 2931 3640 et
2960 3602 3127 3639 versu
3156 3600 3191 3639 α
3216 3580 3393 3658 μέλοι.
3424 3584 3498 3637 De
3524 3598 3553 3643 η
3590 3584 3633 3629 0²

2116 3690 2163 3727 οι
2198 3671 2445 3727 confinis
2479 3691 2541 3729 V.
2584 3672 2801 3728 Cratini
2847 3673 3054 3728 Incert.
3094 3678 3231 3743 147,
3260 3682 3369 3727 etc.
3410 3666 3635 3741 Bergkiu³

2114 3754 2269 3821 πόνος
2286 3754 2456 3831 μέλοι.
2478 3784 2505 3808 ι
2522 3760 2703 3815 Verba
2726 3752 3015 3832 Hereum,
3034 3758 3191 3833 apud
3212 3758 3507 3833 Omphalen
3522 3764 3629 3807 sire·

2112 3863 2225 3901 nue
2254 3848 2595 3920 nepotantiS.
2628 3871 2651 3897 n
2690 3848 2738 3901 Ε
2762 3848 2847 3905 Μ.
2893 3844 3023 3919 Τὸν,
3066 3846 3129 3903 h.
3173 3865 3227 3903 e.
3272 3849 3463 3913 τοῦτον,
3489 3842 3629 3903 hm,

2114 3932 2173 3989 h.
2204 3952 2255 3993 e.
2284 3951 2395 3991 me.

2864 4067 2921 4103 2.

2196 4156 2401 4215 Pollux
2434 4179 2488 4230 7,
2536 4158 2608 4215 58
2658 4180 2670 4213 :
2710 4158 2763 4215 ἐν
2805 4156 2859 4215 δὲ
2904 4159 2970 4237 τῆ
3006 4160 3095 4215 τοῦ
3136 4156 3384 4236 νεωτέρου
3420 4148 3633 4232 Κρατίνου

2118 4245 2371 4325 Ὀμφάλῃ
2401 4244 2605 4327 εἴρηται

2212 4395 2307 4404 -
2351 4350 2529 4448 Ῠμεῖς
2556 4349 2612 4421 δ’
2634 4354 2735 4423 ἐὰν

2222 4460 2499 4529 ἱππίσκον
2528 4461 2565 4534 ἢ
2600 4462 2871 4555 τρίμιτον
2892 4464 3079 4552 ἔχητε
3096 4512 3115 4547 ,

2720 4644 3089 4699 OMPHALE.

2876 4768 2925 4817 1.

2126 4864 2317 4921 Bibere
2345 4866 2493 4923 hune
2520 4864 2688 4938 probe
2708 4864 2929 4922 beatum

2130 4950 2320 5009 melius
2334 4960 2446 5019 est3
2468 4968 2666 5025 pugnae
2682 4968 2805 5008 vero
2825 4968 2890 5009 ae
2911 4950 3123 5009 labores
3138 4951 3363 5009 aliorum
3374 4956 3485 5006 m!
3496 4956 3625 5003 απτ·

2130 5166 2199 5207 -‘-
2222 5165 2331 5218 Vos
2352 5168 2532 5218 autem
2552 5160 2597 5215 si

2133 5247 2393 5323 equulum
2418 5248 2501 5305 vel
2534 5255 2737 5305 vestem
2763 5243 2993 5305 habetis.
