3809 5850
1620 358 1951 439 ''ALExis

246 489 353 550 Διὰ
379 494 473 563 τῆς
500 494 693 575 ἀγορᾶς
720 493 939 575 τρέχων,
970 496 1311 579 ἀναρίστητος
1334 500 1426 562 ὧν.

160 599 292 662 Ἄλ.
326 605 467 665 Κατ.

263 718 518 799 Πάντως
544 720 937 815 ἀναρίστητος
963 728 1029 791 οὐ
1056 716 1389 820 δυνήσομαι

258 816 734 917 διακαρτερῆσαι
760 831 1136 904 τηλικαύτην
1164 837 1417 925 ἡμέραν.

286 924 292 930 ’
564 952 776 1014 cxlx.
820 956 1338 1021 ΤΡΑΥΜΑΤΙΑΣ.

236 1172 499 1233 Stohaens
524 1177 719 1235 Floril.
754 1196 777 1235 1
794 1198 887 1257 19,
922 1180 1013 1254 15,
1040 1200 1171 1241 eum
1192 1185 1457 1244 lemmate
1484 1184 1735 1257 Ἀλέξιδος

152 1261 215 1319 ἐκ
242 1262 617 1341 Τραυματίου.
1186 1310 1189 1313 ·

354 1415 455 1428 —-
480 1378 600 1446 Τὸν
627 1376 747 1473 γὰρ
775 1385 1039 1451 ὕστατον
1266 1480 1269 1483 ἡ
1342 1426 1345 1429 ’

251 1484 486 1577 τρέχων
515 1477 763 1553 δίαυλον
789 1500 897 1557 τοῦ
928 1488 1051 1576 βίου
1070 1486 1179 1572 ζῆν
1212 1496 1529 1588 βούλομαι.

914 1636 972 1677 2.

227 1722 445 1784 Athen.
488 1724 595 1798 13,
629 1746 689 1803 p.
740 1724 888 1801 562,
919 1732 1005 1802 1²¹,
1046 1744 1180 1806 post
1231 1732 1601 1811 Theophrasti
1636 1740 1730 1797 lo-

147 1829 281 1866 cum
309 1815 639 1887 appositum
661 1817 740 1873 sic
767 1820 956 1894 pergit
985 1839 1001 1876 ι
1026 1821 1055 1877 ὁ
1083 1818 1132 1877 δ’
1154 1820 1311 1889 αὐτὸς
1331 1812 1479 1891 οὗτος
1508 1825 1730 1898 ποιητὴς

146 1896 237 1955 καὶ
262 1897 389 1978 περὶ
413 1902 521 1959 τῶν
550 1900 785 1982 δρώντων
808 1904 864 1963 ἐν
883 1908 959 1987 τῷ
979 1906 1383 1993 ἐπιγραφομένῳ
1404 1914 1725 1995 Τραυματίᾳ

146 1984 304 2063 φησὶν
336 1984 503 2055 οὕτως
517 2031 536 2061 ,
1272 2016 1277 2019 ·

238 2100 356 2179 Τίς
384 2101 520 2195 οὐχὶ
548 2106 721 2197 φήσει
756 2107 895 2185 τούς
921 2111 1176 2201 ἐρῶντας
1202 2106 1311 2193 ζῆν
1341 2116 1551 2206 μόνους
1567 2166 1588 2202 ,

239 2204 296 2271 εἰ
328 2198 433 2273 δεῖ
459 2231 533 2299 γε
558 2216 793 2302 πρῶτον
834 2214 940 2304 μὲν
968 2218 1601 2308 στρατευτικωτάτους

236 2306 398 2377 εἶναι
414 2360 435 2399 ,
466 2320 669 2379 πονεῖν
700 2342 770 2383 τε
789 2310 1146 2411 δυναμένους
1164 2330 1302 2401 τοῖς
1332 2328 1575 2417 σώμασι

236 2415 551 2507 μάλιστα,
576 2414 981 2514 προσεδρεύειν
1007 2432 1069 2492 τ’
1102 2426 1379 2519 ἀρίστους
1408 2439 1499 2517 τῷ
1524 2430 1716 2519 πόθῳ,

146 2517 185 2585 5
234 2525 591 2603 ποιητικοὺς
610 2575 631 2612 ,
672 2524 923 2622 ἰταμοὺς
939 2580 959 2617 ,
989 2532 1315 2625 προθύμους
1332 2586 1351 2622 ,
1386 2537 1655 2630 εὐπόρους
1671 2588 1690 2624 ,

232 2632 295 2693 ἐν
325 2622 385 2695 δ’
417 2629 693 2725 ἀπορίαις
724 2627 1061 2720 βλέποντας
1090 2638 1174 2717 εἰς
1205 2640 1618 2737 ἀθλιωτέρους.

149 2779 171 2803 ι
198 2758 431 2814 Alexidi
457 2761 563 2817 hos
593 2781 787 2821 versus
813 2766 1103 2825 vindicare
1138 2783 1375 2828 conatus
1409 2791 1533 2829 sum
1578 2772 1717 2837 nist.

142 2846 263 2903 crit.
306 2846 473 2905 Com.
512 2866 577 2923 p.
621 2848 737 2927 519
760 2872 911 2929 sqq„
945 2866 1002 2911 et
1028 2876 1080 2913 v.
1111 2876 1145 2913 α
1196 2858 1241 2915 εἰ
1271 2858 1348 2916 δεῖ
1374 2862 1572 2939 scripsi
1610 2880 1718 2939 pro

142 2930 277 3006 ἔδει,
310 2937 475 3010 quod
503 2937 621 2995 fere
648 2943 955 2999 ostendunt
988 2946 1161 3004 codd.
1194 2948 1287 3004 Sic
1326 2949 1495 3006 etiam
1531 2953 1714 3014 Dobr.

142 3021 277 3078 God.
308 3023 359 3076 L
379 3019 465 3088 οὓς
483 3023 583 3084 δεῖ.
618 3051 645 3078 ιο
673 3029 727 3083 Ε
746 3030 839 3085 Μ.
875 3031 1071 3088 Primo
1096 3053 1261 3119 versu
1278 3037 1471 3094 malim
1499 3055 1516 3097 ε

226 3134 343 3214 Τίς
375 3137 517 3218 τοὺς
548 3142 805 3233 ἐρῶντας
832 3145 967 3235 οὐχὶ
996 3149 1174 3238 φήσει
1204 3143 1314 3229 ζῆν
1344 3149 1568 3243 μόνους.

148 3259 211 3317 V.
264 3262 299 3318 5
350 3267 525 3322 Mein.
556 3269 792 3344 conjicit
826 3271 1113 3344 νοητικούς.
1156 3280 1225 3335 V.
1265 3277 1300 3334 6
1334 3281 1507 3355 vulgo
1532 3281 1583 3338 ἐν
1612 3281 1715 3348 τοῖς

145 3349 355 3428 ἀπόροις
376 3351 697 3431 βλέποντας,
726 3359 1104 3435 ἀθλιωτάτους,
1132 3367 1191 3421 in
1215 3368 1425 3440 quibus
1451 3379 1509 3425 et
1529 3369 1715 3444 displi-

144 3449 223 3492 cet
244 3441 306 3496 in
340 3443 485 3499 thesi
512 3445 693 3503 latens
716 3445 929 3527 ἀπόροις
950 3463 1009 3508 et
1028 3455 1213 3528 prima
1236 3457 1395 3512 vocis
1424 3457 1538 3514 ἀθλ.
1576 3477 1709 3534 pro·

144 3524 327 3582 ducta.
359 3528 427 3586 A’
470 3543 603 3588 ante
652 3533 701 3592 Α
740 3537 923 3594 simile
963 3537 1109 3597 sorte
1148 3544 1469 3618 neglectum
1515 3547 1711 3624 fuerit,

144 3619 391 3684 quamvis
421 3623 713 3679 sententiae
755 3637 1055 3700 peraptum
1068 3670 1081 3684 .
1111 3631 1199 3688 De
1226 3635 1623 3711 comparativis
1656 3651 1711 3696 et

3289 420 3409 474 56⁹

2276 516 2449 581 CXX.
2493 523 2968 593 ΤΡΟΦΩΝΙΟΣ.

1911 680 2116 743 Athen.
2157 702 2250 760 10,
2271 706 2331 761 p.
2360 695 2392 755 Ι.
2407 708 2500 762 17,
2523 691 2599 764 E,
2623 693 2698 751 de
2721 698 3068 759 Boeotiorum
3097 710 3405 770 voracitate

1828 778 2130 841 poetarum
2153 775 2470 833 testimonia
2495 780 2736 840 afferens
2761 804 2777 841 ε
2804 780 2921 848 Ἀλ.
2948 790 3000 847 T
3001 792 3236 875 ροφωνίῳ
3255 837 3273 866 ,

1927 905 2020 917 -
2057 880 2182 937 Νῦν
2213 863 2306 959 δ’,
2336 876 2436 941 ἵνα
2461 880 2544 969 μὴ
2571 890 2886 964 παντελῶς
2922 894 3195 959 Βοιώτιοι

1911 971 2194 1064 ,φαίνησθ’
2238 974 2388 1047 εἶναι
2426 990 2563 1062 τοῖς
2600 981 2909 1083 διασύρειν
2945 998 3101 1087 ὑμᾶς
3141 997 3394 1093 εἶθισμές-

2485 1116 2498 1130 .
3236 1132 3350 1186 vot<
3372 1159 3391 1197 7

1920 1186 1998 1260 ὡς
2018 1232 2038 1271 ,
2061 1184 2335 1263 ἀκίνητοι
2359 1202 2516 1281 νοῦν,
2536 1194 2670 1289 ἀμα
2693 1200 2840 1285 βοᾶν
2858 1200 2966 1271 καὶ
2982 1202 3169 1275 πίνειν
3190 1211 3390 1303 μόνον,

1921 1289 2024 1355 καὶ
2069 1286 2352 1385 δειπνεῖν,
2417 1304 2808 1396 ἐπιστάμενοι
2865 1303 2971 1377 διὰ
3021 1317 3230 1395 τέλους
3281 1324 3394 1396 τὴν

3007 1421 3175 1513 ,νύχθ’
3211 1426 3388 1512 ὅλην,

1824 1494 1865 1566 5
1919 1504 2188 1593 γυμνοῦθ’
2218 1510 2433 1589 αὐτοὺς
2451 1510 2664 1581 θᾶττον
2691 1514 2982 1600 ἅπαντεςέ

1820 1646 2000 1703 Versu
2039 1648 2073 1705 3
2119 1654 2390 1712 mendose
2421 1657 2556 1714 libri
2583 1661 2672 1718 νῦν
2706 1682 2818 1737 pro
2845 1668 2988 1739 νοῦν,
3028 1672 3178 1729 sieut
3211 1670 3382 1735 etiam

1820 1733 1956 1791 alias
1977 1755 2054 1806 ου,
2085 1758 2134 1810 υ,
2149 1760 2218 1811 ω,
2238 1752 2294 1797 et
2304 1745 2530 1820 similia,
2557 1748 2788 1832 confusa
2809 1758 3176 1829 reperiuntur
3195 1764 3258 1819 in
3279 1784 3384 1822 eo·

1820 1820 2057 1881 dieihus.
2081 1828 2348 1903 Virgilius
2363 1832 2491 1888 AEn.
2525 1840 2583 1904 4,
2617 1842 2733 1913 449
2756 1856 2771 1897 :
2799 1860 2954 1897 mens
2981 1850 3214 1906 immota
3252 1872 3382 1909 ma-

1816 1920 1927 1966 net.
1946 1912 2160 1972 De'mde
2195 1917 2368 1975 iidem
2395 1907 2529 1977 εἶναι
2555 1942 2664 1999 pro
2689 1922 2832 2001 ἅμα,
2865 1928 2938 1988 de
2975 1952 3093 2007 quo
3128 1938 3203 1998 cf.
3243 1958 3376 2001 ann.

1817 1996 1892 2053 ad
1919 2000 2094 2060 Thue.
2137 2000 2194 2078 3,
2235 2004 2330 2066 38.
2372 2005 2552 2066 Πίνειν
2582 2013 2820 2072 casaub.
2855 2038 2964 2093 pro
2994 2030 3188 2096 πονεῖν,
3220 2030 3379 2103 quod

1814 2085 2084 2148 alienum.
2111 2092 2180 2149 V.
2214 2098 2247 2157 4
2273 2091 2358 2151 διὰ
2386 2092 2562 2163 τέλους
2583 2119 2615 2156 e
2637 2098 2767 2159 eod.
2798 2105 2868 2177 B;
2894 2113 3068 2166 ceteri
3097 2110 3184 2170 διὰ
3208 2114 3374 2184 τέλος.

1813 2174 1878 2230 V.
1902 2173 1937 2232 5
1960 2201 1982 2226 ιι
2011 2179 2178 2251 pallia
2204 2179 2483 2253 jubentur
2505 2188 2793 2263 deponere
2817 2196 3024 2253 Boeotii
3037 2240 3056 2271 ,
3075 2218 3148 2257 ex
3172 2204 3380 2276 quibus

1814 2275 2040 2323 constat
2055 2268 2270 2327 Chorus
2287 2315 2305 2342 ,
2331 2292 2448 2349 qno
2477 2276 2787 2336 habiliores
2805 2284 2916 2341 sint
2937 2288 3012 2344 ad
3035 2290 3375 2351 saltandum.

1810 2353 1985 2410 Arist.
2008 2354 2248 2416 Acham.
2276 2355 2389 2433 592
2415 2380 2428 2416 t
2463 2361 2580 2419 ἀλλ’
2602 2365 2882 2435 ἀποδύντες
2905 2378 3011 2437 τοῖς
3039 2372 3380 2445 ἀναπαίστοις

1812 2435 2063 2515 ἐπίωμεν.
2094 2442 2178 2499 Ibi
2204 2445 2382 2506 schol.
2423 2468 2436 2503 ε
2479 2448 2795 2510 ἀποδύονται
2821 2453 2917 2527 τὴν
2947 2456 3131 2525 ἔξωθεν
3157 2462 3375 2540 στολὴν,

1808 2520 1895 2581 ἵνα
1920 2525 2135 2596 εὐτόνως
2151 2530 2402 2610 χορεύωσι
2422 2534 2515 2593 καὶ
2542 2538 2948 2624 εὐστροιρῶτεροι
2975 2534 3094 2608 ὦσι.
3119 2551 3272 2609 Idem
3302 2554 3377 2611 ad

1810 2617 1941 2675 Pac.
1975 2618 2090 2693 693
2123 2638 2136 2674 ε
2170 2620 2358 2698 γυμνὸν
2386 2621 2488 2704 γὰρ
2510 2632 2742 2685 ποιοῦσιν
2777 2632 2826 2691 οῖ
2853 2634 3078 2710 κωμικοὶ
3105 2636 3195 2697 τὸν
3217 2640 3375 2722 χορὸν

1811 2700 1893 2760 ἀεὶ
1911 2747 1929 2774 ,
1961 2700 2050 2762 ἵνα
2089 2708 2325 2786 ὀρχῆται.
2357 2710 2522 2770 Plato
2549 2718 2772 2779 Menex.
2803 2741 2863 2797 p.
2897 2724 3034 2797 365,
3067 2743 3378 2791 annotante

1810 2791 2064 2849 Porsono
2103 2798 2366 2873 Append.
2409 2801 2481 2858 ad
2509 2806 2718 2881 Toupii
2745 2811 2984 2873 Emend.
3015 2836 3056 2892 p
3124 2822 3239 2895 498
3283 2844 3297 2883 :
3327 2821 3379 2879 εἴ

1809 2898 1876 2954 με
1904 2878 2130 2950 κελεύεις
2157 2883 2416 2948 ἀποδύντα
2439 2888 2788 2972 ὀρχήσασθαι.
2819 2922 2846 2952 n
2874 2900 2926 2958 E
2949 2904 3039 2964 Μ.

2562 3052 2614 3089 2.

1882 3151 2044 3207 Idem
2076 3153 2136 3224 6,
2171 3173 2234 3230 p.
2263 3163 2375 3224 24²
2399 3203 2414 3229 ,
2451 3159 2495 3218 C
2539 3181 2554 3217 τ
2600 3157 2910 3243 Μοσχίωνος
2939 3151 2997 3228 δέ
3024 3161 3159 3239 τινος
3187 3157 3366 3254 παρα-

1805 3232 1950 3293 σίτου
1979 3239 2312 3315 μνημονεύων
2337 3238 2455 3306 Ἅλ.
2477 3246 2531 3304 ἐν
2555 3250 2722 3332 Τροφ.
2743 3296 2762 3330 ,
2791 3257 3184 3333 παραμασήτην
3211 3263 3366 3324 αὐτὸν

1805 3323 1858 3380 ἐν
1899 3321 2100 3393 τούτοις
2128 3328 2306 3386 καλεῖ·

1996 3495 2094 3508 --
2138 3455 2332 3528 Eio’d
2377 3464 2692 3559 Μοσχίων,

1896 3601 1930 3662 ὁ
1956 3603 2399 3692 παραμασήτης
2435 3607 2496 3670 ε’ν
2529 3610 2766 3699 βροτοῖς
2793 3601 3154 3706 αὐδώμενος.

142 3703 488 3774 superlativis
531 3714 868 3768 commutari
899 3716 1086 3773 solitis
1120 3738 1179 3776 v,
1212 3737 1342 3780 ann.
1384 3723 1459 3780 ad
1510 3726 1703 3801 Eurip.
1798 3734 1883 3793 cf.
1909 3729 2136 3797 Terent.
2167 3745 2222 3809 4,
2245 3738 2305 3798 8.
2327 3741 2468 3800 Sane
2493 3747 2671 3821 magis
2687 3750 2927 3826 analoga
2941 3754 3170 3822 videtur
3183 3757 3360 3815 forma
3437 3748 3450 3761 ’

142 3787 329 3864 Suppl.
364 3811 541 3866 1027.
574 3797 863 3856 Sententia
890 3803 1058 3858 simili
1076 3817 1245 3879 poeta
1265 3811 1505 3882 latinus,

214 3886 473 3946 Solamen
504 3893 723 3950 miseris
750 3899 935 3955 socios
959 3900 1222 3962 habuisse
1241 3908 1544 3967 malorum.

1742 3871 1747 3874 .
1798 3823 2221 3901 παραμασήτης,
2251 3828 2352 3885 sed
2371 3832 2509 3888 nihil
2537 3833 2775 3895 definio.
2802 3841 2886 3897 De
2901 3843 3232 3904 Moschione
3251 3867 3359 3924 pa-

1798 3913 1970 3967 rasito
1994 3915 2168 3974 Mein.
2197 3917 2336 3972 citat
2357 3921 2560 3980 Athen.
2594 3941 2655 3997 9,
2678 3943 2737 3999 p.
2765 3925 2902 3999 382,
2933 3931 3003 3986 D.
3097 3972 3104 3981 -

179 4004 3342 4068 Ἢ..

889 4071 943 4120 4.

150 4145 353 4206 i'mrsns
378 4151 499 4210 sine
516 4153 792 4226 jentaculo
813 4160 1111 4232 perdurare

148 4245 241 4289 non
264 4247 451 4308 potero
478 4247 591 4300 tam
616 4242 833 4318 longam
853 4247 1020 4307 diem.

745 4359 827 4416 SA
836 4363 1073 4423 UClUS.

216 4593 269 4602 —-
294 4567 565 4628 Ultimum
592 4574 741 4630 enim

148 4642 369 4708 diaulnm
392 4657 572 4714 aetatis
588 4659 851 4720 emetiens
875 4664 1001 4724 volo
1022 4668 1215 4726 vivere.

879 4767 932 4816 2.

206 4841 329 4908 Quis
350 4847 576 4918 negabit
600 4851 747 4910 solos
768 4853 945 4915 vivere
964 4868 1232 4931 amantes,

204 4923 461 4998 siquidem
484 4949 578 4991 eos
597 4937 835 5009 primum
863 4951 1075 5016 oportet
1100 4945 1535 5012 bellicosissimos

206 5024 312 5070 mse
327 5055 341 5079 .
362 5016 776 5096 plurimumque
795 5025 1095 5089 laboriosos
1123 5035 1444 5108 corporibus
1458 5079 1475 5107 ,

206 5103 255 5150 et
275 5099 337 5157 ad
358 5102 731 5166 insidiandum
754 5113 992 5186 optimos
1015 5128 1235 5192 propter
1255 5123 1569 5196 cupidinem
1589 5167 1603 5196 ‚

149 5184 175 5228 ⁵
206 5188 459 5262 poeticos,
490 5193 752 5268 audaces,
783 5212 1093 5278 promptos,
1124 5209 1336 5266 consilii
1366 5211 1551 5282 plenos
1564 5237 1589 5282 ‚-

1870 4086 1926 4133 et
1949 4076 2008 4134 in
2027 4078 2440 4142 difficultatihm
2462 4088 2810 4161 respicientes
2825 4091 2898 4150 ad
2917 4093 3262 4156 infeliciores.

2333 4235 2810 4300 TROPHONIUS.

2545 4382 2594 4434 1.

1860 4479 2022 4535 Nune
2043 4495 2170 4537 vero
2187 4522 2203 4551 ,
2231 4499 2300 4542 ne
2323 4501 2542 4562 proruis
2565 4491 2762 4550 Boeotii
2781 4495 2892 4553 illis

1857 4579 1976 4622 esse
1996 4567 2320 4640 videamini,
2341 4574 2434 4646 qui
2452 4579 2808 4652 perstringere
2831 4599 2926 4640 vos
2951 4587 3156 4658 solent,

1858 4655 2016 4725 quasi
2035 4695 2052 4723 ‚
2077 4658 2308 4716 oonsilio
2329 4660 2556 4721 immoto
2573 4706 2588 4733 ‚
2615 4667 2754 4724 nibil
2776 4670 2960 4730 sciatis
2997 4685 3352 4752 praeterquam

2596 4755 2796 4822 [simul
2819 4759 3051 4820 clamare
3072 4772 3128 4822 et
3151 4765 3351 4834 bibere.

1854 4830 2021 4896 atque
2042 4827 2250 4898 epulari
2277 4847 2374 4905 per
2400 4843 2566 4894 totam
2590 4849 2806 4900 noctem
2823 4879 2840 4912 ‚

1856 4919 2032 4998 vestes
2061 4917 2214 4974 ocius
2235 4923 2420 4980 cuncti
2439 4926 2640 4984 exuite!

2539 5041 2588 5094 2.

1760 5129 1768 5136 '
1832 5165 1922 5178 ·--
1947 5141 2154 5201 Deinde
2172 5145 2488 5220 Moschion,
2562 5180 2568 5190 .

1678 5283 1685 5290 ,
1780 5237 1942 5294 quem
1968 5229 2266 5299 parasitum
2289 5237 2544 5296 mortales
2567 5247 2776 5301 vocant.
