3809 5850
437 415 509 464 26
1417 401 1830 462 COMOEDIAE
1871 400 2197 462 VETEms
2244 402 2657 476 RELIQUIAE.

433 537 598 604 locis,
626 534 802 591 verbo
827 529 986 610 μόλε,
1012 543 1186 608 poeta
1209 533 1436 590 dicente
1468 530 1607 591 Μόλ’
1639 523 1726 590 οὖν
1744 575 1760 606 ,
1787 531 1925 612 μόλ’,
1954 521 1999 590 ὦ

432 623 554 694 Ζεῦ,
591 633 699 678 etc.

1169 751 1262 791 11.

512 846 704 904 Schol.
734 848 1029 922 Aristoph.
1062 851 1169 904 Av.
1207 846 1318 902 521
1361 866 1375 900 :
1405 843 1484 902 ὅτι
1511 834 1657 911 οὗτος
1677 844 1995 921 (Lampon)

429 933 812 1012 χρησμολόγος.
837 929 926 1004 ἔζη
939 930 994 990 δὲ
1015 931 1102 990 ἐπὶ
1120 935 1214 1002 τῆς
1234 934 1338 990 τῶν
1353 930 1602 1010 Ὀρνίθων
1627 931 1990 1003 διδασκαλίας,

431 1024 549 1100 οὐχ,
568 1019 638 1087 ὥς
658 1043 810 1091 τινες,
837 1019 1126 1092 ἐτεθνήκει·
1143 1020 1324 1099 πολλῷ
1351 1017 1454 1098 γὰρ
1478 1017 1688 1098 ὕστερον
1715 1022 1822 1098 Κρ.
1855 1020 1909 1074 ἐν
1932 1022 1997 1096 τῇ

433 1111 572 1183 Νεμ.
592 1100 726 1167 οἶδεν
746 1106 898 1166 αὐτὸν
925 1111 1111 1177 ζῶντα.
1134 1109 1296 1166 Libri
1315 1111 1654 1183 repetitione
1673 1109 1884 1177 inutili,
1908 1107 1997 1166 καὶ

429 1201 597 1254 ταῦτα
621 1198 801 1275 πολλῷ
824 1196 1057 1274 ὕστερον.
1091 1199 1354 1254 Ceterum
1381 1198 1556 1255 Mein.
1575 1197 1638 1252 h.
1665 1197 1704 1254 l.
1737 1215 1752 1250 :
1778 1219 1802 1246 «ι
1825 1199 1998 1253 Falli-

433 1297 545 1353 tur,
581 1311 606 1336 n
641 1296 694 1342 et
730 1288 871 1344 Hist.
895 1288 1023 1345 crit.
1065 1287 1226 1342 Com.
1267 1305 1330 1360 p.
1363 1286 1472 1354 43,
1515 1287 1587 1342 de
1619 1282 1822 1360 Πυτίνῃ
1850 1286 1997 1343 Cra-

429 1376 536 1430 tini
581 1395 595 1429 :
647 1398 675 1426 a
724 1377 855 1431 Fuit
901 1375 996 1430 bic
1041 1385 1326 1430 extremus
1377 1375 1808 1449 ingeniosissimi
1852 1375 2000 1431 senis

429 1464 614 1532 labor,
645 1473 880 1520 testante
915 1461 1206 1533 Luciano,
1231 1464 1330 1536 qui
1363 1481 1539 1536 quum
1567 1463 1714 1518 lianc
1745 1462 1997 1518 fabulam

429 1548 557 1628 πρὸς
593 1553 670 1630 τῷ
715 1549 853 1608 τέλει
893 1553 982 1607 τοῦ
1023 1549 1138 1626 βίου
1179 1551 1438 1607 docuisse
1468 1551 1660 1625 dicat,
1697 1551 1999 1626 probabile

429 1649 513 1694 est
554 1640 763 1696 obiisse
795 1650 1027 1713 poetam
1059 1650 1320 1694 nostrum
1356 1639 1583 1712 Olymp.
1622 1639 1716 1712 89,
1755 1657 1810 1711 2,
1843 1637 1999 1692 unde

427 1726 752 1802 conficitur,
778 1729 994 1784 natales
1022 1727 1143 1800 ejus
1166 1726 1421 1782 incidere
1459 1729 1522 1780 in
1542 1727 1768 1800 Olymp.
1805 1723 1905 1795 65,
1941 1745 1995 1795 1,

429 1815 664 1888 fallique
697 1815 1036 1869 sclioliasten
1099 1814 1492 1886 Aristophanis
1542 1816 1648 1872 Av.
1703 1811 1843 1881 521,
1898 1814 1998 1886 qui

427 1904 720 1959 Cratinum
748 1903 810 1956 in
834 1901 1090 1972 Nemesi,
1121 1902 1296 1976 longo
1319 1912 1450 1976 post
1477 1905 1624 1957 Aves
1651 1901 1834 1958 editas
1857 1915 1999 1958 tem·

427 2009 604 2064 pore,
633 1991 694 2045 h.
723 2009 773 2045 e.
799 2001 932 2064 post
954 1991 1185 2065 Olymp.
1219 2007 1319 2063 91,
1368 2009 1424 2060 1,
1456 1993 1764 2064 Lamponis
1794 2001 1858 2046 ut
1887 1993 1998 2046 vivi

428 2080 782 2152 vigentisque
843 2079 1193 2134 mentionem
1245 2079 1500 2150 injecisse
1553 2079 1782 2148 scribit3
1837 2079 2000 2152 quod

430 2165 786 2221 salsissimum
813 2183 929 2222 esse
973 2167 1066 2221 vel
1103 2185 1174 2222 ex
1196 2185 1268 2220 eo
1309 2167 1668 2242 intelligitur,
1704 2167 1863 2240 quod
1895 2169 2001 2223 Ne·

429 2255 594 2310 mesis
615 2251 806 2310 fabula
830 2264 961 2329 post
994 2254 1225 2312 Periclis
1253 2255 1474 2310 obitum
1511 2254 1708 2312 doceri
1752 2256 1844 2310 vix
1881 2275 1999 2332 po·-

429 2344 556 2398 tuit.
593 2365 620 2394 n

1177 2470 1269 2508 12.

511 2574 673 2632 Idem
697 2575 780 2630 ib.
821 2572 987 2630 858.
972 2593 985 2607 ·
1013 2561 1078 2642 ἦν
1118 2568 1174 2629 δὲ
1211 2574 1239 2628 ὁ
1275 2571 1468 2650 Χαῖρις
1497 2562 1641 2639 οὗτος
1688 2571 1994 2653 κιθαρῳδὸς,

431 2684 522 2719 και
561 2659 770 2737 γέγονεν
801 2656 1052 2730 αὐλητής.
1087 2655 1403 2734 μνημονεύει
1433 2656 1487 2715 δὲ
1518 2659 1678 2716 αὐτοῦ
1712 2659 1803 2717 καὶ
1835 2661 2001 2740 Φερε-

431 2747 627 2828 κράτης
654 2749 709 2806 ἐν
737 2745 954 2826 Ἀγρίοις
987 2747 1221 2822 (fi-,agni
1263 2745 1356 2823 4).
1393 2743 1503 2803 ἔστι
1551 2743 1642 2802 καὶ
1681 2741 1850 2823 ἔτερος
1901 2747 1998 2804 αὖ·

429 2833 624 2908 λητὴς,
650 2825 710 2893 οὗ
734 2831 1176 2912 μνημονεύειΚρ.
1212 2833 1272 2890 ἐκ
1297 2834 1439 2910 Νεμ.
1467 2835 1615 2888 Hinc
1635 2834 1904 2891 Suidass.
1938 2855 1995 2894 v.

431 2925 639 3003 Χαῖρις.

1166 3032 1262 3092 13.

509 3165 719 3222 Athen.
761 3170 855 3234 14,
905 3182 966 3237 p.
993 3162 1132 3236 629,
1171 3160 1217 3221 C
1259 3181 1273 3216 :
1319 3157 1414 3232 τὴν
1445 3161 1493 3219 δ’
1531 3159 1857 3220 ἀπόκινον
1902 3183 2001 3220 κα-

428 3250 689 3327 λουμένην
713 3248 964 3330 ὄρχησιν,
993 3238 1056 3319 ἧς
1090 3246 1404 3323 μνημονεύει
1452 3248 1558 3327 Κρ.
1607 3248 1662 3305 ἐν
1701 3250 1866 3325 Νεμ.,
1908 3249 1997 3307 καὶ

430 3337 873 3419 Κηφισόδωρος...
914 3333 1006 3394 καὶ
1039 3334 1192 3394 ἄλλοι
1219 3334 1463 3410 πλείους,
1509 3334 1722 3416 ὕστερον
1767 3358 1998 3416 μακτρι-

429 3426 561 3505 σμὸν
590 3426 868 3487 ἐκάλεσαν.
909 3452 934 3478 α
971 3428 1205 3484 Lasciva
1229 3426 1336 3483 suit
1361 3428 1581 3483 saltatio
1613 3428 1816 3483 crebra
1851 3428 1997 3483 lum-

427 3519 636 3575 borum
663 3518 986 3593 agitatione.
1027 3516 1229 3571 Pollux
1271 3523 1340 3586 4,
1377 3534 1480 3573 101
1512 3535 1526 3571 :
1567 3513 1998 3593 μακτρισμὸς

427 3604 511 3679 δὲ,
544 3603 634 3663 καὶ
677 3604 1038 3673 ἄπόκινος,
1090 3600 1182 3659 καὶ
1230 3601 1605 3675 ἀπόσεισις,
1655 3604 1853 3679 ἀσελγῆ
1883 3600 1995 3674 εἴδη

426 3692 693 3772 ὀρχήσεων
727 3693 779 3749 ἐν
821 3693 886 3769 τῇ
920 3692 1013 3759 τῆς
1040 3686 1229 3768 ὀσφύος
1270 3698 1545 3769 περιφορᾷ.
1587 3692 1736 3747 Hinc
1773 3691 1848 3747 ad
1882 3694 1997 3746 im-

425 3783 636 3857 pudica
671 3778 1244 3854 cinaedographorum
1281 3781 1530 3834 carmina
1579 3782 1878 3837 translatus
1922 3794 2000 3839 est

429 3868 690 3932 ἀπόκινός.
730 3867 976 3924 Gramm.
1025 3866 1266 3923 Bekker.
1316 3866 1532 3923 Anecd.
1577 3886 1636 3939 p.
1675 3875 1820 3941 429,
1879 3887 1994 3944 29,

428 3954 691 4019 Ἀπόκινος
733 3972 748 4012 :
775 3952 921 4027 γένος
947 3949 1215 4029 ὀρχήσεως
1243 3955 1511 4030 φορτικῆς.
1552 3952 1600 4009 οἵ
1629 3950 1684 4009 δὲ
1713 3954 1869 4030 μέλος
1900 3951 1935 4025 ἢ
1967 3958 1996 4013 ὁ

429 4040 847 4122 κιναιδογρᾶφων
877 4036 1088 4115 ἴαμδος.
1126 4064 1152 4089 w
1186 4042 1261 4097 M

1170 4174 1264 4234 14.

506 4294 824 4349 Priscianus
856 4290 962 4345 lib.
1024 4289 1114 4366 18,
1161 4308 1223 4365 p.
1261 4310 1333 4364 91
1373 4294 1484 4349 Kr.
1527 4292 1599 4349 de
1649 4294 1996 4351 abundantia

426 4381 897 4459 praepositionum
921 4378 1198 4435 disserens
1222 4400 1235 4435 :
1257 4382 1534 4436 Isocrates
1543 4424 1645 4439 .....
1665 4382 1923 4458 Κρατῖνος
1943 4384 1995 4439 ἐν

429 4468 686 4547 Νεμέσει·
724 4494 748 4521 α
781 4466 1188 4547 Μεθυστέρῳ
1232 4466 1294 4523 ἕν
1323 4466 1570 4548 χρόνῳ.
1597 4494 1619 4519 ι
1645 4472 1840 4528 Codex
1861 4474 1995 4527 Μο-

2645 535 2773 592 XV.
2820 533 3092 603 Nouot.

2853 674 2902 711 1.

2167 769 2415 826 Gratum.
2444 768 2681 826 Bekker.
2730 771 2949 825 Anecd.
2985 787 3044 843 p.
3090 767 3205 834 436
3232 809 3249 838 ,
3276 768 3313 824 6
3336 811 3354 844 ,
3383 767 3515 827 Ἀπὸ
3545 771 3669 829 στό-

2090 877 2281 930 ματος,
2322 858 2392 920 ὣς
2440 859 2590 930 ἡμεῖς
2614 898 2631 931 ,
2673 852 2735 912 τὸ
2774 853 2849 930 μὴ
2882 852 2969 912 διὰ
3008 853 3365 934 γραμμάτων,
3396 856 3517 913 ἀλλ’
3562 859 3669 915 ἀπὸ

2090 941 2339 1018 μνήμηςι
2372 942 2637 1019 Φιλήμων
2672 941 3060 1020 Νεμομένοις...
3091 945 3193 1022 Κρ.
3228 940 3283 1002 δὲ
3312 943 3478 1002 ταύτὸ
3514 950 3669 1004 τοῦτο

2090 1031 2213 1090 α’πὸ
2246 1031 2545 1109 γλώττης
2572 1029 2796 1108 Νόμοις·

2184 1139 2361 1211 Ᾰλλὰ
2392 1143 2477 1237 μὰ
2522 1141 2611 1211 Δί’
2640 1149 2749 1211 οὐκ
2774 1137 2896 1212 οἶδ’
2933 1146 3126 1238 ἔγωγε
3158 1146 3516 1238 γράμματ’,
3538 1146 3671 1215 οὐδ’

3270 1246 3671 1344 [ἕφίσταμαι,

2185 1353 2327 1423 ἀλλ’
2371 1356 2494 1423 ἀπὸ
2536 1359 2825 1450 γλώττης
2884 1355 3093 1447 φράσω
3141 1381 3257 1422 σοι·
3309 1362 3671 1449 μνημονεύω

3260 1455 3405 1555 [γὰρ
3438 1471 3667 1541 καλῶς.

2086 1592 2455 1666 Tautologice
2498 1591 2634 1646 libri
2676 1587 2787 1648 οὐδ’
2830 1585 3139 1664 ἐπίσταμαι.
3164 1589 3301 1649 Οὐδ’
3343 1589 3671 1668 ἐφίσταμαι,

2086 1697 2187 1734 nec
2218 1681 2410 1735 studeo
2446 1681 2659 1737 litteris.
2694 1679 2905 1735 Eadem
2933 1678 3165 1748 suidas,
3196 1678 3357 1752 cujus
3384 1680 3525 1734 libri
3562 1680 3670 1736 οὐδ’

2086 1765 2175 1827 ἐπ.
2202 1764 2292 1838 τὰ,
2323 1767 2485 1841 quod
2514 1767 2722 1822 delevit
2746 1769 2936 1841 Toup.
2974 1769 3061 1823 De
3082 1767 3237 1822 hisce
3257 1768 3465 1841 Bergk.
3496 1768 3673 1826 Com·

2087 1865 2262 1910 ment.
2292 1873 2356 1928 p.
2387 1855 2521 1930 139,
2560 1856 2880 1925 annotavit,
2910 1854 3027 1910 duo
3072 1853 3303 1926 juvenes
3338 1856 3402 1909 in
3436 1873 3668 1911 scenam

2088 1942 2306 2015 induci,
2347 1943 2587 1998 alterum
2628 1942 2981 2016 antiquitatis
3020 1952 3331 2014 amantem,
3371 1943 3671 2015 probum-

2089 2049 2225 2103 que,
2272 2030 2373 2086 sed
2416 2030 2744 2099 rudiorem;
2798 2030 3043 2084 alterum
3080 2029 3311 2082 novitiis
3360 2031 3668 2098 moribus,

2088 2120 2289 2174 litteris
2311 2119 2643 2192 artibusque
2664 2119 2971 2188 excultum,
3000 2137 3188 2192 neque
3206 2119 3543 2192 imperitum
3568 2120 3671 2192 ju—

2088 2208 2187 2283 riS,
2212 2216 2267 2263 et
2297 2207 2355 2260 in
2373 2206 2598 2282 agendis
2621 2207 2802 2262 causis
2828 2206 3159 2262 exercitum.

2846 2337 2904 2377 2.

2168 2431 2367 2488 Suidas
2406 2449 2462 2491 v,
2494 2428 2614 2509 Χρή
2659 2447 2675 2489 :

2091 2517 2305 2596 Νόμοις.

2722 2431 2869 2509 Χρῆς
2906 2427 2969 2488 τὸ
3008 2427 3219 2508 χρῄζεις
3262 2429 3357 2488 καὶ
3384 2430 3502 2510 δὲῃ.
3558 2435 3670 2510 Κρ.

2187 2645 2308 2702 Νῦν
2337 2633 2449 2729 γὰρ
2478 2627 2561 2708 δή
2594 2661 2690 2701 σοι
2718 2634 2884 2728 πείρα
2920 2634 3029 2727 μὲν
3060 2634 3271 2727 Θεσμοὶ

2185 2751 2307 2807 τῶν
2342 2742 2667 2832 ἡμετέρων,
2700 2742 2861 2833 πείρα
2886 2734 2941 2807 δ’
2970 2737 3110 2807 ἄλλ’
3140 2744 3177 2806 ὅ
3207 2767 3272 2808 τι
3294 2751 3472 2834 χρῆς.

2088 2868 2295 2947 Θεσμοὶ
2330 2891 2383 2927 τ.
2414 2871 2539 2944 ἡμ.,
2574 2873 2726 2943 leges
2761 2881 3095 2941 nostrorum,
3128 2871 3167 2925 i.
3199 2889 3251 2930 e.
3303 2873 3637 2929 Atticorum
3656 2917 3677 2945 ‚

2087 2961 2397 3036 praesertim
2421 2961 2661 3029 Solonis,
2690 2954 2849 3031 cujus
2872 2960 2993 3015 haec
3014 2960 3193 3015 verba
3216 2978 3335 3016 esse
3372 2963 3675 3017 existimat

2089 3050 2317 3125 Bergk„
2378 3049 2524 3103 sicut
2584 3066 2653 3105 ea
2706 3067 2831 3122 quae
2896 3048 3213 3123 fragmento
3266 3047 3299 3104 3
3348 3049 3669 3106 habentur.

2090 3138 2337 3211 Hesych.
2368 3136 2513 3214 Χρῆς
2541 3156 2555 3193 :
2583 3134 2768 3206 θέλεις,
2788 3136 3019 3213 χρῄζεις.

2851 3248 2905 3306 3.

2166 3365 2329 3422 Idem
2355 3383 2415 3422 v.
2445 3359 2688 3433 Ἀλώπηξ
2720 3378 2737 3421 t
2766 3360 3027 3440 παροιμία
3059 3359 3348 3435 Ἇλώπῗηξ
3384 3362 3680 3441 δωροδο-
3801 3340 3802 3407 l

2089 3453 2299 3509 κεῖται
2322 3448 2413 3507 ἐπὶ
2441 3452 2545 3507 τῶν
2574 3448 2761 3530 ῥαδίως
2788 3447 2969 3528 δώροις
2994 3447 3335 3524 πειθομένων.
3372 3452 3478 3529 Κρ.
3512 3452 3586 3509 Ν.

2182 3560 2362 3658 Ῠμῶν
2385 3563 2467 3643 εἷς
2490 3567 2600 3658 μὲν
2620 3568 2873 3643 ἕκαστος
2902 3560 3176 3642 Ᾱλώπηξ
3196 3556 3679 3657 δωροδοκεῗται.

2087 3694 2274 3751 Suidae
2316 3695 2448 3749 libri
2476 3695 2625 3750 male
2670 3692 2745 3768 μὴ
2796 3693 2916 3774 ῥαδ.
2947 3704 3007 3750 et
3048 3694 3107 3751 οὗ
3155 3692 3344 3772 δωροδ.
3396 3695 3671 3757 Grannu.

2087 3782 2323 3837 Bekker.
2358 3782 2576 3838 Anecd.
2624 3801 2684 3857 p.
2742 3781 2879 3853 218,
2922 3800 2997 3856 ²9
3019 3823 3037 3856 ‚
3068 3778 3309 3850 Ἀλώπηξ
3346 3780 3679 3860 δωροδοκεῖ-

2087 3888 2175 3924 ται
2204 3886 2219 3926 τ
2264 3865 2523 3945 παροιμία
2552 3866 2639 3925 ἐπὶ
2668 3870 2773 3925 τῶν
2818 3868 3009 3948 ῥᾳδίως
3050 3867 3233 3946 δώροις
3270 3868 3679 3945 ἁλισκομένων.

2086 3960 2289 4014 Versus
2316 3954 2537 4012 effictus
2562 3974 2629 4011 ex
2674 3957 2787 4013 hoc
2832 3952 3058 4013 Solonis
3102 3974 3198 4032 ap.
3243 3958 3418 4033 Diog.
3464 3960 3681 4019 Laert.

2094 4062 2149 4115 1,
2184 4042 2279 4112 52,
2306 4044 2456 4098 Plut.
2482 4045 2596 4104 vit.
2630 4044 2747 4100 Sol.
2776 4062 2829 4103 c.
2872 4042 2939 4099 13
2971 4064 2984 4099 :

2165 4152 2375 4233 Ὓμὲων
2400 4152 2445 4211 δ’
2476 4144 2550 4223 εἷς
2578 4152 2673 4231 μὲν
2698 4153 2913 4222 ἕκαστος
2940 4126 3208 4223 ἄλώπεκός
3232 4154 3405 4237 ἴχνεσι
3432 4156 3639 4237 βαίνει.

2846 4278 2903 4339 4.

2166 4386 2372 4442 Pollux
2415 4385 2475 4456 6,
2522 4384 2599 4441 68
2654 4404 2669 4440 .·
2726 4381 2881 4459 μίνθα
2922 4381 2957 4453 ἢ
3005 4379 3192 4459 μίνθη,
3222 4381 3283 4439 τὸ
3334 4382 3691 4457 καλούμενον

2084 4470 2368 4548 ἡδύοσμον,
2391 4470 2519 4550 ὅπερ
2535 4470 2840 4547 ὠνομάσθαι
2860 4469 3019 4550 φασὶν
3039 4468 3145 4528 ἀπὸ
3166 4468 3369 4539 Μίνθης
3378 4474 3476 4540 τῆς
3490 4472 3695 4530 Πλού-

428 4580 558 4617 nac.
600 4556 1059 4616 MeOYC'rer
1102 4576 1135 4613 e
1179 4554 1445 4614 ΧΡοΝΩ.
1495 4560 1762 4615 Proxime
1791 4579 1820 4615 a
1854 4578 1994 4616 vero
2038 4592 2041 4594 ‡
2083 4581 2243 4625 τωνος
2294 4559 2574 4629 παλλακῆς
2618 4560 2689 4624 εἷς
2732 4556 2876 4616 τουτὶ
2924 4556 2985 4615 τὸ
3030 4557 3187 4637 φυτὸν
3232 4554 3689 4631 μεταὸαλούσης.

431 4648 784 4705 Hermannus
812 4646 966 4719 apud
993 4647 1293 4702 Krehlium
1331 4644 1644 4725 μεθύστερον
1675 4647 1728 4704 ἐν
1757 4646 1952 4727 χρόνῳ.
2035 4637 2041 4701 Ι
2085 4646 2209 4727 (Ab
2252 4666 2318 4705 ea
2343 4649 2598 4722 nympha
2629 4648 2820 4703 dictus
2858 4658 2941 4703 est
2986 4666 3151 4702 mons
3200 4646 3469 4720 quidam,
3528 4659 3695 4706 teste
3801 4696 3802 4699 ,

1085 4842 1335 4898 LEGES.

1187 4932 1240 4986 1.

2844 4848 2898 4899 2.

2088 4935 2247 4989 Nunc
2268 4930 2417 4987 enim
2444 4930 2545 4987 tibi
2574 4929 2773 4987 adsunt
2800 4930 2947 5002 leges

430 5028 526 5091 At,
551 5036 650 5096 per
677 5022 904 5087 Iovem,
925 5031 1104 5090 neque
1121 5032 1224 5089 ego
1247 5016 1447 5075 litteras
1466 5018 1598 5088 scio,
1619 5032 1798 5091 neque
1816 5016 1885 5075 ad
1908 5034 2001 5077 eas
2090 5018 2755 5091 nostrorun1‚adsuntque
2774 5017 2904 5087 alia,
2940 5032 3067 5090 quae
3092 5014 3267 5089 cupis.

1715 5106 1997 5177 incumbo,

426 5196 524 5255 sed
548 5212 642 5253 ore
667 5204 826 5253 tenus
850 5192 947 5251 tibi
971 5190 1185 5251 dicam:
1215 5193 1382 5267 probe
1401 5194 1548 5251 enim
1569 5193 1812 5251 memini.

2093 5188 2343 5253 vestram
2356 5190 2577 5266 quidem
2600 5112 3018 5266 unusquisaciue«
3036 5190 3374 5267 vulpesdona
3386 5194 3634 5266 appetit.
3664 5218 3693 5247 ο
