3809 5850
1531 481 1630 541 Pu
1641 482 1738 543 ΒΥ
1747 480 1930 543 Nlcfl
1942 483 2053 544 US.

707 639 752 697 l.
793 638 1128 699 ΕΦΙΑΛἸῊ
1137 638 1204 697 Σ.

244 783 326 837 De
369 780 544 835 titulo
583 790 644 835 et
685 789 1020 854 argumento
1066 776 1236 850 hujus
1283 776 1548 834 dramatis
1584 797 1640 834 v.
1671 778 1748 836 ad

189 868 368 945 fragm.
401 886 464 925 a.

255 1061 462 1117 Athen.
493 1064 555 1128 4,
579 1076 642 1133 p.
669 1054 799 1128 165,
826 1058 910 1113 B:
942 1054 1210 1134 Φρύνιχος
1236 1056 1265 1111 ὃ
1285 1053 1674 1133 κωμῳδιοποιὸς
1693 1058 1746 1115 ἓν

189 1150 252 1227 τῷ
275 1144 542 1227 Ἐφιάλτῃ
570 1141 888 1222 μνημονεύει
927 1148 1017 1201 τοῦ
1045 1143 1318 1222 ἡδυλογεῖν
1347 1144 1520 1220 (libri
1539 1140 1737 1213 ἡδυλό-

189 1258 291 1312 γου,
315 1258 362 1293 ει
383 1248 528 1293 etou
555 1233 832 1305 confusis,
861 1245 928 1291 ut
951 1234 1130 1291 Thuc.
1165 1252 1216 1303 ι,
1250 1239 1398 1303 ι4ο;
1428 1230 1487 1303 5,
1514 1232 1626 1308 97)
1660 1228 1748 1289 διὰ

189 1322 371 1382 τούτων
421 1349 448 1375 ι
473 1318 670 1383 Ἔστιν
715 1320 763 1378 δ’
795 1318 979 1386 αὐτούς
1024 1341 1084 1397 γε
1133 1317 1486 1399 φυλάττεσθαι
1521 1322 1627 1381 τῶν
1657 1322 1747 1379 νῦν

186 1406 559 1489 χαλεπώτατον
605 1406 774 1487 ἔργον·
803 1406 817 1486 Ι
844 1406 1022 1486 ἔχουσι
1057 1406 1158 1487 γάρ
1201 1430 1251 1465 τι
1292 1406 1501 1487 κέντρον
1548 1408 1602 1465 ἐν
1643 1414 1751 1474 τοῖς

187 1496 476 1567 δακτύλοις,
505 1497 518 1575 Ι
559 1494 924 1575 μισάνθρωπον
968 1494 1117 1561 ἄνθος
1157 1494 1312 1568 ἤὸης·
1353 1496 1364 1574 Ι
1404 1484 1499 1553 εἶθ’
1561 1496 1750 1567 ἡδυλο·

185 1592 362 1663 γοῧσιν
391 1584 597 1643 ἅπασιν
637 1583 719 1643 ἀεὶ
749 1583 887 1642 κατὰ
933 1581 1030 1655 τὴν
1067 1582 1260 1663 ἀγορὰν
1298 1582 1585 1663 περιόντες,
1617 1582 1628 1662 Ι
1664 1583 1748 1642 ἐπὶ

183 1674 280 1739 τοῖς
295 1672 352 1731 δὲ
377 1671 594 1754 βάθροις
616 1674 650 1705 *
679 1668 804 1731 ὅταν
825 1658 978 1745 ὦσιν,
1006 1674 1114 1731 ἐκεῖ
1139 1668 1337 1738 τούτοις
1353 1716 1371 1747 .,
1402 1673 1433 1704 ⁴⁵
1455 1662 1530 1737 οἷς
1556 1671 1750 1741 ἡδυλο-

181 1766 351 1839 γοῧσιν
375 1761 386 1842 Ι
411 1760 652 1839 μεγάλας
688 1758 900 1840 ἀμυχὰς
917 1758 1310 1836 καταμύξαντες
1341 1758 1433 1817 καὶ
1455 1757 1752 1838 συγκύψαν·
1811 1840 1814 1843 ⁴
2184 1830 2197 1843 ·

1803 1862 1812 1869 ·
1843 1832 2056 1906 spexit,
2085 1832 2264 1889 Mein.
2296 1834 2464 1888 etiam
2488 1844 2679 1889 cetera
2698 1832 3004 1889 emendare
3028 1833 3206 1907 coepit
3233 1851 3249 1891 z
3282 1857 3308 1881 ι
3330 1832 3413 1887 la·

181 1872 259 1917 τες
299 1850 536 1915 ἅπαντες
577 1848 588 1929 Ι
631 1850 879 1927 γελῶσιν.
929 1874 956 1900 ν
1012 1849 1370 1924 Phrynichea
1419 1849 1537 1905 haec
1595 1849 1754 1923 apud

178 1940 348 1999 Mein.
385 1942 470 1996 ita
498 1941 770 2014 leguntur
799 1941 861 1994 in
895 1957 1089 1995 versus
1137 1938 1401 1994 distincta
1420 1980 1436 2007 ,
1468 1955 1614 2011 quos
1643 1936 1752 1992 ad·-

177 2030 406 2102 scriptis
421 2028 653 2085 lineolis
669 2025 1002 2102 significavi,
1016 2044 1266 2101 quorum
1280 2028 1540 2081 versuum
1565 2026 1753 2099 primo

171 2117 342 2173 metri
365 2116 556 2193 gratia
593 2112 654 2191 γὲ
683 2114 912 2170 immisit
941 2124 1176 2170 auctore
1207 2112 1551 2187 Schweigh.,
1581 2110 1614 2166 5
1661 2106 1716 2167 δὲ
1734 2152 1750 2181 ,

171 2218 228 2261 et
249 2206 288 2261 6
309 2224 422 2281 pro
460 2200 856 2281 συγκρύψαντες
870 2201 1052 2262 edidit
1063 2198 1421 2282 συγκύψαντες
1439 2199 1754 2257 secundum

171 2294 556 2363 Schaefernm3
582 2310 708 2366 quae
733 2310 866 2349 sane
878 2291 1183 2367 probanda
1199 2301 1330 2347 sunt
1345 2310 1363 2361 ς
1387 2291 1597 2345 mirum
1615 2309 1754 2345 vero

173 2394 254 2437 est
271 2382 568 2436 neminem
595 2380 890 2455 agnovisse
927 2380 1282 2455 glossemata,
1305 2377 1514 2454 quibus
1536 2395 1753 2452 expun-

175 2470 278 2525 ctis
310 2470 562 2533 scribam

269 2571 466 2648 Eam
496 2576 556 2649 δ’
595 2582 809 2658 αὐτούς
821 2606 892 2675 γε
917 2579 1319 2671 φυλάττεσθαι
1353 2588 1473 2646 τῶν
1509 2589 1608 2647 νῦν
1635 2605 1750 2673 χα-

1167 2686 1528 2753 λεπώτατον
1560 2684 1751 2777 ἔργον.

269 2784 509 2885 ἔχουσι
537 2794 656 2887 γάρ
679 2819 746 2859 τι
774 2793 1014 2883 κέντρον
1051 2795 1109 2858 ἐν
1144 2799 1274 2868 τοῖς
1299 2783 1628 2869 δακτύλοις
1645 2842 1662 2877 ,

263 2899 704 2991 μισάνθρωπον
736 2894 909 2977 ἄνθος
940 2894 1112 2976 ἥῧης·

267 2999 385 3071 εἶθ’
411 3000 820 3100 ἡδυλογοῦσιν
847 3005 1075 3072 ἅπασιν
1104 3004 1197 3070 ἀεὶ
1217 3001 1378 3070 κατὰ
1397 3007 1505 3077 τὴν
1536 3000 1757 3094 ἀγορὰν

1413 3108 1721 3202 παριόντες
1739 3159 1756 3191 ,

159 3211 200 3280 5
261 3215 378 3282 ἐπὶ
408 3225 544 3294 τοῖς
573 3207 650 3282 δὲ
687 3217 926 3310 βάθροις
954 3219 1190 3294 τούτοις
1241 3215 1506 3310 μεγάλας

265 3319 528 3416 ἀμυχὰς
625 3317 1080 3414 καταμύξαντες
1160 3320 1264 3390 καὶ
1351 3316 1753 3412 συγκύψαντες

1175 3429 1419 3496 ἅπαντα
1470 3431 1753 3520 γελῶσιν.

155 3557 360 3610 Versu
386 3574 421 3611 α
451 3551 667 3634 κέντρον
687 3555 742 3612 ἐν
769 3555 875 3622 τοῖς
909 3553 1182 3622 δακτύλοις
1212 3557 1349 3612 Phr.
1379 3554 1569 3610 dicere
1597 3552 1758 3608 vide-

159 3652 262 3696 tur
299 3653 504 3718 gestus
544 3643 776 3700 odiosos
809 3644 1116 3716 juvenum,
1146 3661 1326 3718 quum
1370 3641 1548 3716 digito
1589 3658 1756 3696 mon-

157 3739 364 3784 strant
397 3747 538 3800 eos,
581 3749 728 3804 quos
762 3731 1004 3788 irrident
1043 3743 1214 3806 atque
1254 3731 1569 3806 exagitant,
1605 3729 1761 3785 velut

155 3833 344 3888 apum
375 3835 478 3872 seu
507 3834 804 3891 vesparum
829 3819 1037 3875 aculeis
1062 3828 1390 3896 pungentes.
1413 3815 1488 3874 V.
1523 3815 1554 3870 3
1597 3833 1627 3870 a
1668 3811 1756 3870 ἄν·

157 3905 244 3966 θος
267 3899 421 3974 ἥὸης
447 3905 608 3978 ipsos
629 3903 756 3960 illos
775 3903 1164 3962 adolescentes
1180 3905 1338 3974 dicit,
1355 3905 1602 3960 aliorum
1626 3902 1762 3958 irri-

155 4009 324 4046 sores
373 3991 704 4048 malevolos.
739 4016 764 4041 ιο
792 3993 876 4048 M.
907 3991 982 4052 V.
1021 3998 1053 4059 4
1091 4003 1248 4049 recte
1293 3993 1428 4048 libri
1461 3985 1762 4066 παριόντες,

155 4097 266 4134 nec
305 4078 658 4155 ferandum,
678 4079 839 4154 quod
865 4080 1216 4150 obtruditur,
1248 4077 1509 4159 περιόντες
1531 4095 1640 4152 pro
1661 4097 1760 4132 πε-

157 4167 414 4240 ριϊόντες.
459 4169 528 4224 V.
583 4167 619 4222 5
661 4167 834 4248 βάθρα
880 4171 1140 4245 intelligo
1201 4178 1525 4244 suggestum
1575 4175 1759 4220 orato·

158 4277 322 4332 rum,
355 4275 482 4330 quo
513 4274 751 4312 ascenso
771 4258 1009 4329 juvenes
1045 4259 1232 4314 statim
1261 4258 1423 4327 dicit,
1465 4255 1754 4311 adulatio-

156 4362 302 4398 num
333 4345 400 4398 in
422 4343 560 4398 foro
589 4343 823 4415 oblitos,
853 4346 1046 4402 omnia
1081 4346 1338 4404 irridere.
1363 4348 1426 4403 V.
1460 4345 1497 4400 6
1533 4337 1759 4418 ἀμυχάς·

157 4430 543 4506 l‘hrynicbns
563 4435 780 4508 Appar.
800 4433 1043 4508 sophist.
1064 4453 1125 4511 p.
1154 4452 1252 4502 αι,
1279 4427 1507 4509 Ἀμυχαί
1536 4449 1549 4486 ;
1577 4425 1642 4486 τὰ
1665 4449 1760 4484 κα-

155 4519 405 4595 λούμενα
436 4516 548 4576 ὑπὸ
597 4519 810 4576 πολλῶν
857 4516 1144 4593 κνίσματα.
1195 4523 1261 4580 V.
1311 4521 1346 4576 6
1377 4516 1586 4575 ἅπαντα
1615 4518 1758 4584 VL.;

183 4640 212 4649 ‘⁸
261 4639 333 4646 “-““
381 4637 503 4646 ““““-”
519 4637 1401 4646 Ὴ-ν-ω-,ψ-
1412 4639 1429 4644 -
1443 4639 1483 4644 ,-
1492 4637 1526 4643 ..-
1536 4639 1545 4642 -
1678 4634 1732 4640 —

761 4701 1082 4758 EPHUALT
1091 4703 1187 4758 ES.

951 4813 972 4862 1
988 4847 1000 4858 .

153 4923 248 4980 Ab
277 4923 360 4979 iis
369 4929 568 4979 autem
590 4933 786 4978 oevere
805 4934 946 4992 opus
961 4917 1348 4978 hodiernorum
1371 4915 1756 4998 difficillimum

1636 5015 1719 5064 est
1741 5025 1753 5060 :

159 5101 384 5156 liabent
408 5097 570 5156 enim
592 5095 850 5154 aculeum
884 5093 1155 5168 quendam
1187 5096 1244 5153 in
1265 5093 1471 5168 digitis,
1601 5009 1618 5074 [

157 5185 592 5255 misanthropus
611 5181 718 5237 flos
739 5179 1072 5252 juventuti83
1503 5185 1521 5250 [
1543 5181 1754 5248 dentes,

157 5271 372 5328 deinde
391 5285 596 5327 omnes
617 5283 835 5340 semper
855 5267 1032 5324 verbis
1049 5266 1364 5326 demulcent
1382 5270 1438 5326 in
1457 5267 1580 5327 foro
1602 5287 1753 5329 acee-

399 5378 704 5416 tuscana
730 5377 1008 5414 contemtis!
1036 5377 1188 5414 011Εο-

3290 502 3403 551 209

1837 616 1935 671 alii
1962 617 2164 685 codd..
2190 629 2253 674 ut
2272 620 2442 693 vulgo
2460 660 2477 683 ,
2507 616 2754 691 ἅπαντες,
2786 620 2947 693 quod
2971 638 3157 694 neque
3186 634 3408 677 senten-

1839 704 1977 759 tiam
2003 706 2245 761 multum
2267 705 2430 778 juvat
2446 748 2463 775 ‚
2500 718 2557 762 et
2584 718 2830 763 metrum
2857 710 3194 784 corrumpit.
3219 733 3241 759 ι
3267 711 3405 766 Fra-

1839 804 2134 867 gmentum
2149 812 2219 850 ex
2244 796 2376 851 loco
2391 796 2804 871 antistrophico
2823 795 3181 873 desumptum
3198 798 3407 869 videri,

1841 883 2137 938 annotavit
2168 883 2451 940 Seidlerus
2486 886 2647 941 Vers.
2676 884 2903 943 dochm.
2925 907 2988 961 p.
3026 888 3163 961 397.
3186 913 3211 938 ι·
3237 890 3324 945 Μ.

2596 1035 2649 1070 2.

1920 1128 2109 1185 Schol.
2152 1127 2441 1200 Aristoph.
2488 1130 2654 1201 Vesp.
2704 1126 2889 1197 1348,
2938 1128 2966 1157 ³*
2998 1130 3263 1205 φιαλεῑς
3295 1128 3411 1206 :eiii

1841 1210 1978 1293 ἔργῳ
2016 1211 2305 1279 emendate.
2330 1208 2576 1292 Ὅμηρος
2610 1212 2841 1294 (OdysS.
2881 1233 2981 1285 τη,
3015 1222 3088 1281 44
3126 1212 3152 1292 )
3190 1240 3213 1265 α
3260 1214 3411 1281 αὐτὸς

1839 1300 1943 1381 γὰρ
1976 1299 2184 1381 ἐφίηλεν
2210 1298 2335 1359 τάδε
2378 1299 2507 1380 ἔργα
2529 1345 2547 1373 ,
2589 1328 2614 1353 ν
2662 1300 2779 1359 ἀντὶ
2818 1306 2912 1360 τοῦ
2955 1300 3259 1361 ἐπεὸἄλετο.
3289 1303 3405 1382 Φρ.

1842 1388 2065 1461 ἐπιαλτη
2106 1390 2251 1469 (sic)
2294 1414 2318 1441 α
2358 1386 2572 1464 Ὄνομα
2618 1387 2676 1447 δέ
2732 1390 2763 1421 ⁴⁵
2806 1412 2883 1463 τῳ
2930 1387 3074 1446 τοῦτ’
3110 1380 3173 1461 ἧν
3220 1388 3411 1448 ἔσωθεν

1843 1480 1941 1553 γῆν
1964 1499 2019 1535 τε
2047 1475 2123 1551 μὴ
2144 1474 2280 1534 ἔστω
2306 1475 2529 1556 φιάλτης
2554 1476 2902 1556 ἀνδραγαθίας
2930 1474 3138 1548 οὕνεκα,
3157 1476 3233 1535 ἔτι
3252 1478 3410 1535 ἒπια-

1840 1562 1937 1631 λὰς
1964 1562 2175 1643 χρηστὰ
2198 1566 2257 1623 λι
2280 1564 2587 1641 ἀπωλόμην.
2612 1592 2635 1616 υ
2659 1567 2829 1641 Apud
2858 1567 3150 1625 Comicum
3176 1580 3415 1642 apparet

1841 1653 2175 1729 ponendum
2203 1672 2317 1711 esse
2352 1652 2597 1734 ἐφιαλεῖς,
2635 1666 2693 1711 et
2728 1655 2985 1712 similiter
3011 1652 3147 1712 ἔστω
3175 1650 3412 1733 ’φιάλτης

1848 1742 1995 1820 (pro
2027 1740 2305 1823 ἑφιάλτης)
2338 1743 2493 1818 apud
2523 1743 2930 1818 Phrynichum.
2964 1745 3076 1815 Qui
3120 1745 3233 1800 boc
3271 1763 3410 1819 per-

1846 1930 1965 1975 tere
2004 1919 2252 1988 videtur,
2294 1920 2508 1993 inquit,
2540 1920 2652 1976 tale
2688 1920 2829 1994 quid
2875 1940 2888 1974 :
2920 1912 3133 1994 Ὄνομα
3162 1918 3217 1976 δὲ
3246 1917 3414 1998 τούτῳ

1847 2002 1917 2081 γ’,
1944 2004 2008 2076 ἤν
2034 2028 2093 2062 τε
2121 2008 2273 2063 σωθῶ
2290 2008 2345 2082 γ’
2368 2004 2433 2076 ἤν
2460 2028 2516 2063 τε
2546 2004 2659 2081 μὴ,
2687 2006 2698 2083 Ι
2722 2006 2857 2064 ἔστω
2881 2004 3121 2085 ’φιάλης
3140 2050 3157 2078 ,
3190 2020 3248 2065 et
3270 2028 3326 2063 v·
3356 2008 3413 2079 3,

1846 2090 1961 2163 ὁτιὴ
1989 2090 2201 2163 ’πιήλας
2226 2090 2438 2171 χρηστὰ
2466 2090 2631 2169 λέγων
2665 2092 2778 2169 (vel
2806 2091 3012 2171 λέγειν)
3039 2090 3353 2168 ἀπωλόμην.
3382 2120 3407 2146 ¹»

1848 2186 1969 2257 Age
1999 2183 2193 2258 igitur,
2224 2183 2604 2252 absolvamus,
2634 2182 2827 2251 Musis,
2860 2194 2925 2237 ut
2944 2201 3127 2257 spero,
3170 2182 3409 2239 faventi·

1847 2271 1955 2327 bus
1974 2312 1991 2341 ,
2024 2272 2131 2326 viri
2154 2271 2310 2327 docti
2339 2289 2485 2346 opus
2508 2272 2589 2325 ita
2608 2270 2910 2327 scribentes
2938 2290 2951 2324 :

1948 2392 2160 2494 ὄνομα
2185 2396 2255 2468 δὲ
2278 2403 2496 2485 τούτῳ,
2528 2402 2601 2475 ἥν
2631 2426 2699 2467 τε
2730 2402 2911 2468 σωθέν
2942 2408 3035 2494 γ’,
3069 2402 3143 2473 ἥν
3179 2426 3247 2467 τε
3280 2406 3386 2493 μὴ,

1944 2507 2103 2573 ἔστω
2133 2504 2411 2598 ’φιάλτης
2431 2558 2448 2581 ,
2478 2498 2874 2601 ἀνδραγαθίας
2911 2510 3121 2572 οὕνεκα

1948 2616 2043 2679 ὅτι
2068 2614 2221 2681 κάπί
2238 2610 2292 2705 γ’
2318 2610 2529 2690 ἄλλοις
2556 2608 2793 2707 χρηστὰ
2824 2613 3020 2707 λέγων
3046 2612 3407 2707 ἀπωλόμην.

1851 2750 2073 2807 Horum
2094 2760 2407 2825 postrema,
2438 2750 2611 2824 paulo
2658 2749 2889 2804 liberius
2924 2751 3261 2825 transposita
3279 2790 3297 2818 ,
3327 2751 3409 2804 sic

1852 2838 2061 2894 ordino
2087 2833 2200 2894 εὸτι
2220 2834 2311 2893 καὶ
2329 2833 2539 2915 χρηστὰ
2558 2832 2726 2912 λέγων
2750 2832 2837 2893 ἐπί
2851 2834 2899 2912 γ’
2920 2834 3095 2903 ἄλλοις
3118 2836 3265 2914 ἀνδρ.
3296 2834 3408 2895 οὖν.

1853 2923 2165 3002 ἀπωλόμην.
2218 2931 2397 2983 Versu
2445 2945 2468 2982 1
2518 2923 2679 2982 σωθὲν
2730 2924 2746 3000 Ι
2778 2921 2973 3000 ὄνομα)
3018 2941 3098 2982 est
3140 2933 3411 2982 memoria

1849 3028 2119 3072 retentum
2144 3033 2179 3070 a
2214 3016 2463 3086 servulo,
2494 3013 2651 3086 cujus
2699 3014 2803 3069 sub
2844 3032 3085 3087 persona
3113 3015 3231 3070 haec
3261 3014 3415 3070 dicta

1849 3116 1995 3179 puto
2022 3105 2083 3160 in
2108 3105 2388 3179 prologo,
2419 3105 2613 3178 itaque
2640 3119 2771 3158 vere
2788 3101 3102 3158 indicatum
3120 3114 3407 3178 spectato—

1852 3195 2044 3262 ribus;
2078 3211 2249 3267 quam
2266 3204 2445 3248 tannen
2473 3210 2593 3247 rem
2614 3193 2674 3246 in
2694 3191 2885 3248 medio
2918 3194 3172 3266 reliquit,
3198 3195 3411 3249 veritus

1851 3301 1923 3338 ne
1943 3281 2091 3337 sorte
2116 3281 2393 3336 memoria
2421 3279 2587 3335 salsus
2604 3278 2774 3336 suerit
2800 3279 2987 3352 (quod
3014 3281 3299 3354 pertinere
3325 3281 3411 3336 di·

1799 3401 1806 3466 Ι
1853 3389 1949 3426 cas
1971 3369 2045 3425 ad
2062 3370 2295 3425 alteram
2310 3367 2555 3422 nominis
2568 3367 2810 3422 formam
2820 3363 3111 3437 Ἐπιάλτης
3125 3367 3165 3442 ),
3186 3368 3285 3424 sed
3296 3370 3413 3424 sive

1849 3476 1945 3512 rec
1952 3467 2025 3526 te,
2045 3457 2159 3512 sive
2173 3473 2350 3524 secuS,
2368 3453 2671 3529 Ephialten
2685 3455 2981 3511 nominare
2990 3453 3009 3528 j
3020 3455 3155 3510 ubet
3169 3455 3411 3511 incubo·

1850 3563 2003 3618 nem,
2016 3561 2120 3599 nec
2145 3541 2487 3617 deprecatur
2500 3561 2747 3616 pennam,
2766 3542 2811 3597 si
2832 3559 3043 3598 errasse
3059 3543 3209 3598 visus
3230 3543 3321 3610 sit,
3344 3554 3411 3598 ut

1849 3635 1949 3706 qui
1972 3633 2139 3688 etiam
2168 3631 2293 3685 aliis
2316 3632 2375 3685 in
2402 3630 2595 3700 rebus,
2620 3631 2879 3702 quamvis
2907 3649 3041 3686 vera
3065 3630 3257 3686 dicens
3283 3649 3417 3705 pro·

1851 3717 2041 3776 bitatis
2066 3737 2179 3774 suae
2208 3735 2369 3774 causa
2388 3759 2405 3788 ‚
2432 3729 2613 3772 tamen
2632 3717 2885 3792 perierit,
2905 3718 2947 3774 i.
2972 3735 3025 3777 e.
3058 3718 3414 3792 vapulaverit

1851 3808 1925 3864 ab
1949 3807 2115 3864 her0.
2156 3807 2392 3862 Temere
2428 3805 2631 3862 Suidas
2652 3845 2668 3873 ‚
2712 3805 3089 3880 adstipulante
3120 3807 3414 3864 Eustatliio

1853 3898 1942 3971 (v.
1976 3894 2210 3952 Boeckh.
2253 3894 2474 3969 Explic.
2518 3893 2685 3952 Pind.
2742 3912 2801 3967 p.
2858 3891 2997 3968 271)
3050 3910 3067 3952 ;
3120 3889 3415 3962 Ἐπιάλτην

1849 3981 2110 4062 “ομηρος,
2140 3979 2230 4038 καὶ
2256 3977 2516 4053 Ἡσίοδος,
2542 3980 2633 4037 καὶ
2662 3981 2710 4038 οἳ
2738 3978 2999 4056 Ἀττικοὶ,
3042 3979 3130 4040 τὸν
3162 3979 3411 4056 δαίμονα,

1852 4068 1939 4127 διὰ
1958 4069 2015 4128 δὲ
2038 4074 2127 4127 τοῦ
2156 4091 2191 4148 φ
2232 4055 2321 4126 τὸν
2343 4068 2523 4148 ἄνδρα,
2555 4070 2717 4144 quasi
2742 4070 2855 4125 hoc
2884 4071 2925 4124 l.
2952 4072 3143 4128 nescio
3164 4073 3293 4144 quis
3311 4089 3415 4126 no·

1850 4169 1937 4216 tus
1968 4171 2090 4215 tum
2118 4159 2295 4214 homo
2334 4157 2620 4213 diceretur
2669 4177 2680 4211 :
2712 4183 2737 4206 ιι
2758 4176 2930 4231 quem
2954 4177 3025 4213 ne
3054 4159 3327 4232 inclytum
3352 4160 3417 4214 il·

1854 4247 1973 4304 lum
1982 4247 2219 4306 Periclis
2234 4245 2557 4318 adjutorem
2576 4247 2631 4299 in
2654 4245 3095 4302 administranda
3108 4265 3231 4320 rep.
3252 4247 3419 4302 fuisse

1851 4346 2149 4410 putemus,
2183 4344 2505 4408 temporum
2540 4334 2792 4390 rationes
2828 4333 3161 4408 prohibent.
3304 4333 3420 4408 lgi-

1853 4435 1947 4479 tur
1984 4432 2337 4497 praeceptum
2384 4419 2528 4478 illud
2588 4423 3089 4495 grammaticorum
3150 4423 3419 4478 hactenus

1861 4522 2083 4567 tantum
2114 4512 2305 4566 valere
2339 4511 2551 4584 possit,
2594 4521 2659 4564 ut
2687 4505 2982 4578 Ἐπιάλτης
3022 4529 3313 4586 nunquam
3358 4511 3419 4568 in

1851 4681 2111 4746 suggestu
2139 4681 2322 4729 autem
2362 4688 2657 4730 conscenso
2681 4689 2775 4730 eos
2805 4673 3151 4732 veliementer

1851 4770 2155 4834 pungentes
2179 4768 2237 4816 et
2256 4761 2627 4832 conspirantes
2647 4761 2833 4817 omnia
2861 4761 3130 4818 derident.

2610 4853 2662 4902 2.

1853 4937 2069 4992 Nomen
2096 4940 2279 4990 autem
2313 4932 2506 5007 huju8‚
2538 4937 2653 4991 sive
2676 4932 2729 4990 id
2759 4934 3019 4992 memoria
3049 4934 3280 5001 retinui,
3311 4934 3421 4990 sive

3276 5035 3383 5075 non
3402 5061 3416 5084 ,

1853 5114 1967 5163 esto
2016 5103 2300 5178 Ephialtes
2318 5145 2334 5172 ‚
2393 5104 2839 5178 quandoquidem
2898 5106 3182 5180 probitatis
3224 5025 3414 5172 ([ιιιετο)

3236 5196 3418 5260 [causa

1852 5285 1907 5334 et
1933 5277 2053 5335 aliis
2082 5277 2137 5333 in
2157 5277 2321 5335 rebus
2346 5285 2491 5336 reeta
2522 5283 2543 5360 (
2558 5283 2728 5349 vera)
2756 5277 2941 5336 dicens
2969 5279 3121 5350 perii.

3158 5381 3209 5425 u
