3809 5850
417 418 530 472 214

1171 543 1226 599 6.

492 655 696 711 Pollux
725 672 786 729 7,
821 653 931 724 178
963 670 978 712 ε
1009 651 1099 709 καὶ
1126 650 1187 710 τὸ
1224 652 1552 711 κατασὸέσαι
1588 653 1676 712 τὸν
1705 655 1915 732 λύχνον,
1953 652 1981 712 ὃ

414 743 505 798 νῦν
563 738 802 816 κοιμίσαι
851 738 942 799 καὶ
981 740 1469 816 κατακοιμίσαι
1501 740 1732 818 λέγουσι.
1769 744 1882 822 Φρ.
1935 743 1981 799 δ’

413 827 616 908 εἴρηκεν
656 830 708 885 ἐν
758 830 894 887 Μον.
936 854 960 879 «
992 825 1202 887 'Effert’
1229 827 1254 849 “’
1271 826 1482 887 ἐπειδὰν
1510 827 1597 887 τὸν
1625 828 1856 907 λύχνον*
1883 853 1981 888 κα-

410 915 712 993 τακοιμίοῃ.
747 943 770 965 ιι
809 916 1028 973 Suadeo
1066 918 1377 975 scribamus
1402 918 1796 993 probabiliore
1844 937 1982 976 sen·-

411 1007 589 1063 tentia

513 1118 726 1195 Επειτ’
755 1121 1022 1193 ἐπαυδᾶν
1053 1129 1154 1192 τὸν
1181 1130 1403 1221 λύχνον
1436 1130 1902 1220 κατακοιμίσαι.

411 1266 619 1322 Athen.
658 1263 749 1334 15,
779 1284 842 1338 p.
881 1284 1026 1335 700,
1054 1268 1096 1321 F
1130 1285 1144 1321 :
1189 1263 1424 1339 κοιμίσαι
1465 1266 1628 1341 (fort.
1659 1265 1977 1339 κατακοιμί-

412 1374 500 1409 σαι
518 1344 543 1409 ἒ
569 1350 740 1409 ’κατα-
786 1352 987 1409 hausto
1032 1372 1065 1408 a
1109 1374 1218 1409 κοι-
1260 1354 1474 1428 syllaba
1518 1356 1745 1429 vicina)
1779 1352 1975 1433 λύχνον

409 1438 677 1518 Φρύνιχός
701 1460 850 1517 φησι.

1167 1556 1222 1605 7.

493 1648 698 1709 Athen.
729 1649 786 1719 3,
818 1667 877 1725 p.
907 1656 1002 1721 74,
1021 1652 1066 1706 A
1093 1644 1355 1707 ισικύδιον
1374 1651 1780 1731 ὑποκοριστικῶς
1800 1649 1974 1731 εἴρηκε

411 1738 524 1818 Φρ.
561 1741 614 1797 ἐν
644 1740 780 1797 Μον.

505 1890 602 1902 —-
637 1850 1008 1945 Κάντραγεῒν
1042 1846 1328 1917 σικύδιον.

1168 1972 1222 2029 8.

486 2086 678 2145 Schol.
725 2086 1016 2161 Aristoph.
1049 2089 1254 2143 Avium
1288 2106 1434 2163 1297
1467 2108 1480 2142 :
1514 2086 1656 2145 δοκεῖ
1695 2085 1749 2145 δὲ
1777 2090 1977 2165 (Syra-

411 2172 623 2253 cosius)
653 2172 743 2231 καὶ
779 2172 1030 2254 ψήφισμα
1065 2172 1347 2232 τεθεικέναι
1376 2174 1451 2250 μὴ
1479 2174 1842 2255 κωμῳδεῖσθαι
1864 2178 1976 2235 ὀνο·

413 2260 575 2334 μαστί
600 2283 744 2332 τινα,
771 2264 842 2327 ὡς
863 2262 976 2339 Φρ.
1007 2262 1060 2318 ἐν
1087 2262 1224 2321 Meu.
1253 2256 1411 2341 φησὶ,
1437 2288 1460 2313 ι
1491 2262 1651 2341 Ψῶρ’
1669 2260 1758 2341 ἔχε
1795 2265 1976 2343 Συραὶ

411 2347 605 2422 κέσιον,
633 2346 886 2427 ἐπιφανὴς
915 2348 1020 2427 γὰρ
1045 2350 1188 2428 αὐτῷ
1215 2348 1306 2406 καὶ
1345 2347 1482 2427 μέγα
1519 2349 1690 2429 τύχοι.
1735 2350 1979 2431 ἀφείλετο

1410 412 1822 473 COMOEDIAE
1859 414 2189 477 VETERIS
2232 418 2647 491 RELIQmAE.

2074 556 2281 606 ποπεῖν
2310 552 2361 607 ἐν
2392 551 2527 611 Μον.
2562 550 2865 629 Φρυνίχου.
2882 550 3235 628 Phrynichus
3274 560 3474 633 Appar.
3518 580 3599 617 so-

2074 638 2249 711 phist.
2290 658 2355 714 p.
2392 658 2491 710 aa,
2532 640 2630 711 23,
2668 638 2993 719 Ἀρτοποπήν
3040 659 3057 699 2
3098 639 3259 709 οὕτως
3296 642 3503 704 Ἀττικοὶ
3532 650 3601 704 διὰ

2076 728 2163 781 τοῦ
2196 747 2255 785 π.
2292 752 2317 779 α
2344 728 2539 785 Scribe
2568 726 2921 805 Ἀρτοποπεῖν.
2948 728 3163 789 Contra
3189 733 3387 789 Pollux
3412 755 3463 805 7,
3490 756 3553 791 αα
3586 759 3598 791 :

2072 810 2131 869 τὸ
2184 815 2329 891 ῥῆμα
2389 816 2779 894 ἀρτοκοπεῖν
2826 818 2879 873 ἐν
2936 816 3209 897 Φρυνίχου
3248 821 3385 879 Μον.
3429 826 3603 898 Itaque

2074 902 2405 978 ambiguum
2448 915 2561 973 est,
2608 916 2801 960 utrum
2836 904 3153 982 ἀρτοποπεῑν
3210 926 3284 963 an
3326 909 3603 986 ἀρτοκοπεῖν

2074 988 2282 1045 dixerit
2298 990 2455 1060 Phr.;
2482 991 2625 1048 illud
2645 1004 2831 1049 tamen
2848 995 3205 1069 probabilius
3232 1015 3248 1055 :
3272 998 3346 1057 cf.
3374 1000 3599 1056 Lobeck.

2071 1078 2145 1133 ad
2172 1079 2476 1151 Phrynichi
2499 1081 2693 1155 Eclog.
2717 1099 2775 1155 p.
2804 1080 2937 1141 223.
2962 1106 2985 1133 ν
3022 1085 3073 1139 E
3098 1086 3184 1141 M.

2812 1215 2902 1255 12.

2151 1306 2383 1361 Photius
2407 1326 2468 1380 p.
2496 1306 2629 1382 397,
2658 1324 2717 1380 7,
2740 1318 2797 1365 et
2822 1310 3004 1381 Suid.,
3036 1308 3293 1388 Παρθένοι
3330 1334 3343 1367 :
3374 1311 3460 1377 τὰς
3487 1312 3604 1391 Ἐρε-

2068 1390 2232 1469 χθέως
2260 1390 2543 1471 θυγατέρας
2586 1392 2747 1460 οὕτως
2789 1392 2963 1474 ἔλεγον
3010 1396 3101 1454 καὶ
3151 1398 3373 1475 ἐτίμων·
3406 1393 3528 1472 ἦσαν
3561 1400 3603 1458 δὲ

2068 1479 2155 1536 τὸν
2184 1479 2401 1559 ἀριθμὸν
2424 1478 2499 1553 ἒξ,
2512 1480 2849 1561 πρεσὸυτοὶτη
2873 1482 2968 1559 μὲν
2992 1485 3355 1565 Πρωτογένεια
3373 1534 3389 1559 ,
3418 1489 3603 1568 δευτέρα

2069 1564 2123 1625 δὲ
2182 1566 2483 1645 Πανδώρα,
2537 1568 2685 1649 τρίτη
2744 1568 3005 1651 Πρόκρις,
3076 1570 3303 1654 τέταρτη
3353 1577 3602 1657 Κρέουσα,

2067 1654 2285 1733 πέμπτη
2306 1654 2590 1739 Ὠρείθυια,
2617 1655 2741 1731 ἕκτη
2764 1659 2983 1721 Χθονία.
3015 1658 3207 1721 τούτων
3236 1663 3443 1741 λέγεται
3472 1668 3605 1745 Πρω·

2071 1746 2302 1824 τογένεια
2330 1746 2422 1805 καὶ
2452 1746 2716 1829 Πανδώρα
2750 1749 2925 1808 δοῦναι
2968 1746 3154 1817 ἑαυτὰς
3195 1756 3459 1831 σφαγῆναι
3495 1752 3603 1829 ὑπὲρ

2067 1838 2160 1906 τῆς
2190 1834 2399 1915 χώρας,
2433 1846 2680 1916 στρατιᾶς
2714 1836 2958 1908 ἐλθούσης
2988 1838 3047 1896 ἐκ
3068 1838 3344 1907 Βοιωτίας.
3380 1842 3606 1919 ἐσφαγιά-

2069 1928 2267 1996 σθησαν
2298 1922 2353 1983 δὲ
2382 1926 2434 1982 ἐν
2460 1928 2536 2005 τῷ
2559 1923 2823 2004 ςΥοωιίνθῳ
2851 1924 3157 2006 καλουμένῳ
3177 1925 3338 2007 πάγῳ
3371 1928 3495 2007 ὑπὲρ
3520 1930 3605 1985 τῶν

2072 2013 2373 2093 Σφενδονῶν
2405 2015 2611 2090 (codd.
2640 2016 2778 2073 fialso
2814 2013 3134 2094 Σφενδονίων
3158 2016 3206 2093 )·
3238 2016 3321 2075 διὸ
3352 2018 3441 2075 καὶ
3470 2016 3609 2081 οὕτως

2068 2102 2350 2159 καλοῦνται
2378 2100 2700 2181 παρθένοι
2741 2098 2971 2162 Ὑακιν
2993 2107 3021 2160 θ
3040 2101 3170 2169 ίδες
3193 2147 3210 2176 ,
3238 2104 3472 2184 καθάπερ
3492 2126 3609 2183 μαρ-

2068 2196 2212 2269 τυρεῖ
2239 2190 2559 2265 Φανόδημος
2599 2191 2655 2247 ἐν
2682 2193 2747 2268 τῇ
2772 2190 2814 2248 ε’
2842 2191 2993 2267 (τῆς)
3024 2188 3279 2265 Ἀτθίδος,
3310 2192 3611 2269 μεμνημένος

2068 2279 2163 2347 τῆς
2189 2282 2345 2353 τιμῆς
2380 2279 2573 2348 αὐτῶν,
2602 2277 2692 2335 καὶ
2722 2279 2832 2355 Φρ.
2877 2280 3013 2340 Μον.
3070 2306 3095 2331 α
3144 2280 3433 2355 Σφενδόναι
3472 2284 3609 2338 locus

2068 2366 2163 2422 ille
2190 2368 2528 2425 vocabatur.
2549 2368 2803 2426 Gramm.
2834 2368 3009 2426 Bekk.
3032 2369 3250 2429 Anecd.
3273 2391 3338 2445 p.
3370 2388 3501 2440 202,
3528 2389 3609 2437 22,

409 2436 511 2515 γὰρ
538 2438 810 2515 κωμῳδεῖν
847 2436 933 2503 οὓς
960 2436 1270 2512 incoeptum,
1317 2462 1344 2488 ἱ·
1379 2436 1458 2495 &b
1497 2440 1803 2518 πικρότερον
1829 2442 1976 2521 αὖτῷ
2072 2451 2425 2533 Ἀφιδρύματα
2456 2453 2508 2509 ἐν
2536 2454 2651 2519 ταῖς
2680 2452 2994 2533 Σφενδόναις
3020 2474 3035 2511 :
3070 2454 3411 2533 ἀφιδρύματα
3444 2454 3533 2533 μὲν
3556 2454 3611 2511 τὰ

407 2524 808 2605 προσφέρονται.
833 2528 1094 2583 Proxime
1118 2544 1314 2591 verum
1335 2530 1644 2587 Hermann.
1679 2548 1773 2603 ap.
1798 2532 1977 2587 Fritz·
2071 2538 2352 2615 ἀγάλματα
2374 2585 2390 2616 ,
2416 2538 2702 2619 Σφενδόναι
2737 2539 2791 2598 δὲ
2819 2538 2972 2605 τόπος
2995 2540 3292 2613 Ἀθήνησιν.
3326 2570 3351 2595 2»
3391 2546 3437 2601 E
3464 2548 3541 2603 M,

407 2614 625 2672 schium
655 2615 862 2689 Quaest.
883 2616 1178 2690 Aristoph.
1207 2634 1336 2691 1,p.
1369 2616 1503 2687 307,
1523 2619 1797 2677 restitutis
1812 2623 1981 2676 versi-

407 2704 513 2759 bus
532 2705 879 2780 anapaesticis
913 2724 924 2758 :

505 2826 783 2919 ——tbffip'
818 2828 956 2919 ἕχθε
1001 2828 1354 2919 Συρακόσιον
1376 2856 1389 2868 ·

502 2935 842 3026 κάπιφανῆς
874 2935 1012 3028 γὰρ,

503 3045 708 3128 καῦτῷ
729 3067 790 3106 τι
821 3043 998 3138 τύχοι
1031 3038 1182 3136 μέγ’·
1222 3041 1504 3133 ἀφείλετο
1527 3039 1638 3134 γὰρ

502 3140 819 3237 κωμῳδεῖν
854 3146 951 3224 οὒς
997 3147 1346 3238 ἐπεθύμουν.

405 3282 600 3356 Friget
638 3292 826 3336 tamen
876 3277 1032 3358 ἔχθε,
1073 3301 1366 3358 quumque
1410 3301 1448 3358 χ
1485 3291 1541 3338 et
1571 3301 1642 3358 σχ
1691 3283 1977 3340 interdum

405 3369 828 3424 confundantur
855 3371 942 3443 (ν.
974 3369 1048 3425 ad
1074 3370 1286 3426 Cratin.
1317 3372 1526 3426 Incert.
1571 3367 1681 3448 19)
1733 3373 1977 3428 scribam

405 3456 575 3531 ‘bap’
607 3452 752 3533 ἰ’σχε
778 3457 953 3532 Συρι,
985 3459 1216 3531 reliquis
1249 3460 1700 3515 correctionibus
1731 3462 1838 3515 viri
1869 3461 1970 3516 do-

403 3546 630 3601 ctissimi
649 3547 912 3621 acceptis.
943 3547 1131 3602 Minus
1150 3547 1529 3622 probabiliter
1547 3549 1721 3605 Mein.
1749 3567 1764 3606 :
1789 3549 1978 3606 «illud

403 3633 536 3710 ψῶρ’
569 3631 657 3711 ἔχε
687 3635 832 3690 nihil
867 3633 1023 3691 aliud
1063 3647 1148 3692 est
1183 3655 1354 3710 quam
1395 3633 1548 3714 ψώρα
1589 3633 1731 3713 ἔχοι,
1764 3662 1788 3686 ν
1819 3639 1977 3711 quasi

402 3733 571 3796 poeta
599 3723 848 3779 scabiem
872 3725 1218 3798 imprecetur
1237 3725 1556 3798 Syracosio.

1185 3839 1242 3892 9.

481 3934 723 3993 Antiatt.
751 3952 814 4008 p.
856 3934 954 4004 87,
983 3933 1041 4004 8,
1075 3932 1326 3993 Γναθοῒ
1357 3952 1372 3992 τ
1397 3932 1512 3990 ἀντὶ
1539 3937 1630 3991 τοῦ
1657 3925 1752 4002 τὴν
1787 3933 1973 4010 γνάθον

401 4016 602 4076 τύπτει.
629 4021 744 4097 ’Φρ.
770 4021 903 4078 Μον.

1149 4132 1239 4173 ιο.

481 4236 642 4294 Idem
666 4256 724 4312 p.
751 4254 852 4311 99,
889 4241 979 4306 14,
1006 4231 1318 4304 Θηλᾶζει
1359 4255 1370 4289 :
1405 4233 1518 4291 ἀντὶ
1547 4237 1638 4290 τοῦ
1667 4233 1844 4292 δίδωσι
1873 4240 1975 4307 θη-

400 4321 514 4393 λήν.
544 4323 656 4402 Φρ.
685 4323 824 4384 Μον.
845 4324 1120 4382 Mendose
1141 4324 1324 4380 codex
1349 4320 1610 4394 θηλάζειν.

1141 4465 1234 4501 11.

479 4557 735 4616 Gramm.
765 4555 1008 4614 Bekkeri
1049 4577 1110 4631 p.
1147 4564 1282 4629 447,
1314 4555 1426 4612 25:
1459 4555 1970 4635 Ἀρτοπόποιςκαὶ

2812 2671 2900 2729 13.

2150 2785 2353 2933 Pogux
2370 2786 2444 2931 δῖ,
2481 2787 2555 2852 48
2594 2804 2609 2845 :
2638 2784 3003 2864 Ἀριστοφάνης
3044 2785 3097 2845 δὲ
3127 2786 3371 2865 ἄγονον
3398 2788 3482 2847 τὸν
3504 2788 3613 2866 ἀγύ·

2070 2894 2184 2942 νην.
2282 2894 2331 2951 ρ.

2168 3031 2261 3040 --
2297 2992 2703 3062 Τηλικουτοσὶ
2744 2995 2949 3086 γέρων,

2166 3093 2385 3180 ἄπαις,
2415 3097 2746 3189 ἀγύναικος.

2018 3195 2028 3306 l
2068 3225 2421 3299 Τηλικουτοσὶ
2478 3247 2587 3304 pro
2633 3228 2935 3297 τηλικοῦτος
3002 3227 3387 3304 probabiliter
3433 3228 3612 3302 Bergk.

2069 3319 2414 3377 Commentt.
2444 3337 2507 3392 p.
2538 3319 2650 3388 372
2680 3328 2736 3374 et
2760 3319 2934 3375 Mein.
2961 3315 3143 3373 Iidem
3162 3317 3279 3373 hoc
3310 3317 3507 3394 fragm.
3534 3333 3617 3372 re-

2069 3408 2321 3466 tulerunt
2348 3407 2421 3463 ad
2449 3406 2878 3482 Monotropum.

2622 3561 2725 3619 VI.
2769 3560 3077 3622 ΜΟΥΣΑΙ.

2154 3733 2173 3759 ι
2204 3709 2419 3766 Μοῦσαι
2442 3707 2633 3764 fabula
2648 3726 2763 3768 una
2785 3725 2915 3762 cum
2932 3707 3106 3763 Ranis
3124 3720 3180 3764 et
3200 3707 3456 3764 Platonis
3473 3705 3619 3766 Cleo·

2068 3799 2285 3874 phonte
2314 3797 2533 3871 olymp.
2562 3794 2663 3870 93,
2692 3795 2725 3851 3
2758 3793 2921 3868 (ante
2948 3795 3079 3852 Chr.
3102 3807 3223 3854 nat.
3251 3791 3405 3872 405)
3436 3797 3493 3850 in
3513 3811 3623 3850 cer-

2019 3881 2027 3926 Ι
2070 3896 2259 3942 tamen
2286 3886 2578 3944 commissa
2605 3893 2663 3940 et
2686 3883 2935 3940 secundo
2954 3883 3186 3958 praemio
3209 3895 3417 3940 ornata
3438 3883 3519 3954 (v.
3542 3897 3621 3934 ar-

2069 3992 2224 4048 gum.
2255 3975 2403 4030 Ran.
2436 3983 2492 4029 et
2516 3972 2730 4048 OEdipi
2754 3973 2956 4030 Colon.
2984 3991 3046 4046 p.
3086 3971 3122 4027 6
3158 3971 3251 4028 cd.
3294 3969 3544 4045 Rerum),
3572 3968 3619 4022 in

2069 4080 2187 4136 quo
2228 4072 2563 4136 argumento
2611 4072 2829 4117 versata
2872 4060 3073 4129 suerit,
3104 4079 3287 4133 quum
3334 4079 3403 4116 ex
3432 4059 3617 4122 titulo,

2068 4159 2187 4204 tum
2224 4167 2255 4204 e
2295 4148 2619 4224 fragmentis
2666 4147 3098 4222 quodammodo
3142 4147 3409 4202 divinare
3448 4146 3569 4200 licet
3608 4163 3618 4195 :

2069 4235 2334 4292 videntur
2360 4239 2512 4293 enim
2531 4236 2649 4292 duo
2680 4235 2701 4312 (
2721 4236 2953 4291 fortasse
2986 4235 3302 4310 Sophocles
3320 4245 3380 4290 et
3407 4232 3620 4304 Euripi—

2069 4332 2199 4408 des)
2230 4331 2304 4388 de
2332 4350 2573 4408 poeseos
2615 4333 2941 4408 principatu
2983 4333 3132 4387 inter
3160 4349 3218 4386 se
3246 4341 3621 4398 concertasse,

2066 4423 2237 4478 Musis
2265 4422 2423 4478 litem
2450 4419 2868 4478 dirimentibus.
2895 4443 2922 4470 υ
2950 4421 3000 4474 E
3020 4421 3107 4476 M.

2822 4553 2875 4590 1.

401 4641 622 4703 Ἀττικοὶ
651 4643 740 4700 καὶ
761 4640 965 4715 Ἴωνες,
991 4642 1078 4701 τὸν
1119 4641 1417 4724 ἀρτοποιόν.
1449 4642 1561 4702 ἔστι
1608 4643 1660 4702 δὲ
1693 4644 1752 4702 τὸ
1783 4646 1973 4720 ἀρτο-
2012 4625 2025 4716 i
2145 4653 2557 4724 Argumentum
2597 4651 2827 4704 tertium
2856 4647 3070 4722 OEdipi
3122 4648 3180 4701 in
3208 4648 3434 4702 Colono
3466 4665 3480 4698 ε
3512 4645 3537 4698 ὁ
3574 4639 3619 4695 δὲ

1161 4817 1213 4867 6.

402 4898 547 4955 Dein
575 4906 832 4969 praeterea
859 4897 1044 4954 lumen
1069 4899 1204 4971 jube
1227 4900 1408 4972 sopiri.

639 5003 648 5010 ·
1159 4995 1212 5040 7.

401 5103 473 5116 —-
495 5077 562 5130 Et
584 5073 870 5130 comedere
895 5073 1136 5130 sseulam.

1155 5177 1207 5227 8.

405 5289 458 5302 --
498 5261 696 5316 Furem
727 5267 850 5317 tene
875 5261 1215 5332 Syracosium
1241 5277 1254 5315 z

2986 4765 3041 4773 ——
3286 4763 3331 4771 ›—

2067 4812 2387 4870 manifestus
2422 4813 2572 4870 enim
2596 4821 2710 4883 est,

2063 4915 2375 4971 magnoque
2402 4899 2669 4972 plectatur
2696 4899 2841 4956 malo
2866 4917 2878 4953 :
2903 4897 3119 4955 abstulit
3140 4897 3289 4953 euim

2062 4989 2270 5044 comice
2292 4987 2551 5045 irridendi
2583 4987 2922 5054 facultatem,
2950 5001 3088 5059 quos
3115 4993 3399 5060 cuperent.

2818 5081 2837 5129 1
2852 5079 2903 5130 3.

2133 5194 2203 5204 —
2234 5168 2339 5219 lsta
2364 5170 2524 5218 aetate
2550 5177 2711 5216 senex
2727 5203 2742 5224 ,

2060 5255 2176 5309 sine
2201 5251 2383 5308 liberis
2402 5295 2417 5318 ‚
2442 5249 2561 5306 siue
2586 5265 2753 5305 uxore
