3809 5850
535 431 648 484 ³06

720 613 813 621 —
862 562 940 638 fflv
968 571 1080 664 γάρ
1113 574 1269 637 ἐστιν
1305 564 1439 637 οὐδὲ
1466 571 1549 652 ἓν,

622 681 699 748 τὰ
736 673 804 744 δὲ
830 672 939 744 δύο
969 681 1143 769 μόλις
1176 681 1237 743 ἕν
1263 680 1447 764 ἐστιν,
1483 681 1559 753 ὥς
1583 701 1759 770 φησιν
1792 675 2086 742 Πλάτων.

413 887 419 904 1
532 853 558 879 α
591 830 766 884 Versu
793 846 827 883 α
851 825 1081 883 Grotius
1106 825 1375 900 Excerpt.
1398 844 1458 900 p.
1487 822 1633 894 553,
1658 819 1735 880 τὼ
1762 819 1815 880 δὲ
1830 819 1945 893 δύο,
1975 833 2086 879 etc.

525 915 775 970 Platonis
799 915 991 982 locus„
1024 913 1127 986 qui
1153 913 1455 986 respicitur
1472 954 1489 982 ,
1516 923 1599 968 est
1625 909 1815 967 Phaed.
1842 930 1904 985 p.
1939 917 2045 976 104
2074 926 2090 967 2

524 1001 617 1060 οὐκ
638 997 967 1078 ἀποδέχομαι
992 999 1221 1072 ἐμαυτοῦ
1240 997 1471 1073 οὐδὲὼς,
1496 997 1705 1056 ἐπειδὰν
1730 995 1806 1054 ἐνί
1824 1019 1899 1064 τις
1927 1018 2091 1076 προσ-

524 1092 589 1167 θῇ
618 1085 692 1158 ἓν,
718 1084 753 1156 ἢ
786 1085 846 1144 τὸ
874 1084 952 1157 ἓν,
988 1075 1033 1165 ᾧ
1058 1085 1343 1164 προσετέθη
1360 1129 1375 1156 ,
1401 1084 1493 1144 δύο
1514 1083 1740 1164 γέγονεν,
1775 1081 1811 1154 ἢ
1839 1083 1899 1142 τὸ
1927 1105 2093 1163 προσ-

522 1173 667 1234 τεθὲν
702 1173 801 1234 καὶ
834 1163 879 1254 ᾧ
900 1173 1189 1248 προσετέθη
1205 1217 1223 1247 ,
1248 1171 1333 1232 διὰ
1360 1170 1456 1240 τὴν
1486 1172 1761 1254 πρόσθεσιν
1788 1174 1881 1231 τοῦ
1915 1169 2092 1250 ἑτέρου

525 1265 601 1342 τῷ
625 1262 785 1343 ἑτέρῳ
816 1261 905 1320 δύο
931 1261 1155 1340 ἐγένετο.
1187 1289 1210 1314 υ
1239 1265 1290 1319 E
1316 1265 1401 1322 M.

1278 1385 1333 1444 3.

602 1513 793 1575 Schol.
817 1513 1109 1590 Aristoph.
1145 1514 1298 1570 Pluti
1340 1512 1455 1584 768
1488 1532 1502 1569 ι
1534 1511 1717 1580 ἁπλῶς
1736 1513 1873 1584 τῶν,
1907 1513 1988 1592 ἐφ’
2019 1503 2092 1570 ὧν

522 1601 856 1661 οἷωνίσασθαί
885 1624 935 1659 τι
963 1601 1155 1680 ἀγαθὸν
1184 1599 1495 1679 ἐδούλοντο,
1513 1603 1585 1670 ὣς
1616 1599 1708 1660 καὶ
1731 1599 1821 1662 ἐπὶ
1848 1605 1938 1660 τοῦ
1961 1623 2092 1679 νυμ-

523 1691 672 1769 φίου,
700 1689 825 1771 περὶ
849 1689 945 1762 τὴν
988 1690 1164 1749 ἑστίαν
1190 1689 1257 1748 τὰ
1286 1692 1603 1771 τραγήματα
1630 1689 1881 1770 κατέχεον
1900 1692 1972 1758 εἷς
1993 1713 2092 1762 ση-

524 1782 669 1855 μεῖον
699 1775 941 1856 εὐπορίας
956 1819 975 1854 ,
1006 1780 1079 1844 ὥς
1100 1776 1191 1836 καὶ
1213 1777 1534 1854 Θεόπομπός
1554 1801 1714 1856 φησιν
1742 1782 1794 1838 ἐν
1820 1778 1885 1839 Ἣ
1895 1781 1945 1837 δ.

618 1953 717 1964 ——-
741 1915 897 2007 Φέρε
926 1914 995 1980 σὺ
1012 1962 1032 1999 ,
1069 1911 1150 1979 τὰ
1185 1915 1635 2006 καταχύσματα

620 2021 857 2110 ταχέως
888 2019 1149 2111 κατάχει
1182 2029 1289 2086 τοῦ
1319 2019 1571 2112 νυμφίου
1599 2019 1703 2086 καὶ
1739 2030 1851 2097 τῆς
1881 2013 2085 2113 κόρηςῖ

524 2168 796 2224 Similiter
821 2167 1023 2223 Suidas
1046 2155 1104 2225 ν’.
1131 2162 1573 2243 Καταχύσματα,
1602 2169 1711 2222 nisi
1734 2167 1895 2241 quod
1921 2167 2092 2223 habet

525 2253 792 2332 εὐετηρίας
816 2274 928 2331 pro
951 2253 1195 2332 εὐπορίας
1210 2297 1229 2330 ,
1254 2265 1313 2312 et
1340 2256 1464 2351 haee·
1479 2255 1735 2328 subjecta

626 2373 689 2452 β.
728 2365 809 2434 Εὐ
843 2367 996 2433 πάνυ
1022 2369 1250 2458 λέγεις,

525 2514 653 2569 quae
688 2495 915 2553 dubites
932 2505 1129 2552 utrum
1155 2495 1269 2551 sint
1298 2495 1693 2570 Theopompi,
1723 2513 1797 2550 an
1833 2515 1903 2552 ex
1944 2496 2092 2552 Pluti

526 2602 695 2640 versu
714 2584 829 2640 800
848 2584 1193 2659 irrepserint.
1209 2585 1567 2659 Theopompi
1585 2585 1778 2640 locum
1794 2603 2092 2660 respexere

526 2671 759 2728 Photius
774 2691 837 2747 p.
860 2670 995 2742 145,
1019 2691 1090 2738 to
1116 2689 1131 2730 τ
1160 2673 1445 2748 καταχεῒτο
1467 2669 1521 2726 δὲ
1546 2669 1645 2746 (τὰ
1664 2668 2088 2748 καταχύσματα)

524 2757 615 2816 καὶ
641 2760 745 2816 τῶν
774 2756 1035 2838 νυμφίων,
1058 2757 1238 2838 φασὶν,
1262 2761 1331 2824 ὡς
1354 2759 1451 2831 Θ.,
1474 2771 1531 2816 et
1559 2762 1841 2834 Harpocr.
1862 2779 1923 2834 p.
1957 2758 2088 2830 108,

528 2867 558 2916 7
589 2867 604 2902 x
631 2843 712 2902 ὅτι
735 2846 839 2902 τῶν
856 2844 1127 2917 νεωνήτων
1150 2847 1198 2904 οἳ
1221 2845 1473 2903 δεσπόται
1485 2845 1804 2925 τραγήματα
1825 2845 2092 2923 κατέχεον,

527 2932 897 3015 Ἀριστοφάνης
945 2936 997 2993 ἐν
1030 2932 1255 3011 Πλούτῳ
1296 2935 1467 3007 δηλοῖ.
1499 2931 1579 2993 ὅτι
1617 2934 1671 2993 δὲ
1705 2936 1795 2993 καὶ
1838 2938 1942 2992 τῶν
1989 2934 2092 2995 ἀπὸ

525 3020 741 3100 θεωρίας
772 3022 857 3103 (ν.
888 3043 1019 3083 ann.
1050 3024 1125 3079 ad
1166 3026 1266 3079 Ar.
1308 3025 1473 3099 Vesp.
1523 3026 1668 3099 971)
1701 3022 1789 3081 καὶ
1824 3025 1928 3081 τῶν
1957 3048 2090 3099 νυμ-

524 3108 687 3187 φίων,
721 3111 792 3176 ὥς
826 3110 981 3185 (dele
998 3108 1095 3187 ὣς)
1122 3111 1196 3170 Θ.
1230 3109 1349 3170 Ἡδ.
1428 3109 1433 3113 ’

1286 3240 1339 3297 4.

604 3346 811 3401 Athen.
870 3342 963 3413 15‚
1003 3362 1065 3417 p.
1118 3344 1261 3416 690,
1293 3346 1342 3397 A
1388 3361 1401 3397 ε
1437 3341 1751 3417 μνημονεύει
1792 3346 1883 3399 τοῧ
1928 3366 2090 3421 μυρο-

525 3430 701 3491 πώλου
716 3428 917 3504 τούτου,
929 3433 1021 3488 τοῦ
1046 3426 1307 3508 Πέρωνος,
1319 3426 1411 3487 καὶ
1429 3431 1499 3490 Θ.
1518 3430 1572 3489 ἐν
1594 3428 1837 3510 Ἀδμήτῳ
1855 3430 1945 3489 καὶ
1966 3428 2087 3491 Ἧδ.

1069 3581 1175 3639 vl.
1219 3580 1546 3640 ΘΗΣΕΥΣ.

606 3716 670 3768 In
695 3714 799 3767 hac
824 3711 1013 3768 fabula
1048 3714 1169 3767 Isaei
1204 3716 1549 3770 mentionem
1584 3714 1788 3769 factam
1816 3732 1965 3785 esse,
1996 3734 2089 3772 re-

527 3802 634 3856 fert
657 3800 989 3855 Plutarchus
1002 3802 1136 3858 Vitt.
1162 3812 1332 3858 oratt.
1364 3821 1427 3875 p.
1454 3801 1591 3874 839,
1610 3802 1671 3859 F.
1699 3800 1901 3875 Bergk.
1923 3804 2091 3860 Com-

526 3898 723 3945 mentt.
754 3906 817 3962 p.
852 3893 967 3961 409
1009 3907 1022 3941 :
1057 3912 1079 3937 «ι
1116 3890 1306 3945 Finxit
1347 3889 1457 3946 Th.
1490 3890 1547 3944 in
1582 3890 1688 3944 hac
1725 3888 1917 3946 sabula
1943 3892 2094 3947 The-

526 3996 643 4047 sea,
678 3976 975 4051 expulsum
1014 3978 1227 4051 patria,
1254 3995 1314 4032 se
1340 3977 1413 4035 ad
1444 3977 1639 4033 Persas
1677 3980 1967 4049 conferre3
2000 3982 2092 4036 cui

528 4066 714 4120 nescio
743 4066 869 4138 quis
894 4065 1182 4139 praecipit,
1210 4066 1369 4139 quod
1391 4066 1495 4121 iter
1513 4067 1584 4120 sit
1607 4066 2034 4123 instituendum.
2067 4092 2090 4119 »a

1291 4196 1337 4231 1.

1517 421 1928 480 COMOEmAE
1970 383 2302 480 vissz'rssms
2345 422 2754 496 REMQmAE.

2283 564 2453 649 ἥξεις
2499 567 2567 640 δὲ
2602 567 2832 648 Μήδων
2865 581 3056 662 γαῖαν,
3089 577 3216 640 ἔνθα
3244 571 3518 668 καρδάμων

2281 680 2588 745 πλείστων
2626 687 2886 746 ποιεῖται
2909 679 3012 746 καὶ
3041 680 3268 773 πράσων
3297 677 3566 774 ἀὸυρτάκη.

2183 808 2372 864 Ducta
2403 809 2524 864 haec
2553 827 2626 864 ex
2660 809 2790 864 AElii
2834 810 3090 883 Dionysii
3121 819 3177 864 et
3211 811 3461 865 Pausaniae
3479 811 3643 865 lexicis

2184 895 2485 952 rhetoricis
2512 895 2669 970 apud
2705 899 2856 952 Eust.
2884 896 2960 954 ad
2979 897 3179 970 Odyss.
3209 915 3296 970 19,
3320 897 3406 968 28,
3429 917 3480 972 p.
3513 897 3640 965 1854,

2193 1003 2214 1038 1
2229 984 2262 1040 8
2297 1004 2310 1038 ε
2353 980 2488 1040 οὕτω
2529 981 2735 1061 κεῖται,
2779 985 2848 1048 ὼς
2883 985 2912 1040 ὁ
2946 980 3097 1049 αὐτὸς
3137 980 3379 1049 Διονύσιος
3411 974 3642 1058 λέγει,“ιαὶ

2184 1067 2332 1147 παρὰ
2382 1068 2692 1148 Θεοπόμπῳ
2741 1067 3113 1149 ἀὸυρτάκη,
3143 1066 3418 1147 ὑπότριμμά
3453 1091 3497 1126 τι
3531 1067 3644 1144 δριμὺ

2188 1155 2505 1236 βαρὸαρικὸν
2535 1155 2621 1216 διὰ
2653 1155 2870 1236 πράσων
2908 1155 2999 1214 καὶ
3037 1154 3230 1214 κόκκων
3259 1153 3368 1236 ῥόας
3394 1153 3472 1214 καὶ
3507 1155 3644 1233 ἑτέρων

2184 1243 2452 1306 τοιούτων.
2487 1243 2615 1325 φησὶ
2639 1248 2762 1323 γοῦν
2787 1245 2914 1323 (Θ.)
2938 1273 2963 1298 ιι
2981 1241 3134 1312 Ἥξει
3155 1245 3253 1322 (sic
3278 1247 3430 1302 etiam
3447 1246 3572 1302 Suid.
3587 1241 3643 1320 )...

2185 1331 2482 1411 α’ὅυρτάκη.
2505 1361 2534 1386 ι
2563 1331 2871 1400 Παυσανίας
2897 1331 2954 1390 δὲ
2977 1330 3067 1400 καὶ
3094 1331 3198 1390 ἀπὸ
3221 1331 3448 1396 σινάπεως
3464 1329 3536 1387 καὶ
3555 1352 3645 1386 στα-

2185 1416 2346 1496 φίδων
2376 1409 2508 1478 εἶναί
2531 1442 2661 1500 φησι
2676 1419 2738 1478 τὸ
2765 1423 2857 1491 τῆς
2876 1419 3171 1500 ἄὸυρτάκης
3193 1415 3490 1496 ὑπότριμμα,
3517 1405 3551 1494 ᾧ
3584 1413 3648 1471 καὶ

2185 1505 2313 1585 πρὸς
2349 1508 2487 1566 κοιλ.
2529 1509 2645 1587 ἐχρ.
2687 1511 2958 1566 Similiter
2995 1508 3188 1566 Suidas
3209 1526 3261 1563 v,
3293 1503 3472 1582 Ἄθυρι.
3505 1503 3646 1560 Codex

2183 1597 2473 1672 Sangerm.
2509 1594 2629 1676 ἵξῃ,
2667 1599 2764 1656 sed
2807 1599 2981 1654 Mein.
3018 1597 3260 1674 reposuit
3292 1612 3465 1650 verum
3496 1586 3645 1656 Ἧξεις·

2193 1709 2218 1734 α
2264 1684 2401 1743 Γαῖα
2433 1705 2544 1760 pro
2583 1687 2654 1761 γῆ
2689 1688 2901 1762 legitur
2939 1687 3110 1742 etiam
3147 1682 3291 1758 apud
3323 1682 3648 1754 Sannyrionem

2185 1769 2415 1842 Γέλωτι,
2443 1773 2514 1831 fr.
2549 1781 2584 1842 4
2604 1818 2620 1850 ‚
2649 1785 2709 1830 et
2731 1775 3110 1849 Antiphanem
3135 1771 3325 1829 Athen.
3360 1788 3450 1838 10,
3471 1785 3522 1841 p.
3547 1773 3646 1838 1149,

2184 1863 2250 1922 B.
2286 1863 2650 1936 Antiquiores
2680 1863 2902 1920 Comici
2927 1881 3001 1920 eo
3025 1862 3406 1918 abstinuerunt.
3433 1882 3455 1908 ι
3475 1858 3591 1911 EM.

2933 1978 2996 2017 2.

2263 2071 2470 2131 Athen.
2503 2071 2564 2147 3,
2593 2091 2655 2147 p.
2685 2071 2784 2142 82,
2815 2072 2859 2129 C
2895 2092 2906 2126 :
2951 2064 3528 2151 φαυλίωνδὶμήλων
3551 2082 3643 2136 μνη·

2186 2157 2454 2236 μονεύει...
2490 2157 2581 2216 καὶ
2622 2159 2693 2218 Θ.
2725 2160 2780 2216 ἐν
2802 2158 2876 2217 Θ.

2939 2271 3000 2328 3.

2263 2378 2416 2436 Plut.
2452 2381 2566 2438 vit.
2599 2381 2722 2437 Isaei
2753 2382 2816 2438 in
2843 2381 2996 2440 Mor.
3031 2399 3095 2456 p.
3133 2379 3272 2456 839,
3304 2379 3364 2449 F,
3411 2366 3650 2449 μνημονεύει

2186 2464 2240 2524 δὲ
2270 2467 2429 2526 αὐτοῦ
2461 2467 2482 2546 (
2495 2469 2645 2545 Isaei)
2673 2470 2746 2529 Θ.
2773 2470 2800 2526 ὃ
2828 2467 3063 2546 κωμικὸς
3087 2471 3140 2528 ἐν
3172 2469 3244 2544 τῷ
3268 2467 3336 2525 Θ.

2941 2589 3002 2650 ι..

2265 2690 2500 2776 ᾼΩῑίαῑῐ-
2538 2713 2598 2768 p.
2643 2693 2740 2764 83,
2771 2693 2832 2766 6,
2863 2693 3290 2757 Αὐτόκακοςε
3320 2679 3414 2749 οἷον
3437 2684 3581 2747 ἑαυτὸν
3600 2703 3654 2739 κο-

2188 2777 2376 2848 λάζων.
2406 2781 2479 2840 Θ.
2509 2781 2579 2840 Θ.

2595 2893 2730 2954 VII.
2780 2893 3328 2969 ΚΑΛΛΑῙΣΧΡΟΣ.

2266 3009 2576 3064 Annotavit
2601 3010 2776 3065 Mein.
2808 3028 2998 3083 neque
3030 3012 3092 3065 in
3111 3010 3222 3065 hoc
3249 3008 3502 3069 dramate,
3527 3012 3658 3068 neque

2189 3098 2247 3151 in
2271 3098 2627 3170 cognomini,
2655 3096 2817 3169 quod
2843 3098 2983 3151 olim
3006 3097 3246 3163 exstitit,
3273 3088 3579 3167 ophelionis‚
3595 3082 3656 3153 agi

2187 3186 2258 3240 de
2281 3184 2614 3243 Callaeschro
2631 3226 2646 3253 ,
2686 3184 2874 3242 Critiae
2911 3197 3112 3259 patre,
3139 3202 3247 3260 pro
3274 3199 3381 3256 quo
3419 3176 3618 3233 habitam
3637 3186 3657 3221 a

2186 3272 2352 3345 Lysia
2378 3273 2699 3327 orationem
2738 3276 3081 3328 memoravit
3111 3273 3304 3328 Pollux
3341 3286 3430 3335 10,
3459 3260 3565 3319 105.
3596 3254 3654 3314 cf.

2185 3359 2336 3413 idem
2366 3361 2435 3413 In
2462 3360 2616 3415 Erat.
2643 3378 2704 3433 p.
2741 3357 2877 3419 255.
2903 3362 3133 3416 Fictum
3166 3361 3330 3434 igitur
3353 3369 3555 3421 nomen,
3578 3360 3658 3418 (111⁰

2185 3444 2532 3522 significatur
2549 3447 2727 3503 homo
2751 3449 3042 3523 eleganter
3063 3447 3382 3523 turpiculus.

2949 3593 3002 3629 1.
3623 3610 3642 3629 ,

2265 3680 2468 3739 Athen.
2499 3681 2559 3747 6,
2586 3700 2643 3757 p.
2671 3680 2806 3753 302,
2839 3684 2923 3741 E:
2947 3679 3074 3742 ὅταν
3105 3680 3160 3740 δὲ
3200 3678 3286 3738 καὶ
3311 3678 3376 3736 Θ.
3409 3674 3454 3732 ἐν
3485 3660 3656 3730 Καλλαί-

2185 3789 2332 3846 σχρῳ
2351 3808 2370 3838 ,
2411 3766 2540 3846 λέγῃ

2283 3922 2380 3933 -—-
2407 3878 2626 3976 ἰχθύων
2657 3876 2726 3950 δὲ
2756 3876 2833 3957 δὴ

2280 3988 2658 4081 ὑπογάστρι’,
2689 3986 2737 4054 ὦ
2771 3990 3073 4083 Δάματερ,

2188 4116 2583 4197 παρατηρητέον
2602 4117 2742 4193 ,’8τι
2788 4118 2875 4177 ἐπὶ
2906 4118 3099 4197 ἰχθύων
3146 4114 3241 4194 μὲν
3281 4108 3578 4187 ὑπογάστριον
3600 4096 3664 4155 λε’-

2185 4227 2370 4282 γουσῑ,
2402 4205 2636 4273 σπανίως
2655 4204 2726 4265 -δὲ
2757 4206 2844 4267 ἐπὶ
2876 4207 3074 4287 χοίρων
3103 4207 3195 4264 καὶ
3226 4206 3324 4261 τῶν
3351 4200 3504 4256 ἄλλων
3541 4189 3664 4267 ζῴων·

603 4290 858 4348 Gramm.
888 4288 1129 4347 Bekkeri
1156 4308 1218 4365 p.
1254 4288 1365 4345 323
1388 4331 1403 4359 ,
1424 4287 1716 4369 Ἀὃυρτάκη
1742 4312 1755 4347 :
1782 4290 2087 4369 ὑπότριμμα
2181 4295 2340 4350 Libri
2369 4292 2714 4372 ὑπογάστριον
2733 4338 2750 4366 ,
2777 4296 2877 4351 sed
2923 4298 3132 4354 Athen.
3169 4314 3224 4369 9,
3250 4313 3309 4367 p.
3338 4289 3458 4362 399,
3477 4287 3520 4339 D
3549 4280 3668 4369 (ὗπθῇ

528 4373 846 4455 βαρὸαρικὸν
874 4376 935 4433 ἐκ
962 4374 1187 4453 δριμέων
1212 4375 1618 4453 σκευαζόμενον,
1644 4378 1779 4459 φημὶ
1807 4381 1866 4438 ἐκ
1891 4378 2090 4458 καρδά·
2181 4379 2426 4459 γάστριον
2463 4380 2518 4439 δὲ
2555 4380 2712 4456 μόνον
2751 4384 2820 4448 ὣς
2865 4381 2952 4438 ἐπὶ
2997 4384 3104 4439 τῶν
3133 4379 3317 4458 ἰχθύων
3345 4367 3563 4450 λέγεται),
3595 4362 3668 4462 υῗζῑ

526 4489 640 4539 μων
689 4463 780 4521 καὶ
822 4465 1081 4543 σκορόδων
1123 4465 1214 4522 καὶ
1262 4465 1518 4532 σινάπεως
1564 4468 1655 4525 καὶ
1710 4468 2006 4548 σταφίδων,
2044 4459 2088 4547 ᾧ
2181 4471 2342 4525 locus
2374 4472 2681 4543 repetitur,
2715 4466 3024 4547 ὑπογάστρι’
3046 4457 3112 4525 ὦ.
3159 4468 3348 4527 Codex
3381 4466 3420 4518 B
3447 4456 3563 4515 ibid.
3589 4451 3668 4511 Ar,-

524 4551 1029 4630 npquotholu‘cinw
1053 4552 1303 4631 ἐχρῶντο.
1331 4556 1404 4613 Θ.
1434 4554 1611 4624 Θησεῖ

2184 4573 2375 4633 μητερ.
2409 4560 2472 4613 V.
2501 4558 2753 4616 Lobeck.
2797 4558 2872 4615 ad
2895 4558 3111 4632 Pht-yn.
3143 4577 3204 4633 p.
3233 4556 3362 4622 640.

541 4652 3664 4687 md

1282 4728 1333 4777 2.

602 4841 661 4848 —-
686 4812 875 4866 Unum
898 4808 1043 4864 enim
1068 4824 1138 4863 ne
1156 4824 1323 4864 unum
1350 4808 1572 4881 quidem
1609 4818 1726 4876 est,

526 4904 574 4949 et
598 4896 709 4951 duo
736 4896 815 4951 vix
846 4910 1019 4951 unum
1046 4902 1195 4962 sunt,
1216 4904 1279 4951 ut
1303 4896 1377 4950 ait
1402 4895 1576 4953 Plato.

1274 4986 1327 5035 3.

594 5098 663 5108 -
694 5072 908 5137 Agens,
942 5066 1165 5123 bellaria

523 5158 628 5211 cito
654 5153 879 5209 affunde
903 5170 1103 5226 sponso
1127 5162 1182 5211 et
1206 5156 1433 5228 virgini!

526 5244 577 5295 b.
612 5240 849 5296 Pei-bene
872 5240 1022 5296 dicis..

2794 4726 3142 4782 THESEUS.

2943 4818 2965 4867 1
2979 4854 2991 4867 .

2182 4896 2379 4952 venies
2397 4895 2683 4952 Medorum
2705 4898 2764 4953 in
2791 4904 3007 4963 terram,
3032 4896 3130 4951 ubi
3153 4910 3184 4949 e
3212 4889 3458 4948 nasturtio

2184 4982 2420 5054 plurimo
2451 4990 2685 5054 etporm
2708 4984 2766 5039 fit
2789 4984 3057 5055 abyrtace.

2679 5073 2766 5125 CA
2777 5068 3230 5125 LLAESCHRUS.

2186 5241 2537 5313 Pisciumque
2564 5255 2696 5297 sane
2720 5164 3028 5308 suntin-iarn
3053 5242 3236 5296 Ceres.
