3809 5850
603 402 716 455 316
1589 388 2003 451 COMOEDIAE
2048 390 2333 453 VETERI
2338 390 2377 451 S
2419 391 2826 467 RELIQUIAE.

589 547 706 601 μεν.
738 525 813 583 Θ.
842 546 868 573 ⁸
897 519 1036 587 Τοὺς
1066 518 1423 601 βιὸλιοπώλας
1451 520 1474 542 *
1503 520 1781 597 λεύσομαι.
1818 546 1840 573 ²·
1863 523 2113 581 Meinek.
2140 542 2155 578 z

592 638 618 664 α
645 616 899 670 Fortasse
925 606 1208 684 πεύσομαι.
1236 634 1263 659 n
1280 610 1382 666 Vel
1411 606 1693 683 δεύσομαι,
1715 622 1782 666 ut
1804 612 2163 667 aecusativus

585 720 694 776 pro
721 700 970 775 genitivo
993 697 1282 755 adhibitus
1312 698 1384 753 sit
1407 716 1440 753 a
1477 698 1889 774 Theopomp03
1921 717 1978 757 v.
2024 717 2157 758 ann.
2253 720 2502 797 κωμικὸς,
2528 725 2649 780 3031-
2676 720 2743 791 τὴ

587 788 664 845 ad
699 790 910 845 Incert.
943 805 1001 842 2.

1325 901 1424 962 26.

665 1011 860 1067 Moeris
906 1010 1079 1067 Attio.
1129 1027 1197 1084 pa
1222 1026 1333 1063 ποι
1357 1048 1374 1079 ,
1423 1002 1708 1065 Κατωνά
1727 1026 1808 1076 κη
1871 1026 1884 1061 :
1936 1004 2042 1072 τοῖς
2090 1006 2161 1072 εἷς

587 1096 772 1177 χρόνον
810 1094 1113 1177 φεύγουσιν,
1137 1092 1225 1152 ὅτε
1247 1091 1503 1166 κατίοιεν,
1531 1090 1683 1159 νάκος
1709 1114 1761 1150 τι
1795 1100 1900 1160 τοῖς
1934 1091 2163 1169 ἱματίοις

588 1184 989 1265 προσέρραπτο,
1015 1185 1086 1249 ὡς
1111 1180 1202 1241 καὶ
1225 1184 1254 1240 ὁ
1279 1178 1620 1256 Θεόπομπος.
1651 1183 1796 1239 Sane
1827 1182 1949 1239 κατ’
1974 1178 2161 1259 ἐξοχὴν

587 1275 773 1331 dictus
791 1276 820 1331 ὁ
843 1270 1178 1348 Θεόπομπος,
1201 1282 1258 1327 et
1277 1271 1373 1326 hlc
1397 1281 1455 1326 et
1473 1270 1596 1326 aliis
1622 1271 1790 1346 locis,
1808 1289 1955 1345 quos
1980 1272 2158 1330 Mein.

589 1362 868 1431 laudavit,
901 1360 1130 1417 videtur
1151 1376 1268 1415 esse
1288 1354 1627 1429 historicus,
1665 1377 1788 1414 non
1820 1370 2029 1434 poeta,
2061 1360 2163 1433 qui

587 1451 920 1525 simpliciter
941 1446 1140 1505 audire
1164 1448 1329 1522 solet,
1364 1458 1431 1502 ut
1454 1446 1641 1502 minus
1668 1446 1896 1503 celeber
1918 1442 2165 1520 Θεόπομ-

588 1557 717 1613 πος,
745 1539 836 1593 vel
881 1535 1256 1595 distinctionis
1294 1552 1463 1591 causa
1497 1532 1816 1609 Θεόπομπος
1849 1534 1878 1590 ὁ
1904 1530 2157 1609 κωμικός.

586 1624 850 1683 Ceterum
871 1642 930 1683 ν.
952 1623 1126 1680 index
1153 1622 1548 1697 Aristophanis
1574 1641 1631 1682 v.
1655 1618 1980 1691 Κατωνοίκη.

1327 1744 1424 1798 27.
2081 1770 2093 1783 .

666 1840 917 1901 Gramm.
939 1839 1183 1896 Bekkeri
1204 1837 1425 1899 Anecd.
1452 1856 1517 1913 Ρ.
1551 1835 1692 1909 385,
1727 1832 2159 1914 ι4,·”Αλυποςε

589 1930 618 1984 δ
648 1924 723 2002 μὴ
751 1923 1096 2003 λυπούμενος.
1129 1923 1340 2003 λέγεται
1377 1923 1433 1981 δὲ
1457 1922 1548 1981 καὶ
1575 1921 1698 1982 ἀλύ
1715 1946 1798 1995 πη
1813 1946 1907 1991 τος
1924 1967 1941 1986 .
1964 1926 2042 1985 Θ.
2062 1917 2143 1925 ’-

1325 2029 1427 2089 28.
1519 2038 1524 2043 '

667 2143 828 2200 Idem
855 2162 917 2219 p.
949 2148 1084 2213 444,
1107 2140 1181 2197 23
1199 2182 1216 2212 ,
1250 2137 1302 2198 ’A
1323 2136 1396 2216 ρύ
1416 2136 1624 2197 ὅαλλο
1642 2162 1666 2205 ς
1701 2159 1714 2195 :
1747 2140 1807 2197 οὗ
1831 2136 1990 2216 μόνον
2014 2135 2163 2217 παρὰ

581 2228 910 2310 Στησιχόρῳ
941 2226 1034 2287 καὶ
1071 2226 1248 2294 ἄλλοις
1290 2230 1598 2306 Δωριεῦσιν,
1643 2224 1780 2285 ἀλλὰ
1819 2226 1911 2285 καὶ
1956 2230 2009 2285 ἐν
2040 2226 2161 2286 Ἱπ-

586 2323 770 2377 πεῦσιν
795 2314 1186 2397 Ἀριστοφάνους
1208 2321 1227 2393 (
1248 2315 1454 2393 1010).
1486 2316 1559 2374 Θ.

1325 2448 1360 2484 a
1409 2469 1424 2483 .

669 2544 830 2601 Idem
855 2562 913 2618 p.
945 2543 1099 2614 468,
1144 2448 1523 2619 Αὗτόχῗιρα
1563 2560 1576 2595 :
1611 2542 1668 2597 οὖ
1703 2538 1792 2596 τὸν
1823 2537 2010 2596 ἑαυτὸν
2040 2541 2163 2596 ἀνε-

589 2629 748 2689 λόντα
795 2629 970 2705 μόνον,
1008 2627 1146 2687 ἀλλὰ
1184 2628 1275 2687 καὶ
1301 2626 1391 2685 ἐπὶ
1433 2631 1526 2685 τοῦ
1566 2624 1856 2704 πράξαντος
1898 2630 2068 2684 ὁτιοῦν
2094 2628 2159 2705 τῇ

589 2720 778 2776 ἑαυτοῦ
804 2716 961 2797 χειρί.
995 2714 1133 2775 οὕτω
1160 2717 1236 2776 Θ.
1263 2714 1353 2773 καὶ
1383 2712 1774 2793 Ἀριστοφάνης.

1321 2829 1419 2887 3ο.

668 2945 876 3004 Pollux
906 2963 963 3016 2,
1001 2942 1072 3000 18
1101 2963 1115 2998 ε
1151 2938 1278 3020 πρὸς
1308 2945 1476 3021 γῆρας
1503 2939 1753 3022 ῥέπουσα,
1778 2944 1938 3018 γραῦς
1977 2940 2163 3018 (γραῦς

588 3033 717 3114 γυνὴ
733 3034 1028 3110 Aristoph.
1045 3033 1264 3090 Thesm-
1280 3032 1352 3088 32
1360 3030 1410 3108 5)
1418 3072 1436 3102 ,
1451 3031 1559 3103 καὶ,
1573 3033 1644 3097 ὡς
1659 3029 1870 3104 Ἰσαῖος,
1884 3027 2161 3109 γεραιτέρα

591 3120 916 3202 (γεραίτεροι
944 3120 1164 3178 Eccles,
1190 3119 1363 3195 472),
1383 3125 1543 3198 γραῖα
1571 3120 1814 3193 (EccleS.
1850 3137 1989 3193 922,
2022 3119 2161 3176 The·

588 3211 813 3287 smoph.
856 3206 1031 3284 965),
1059 3204 1175 3281 καὶ,
1219 3207 1290 3272 ὥς
1329 3209 1399 3267 Θ.
1434 3208 1464 3263 6
1490 3205 1756 3283 κωμικὸς,
1789 3203 2162 3284 πρεσὸῦτις

588 3298 920 3378 φίλοινος,
973 3292 1250 3371 μεθύση,
1297 3295 1322 3320 *
1373 3292 1794 3374 οἰνομάχλη,
1857 3291 2159 3371 κοχώνη.

587 3387 752 3444 Libri
780 3397 837 3442 et
860 3387 955 3441 hie
985 3394 1043 3440 et
1069 3382 1126 3455 6,
1158 3402 1255 3454 αι,
1277 3379 1569 3460 οἶνομιίχλη
1583 3427 1598 3455 ,
1621 3402 1740 3439 non
1762 3378 2041 3459 οἶνοκᾶχλη
2056 3425 2074 3457 ,
2097 3393 2163 3437 ut

587 3477 780 3551 vulgo,
799 3492 944 3530 voce
962 3473 1126 3528 nihili
1142 3489 1160 3549 3
1182 3473 1432 3546 optimus
1450 3473 1627 3531 Paris.
1649 3466 1941 3546 οἰνομάχλη
1954 3466 2158 3547 κοχλώ-

588 3585 680 3634 κη.
703 3565 898 3619 Kuhn.
921 3571 1076 3617 recte
1093 3557 1184 3616 καὶ
1205 3556 1374 3636 χώνη,
1399 3568 1632 3615 auctore
1652 3559 1872 3614 AEliano
1895 3561 1963 3616 V.
1995 3557 2067 3612 H.
2090 3577 2149 3629 2,

591 3658 662 3716 41
695 3647 972 3728 (Διότιμος
996 3648 1025 3703 ὁ
1056 3644 1338 3716 Ἀθηναῖος.
1375 3637 1520 3711 οὗτός
1551 3667 1632 3703 τοι
1659 3641 1750 3702 καὶ
1769 3667 1809 3722 χ
1816 3641 1941 3716 ὧνη
1974 3645 2163 3702 ἐπεκα·

589 3740 745 3796 λεῖτο·
784 3735 1082 3811 ἐπιθέμενος
1102 3732 1206 3812 γὰρ
1233 3736 1309 3811 τῷ
1341 3733 1564 3809 στόματι
1591 3731 1768 3811 χώνην
1814 3731 2161 3798 ἀδιαλείπτως

589 3822 818 3905 *ἐχώρει
835 3821 924 3880 τὸν
947 3819 1278 3900 εἰσχεόμενον
1294 3810 1448 3894 οἶνον,
1461 3823 1587 3892 ubi,
1615 3839 1792 3896 quum
1810 3822 2071 3895 ineptum
2090 3823 2164 3877 sit

589 3911 794 3992 ἐχώρει,
819 3912 1012 3966 malim
1031 3906 1232 3988 ἐξώργα
1247 3951 1264 3980 ,
1292 3910 1388 3966 vel
1410 3907 1687 3982 quiddam
1708 3906 1950 3985 simile).
1974 3909 2158 3966 Theo·

587 4001 790 4077 pompi
814 3999 1124 4057 versiculus
1147 3999 1226 4056 sic
1245 3997 1508 4054 habuerit
1533 4016 1547 4051 :

685 4094 1009 4194 Πρεσὸῦτις
1039 4098 1400 4192 οἰνόμαχλος
1417 4093 1447 4189 (
1465 4096 1534 4162 σὺ
1556 4091 1583 4187 )
1614 4093 1718 4161 καὶ
1736 4097 1898 4186 χώνη
1919 4092 2097 4189 (γυνή
2109 4097 2156 4190 )

588 4223 732 4278 Nam
779 4221 1115 4295 glossemata
1152 4228 1282 4274 sunt
1332 4215 1511 4272 verba
1547 4211 1770 4293 φίλοινος
1809 4225 1868 4270 et
1918 4211 2118 4289 μεθύση
2138 4258 2156 4292 ,

588 4320 712 4364 tum
757 4305 858 4383 (ne
885 4325 1145 4363 excusem
1177 4301 1260 4376 σὺ,
1289 4304 1450 4378 quod
1492 4303 1768 4358 sententia
1814 4313 1871 4358 et
1912 4313 2159 4359 metrum

589 4393 1010 4470 monstrabant)
1037 4391 1167 4471 γυνὴ
1198 4394 1344 4449 forte
1363 4392 1591 4448 videtur
1620 4390 1893 4446 excidisse
1928 4402 2059 4464 post
2082 4393 2158 4448 si—

589 4485 725 4539 mile
748 4479 894 4561 χώνη
929 4503 942 4536 :
970 4504 1005 4558 γ
1032 4483 1185 4538 enim
1209 4492 1267 4537 et
1287 4499 1324 4558 χ
1347 4480 1510 4537 facile
1541 4479 1980 4553 permiscentur,
2005 4481 2161 4534 velut

587 4569 708 4648 οὗχὶ
755 4588 1054 4646 perperam
1092 4571 1300 4645 legitur
1331 4587 1441 4644 pro
1470 4563 1559 4642 ὅγε
1586 4567 1788 4623 Athen.
1819 4585 1883 4642 p.
1918 4565 2052 4639 433,
2080 4570 2157 4642 D,

588 4668 647 4714 et
679 4656 825 4728 453,
855 4657 932 4728 C;
978 4680 1009 4713 υ
1044 4675 1183 4713 vero
1216 4669 1273 4713 et
1296 4679 1341 4713 ω
1380 4655 1490 4712 sibi
1519 4655 1840 4724 offecerint,
1876 4665 1943 4710 ut
1980 4655 2160 4732 Στρα-

590 4764 738 4803 τιωτ.
773 4763 826 4800 2.

1331 4832 1427 4891 31.

669 4943 832 5002 Idem
871 4942 952 5002 ib.
994 4961 1102 4998 122
1143 4963 1156 4998 :
1188 4938 1333 5020 παρὰ
1361 4939 1418 4999 δὲ
1453 4941 1622 5022 Θ-πῳ
1645 4939 1722 5020 τῷ
1762 4942 1983 5019 κωμικῷ
2012 4942 2158 4998 ὓπο-

592 5029 852 5106 λογεῖν.
883 5030 1157 5085 Nonnulli
1187 5030 1358 5089 eodd.
1385 5032 1572 5086 minus
1611 5029 1991 5105 probabiliter
2024 5034 2157 5086 ὓπο-

592 5113 782 5192 λέγειν.
833 5115 1182 5172 I‘hiloxenus
1235 5117 1420 5176 Gloss.
1478 5113 1900 5190 ὖπολογηθέντων
1962 5134 1973 5173 :
2033 5117 2153 5174 vid.

592 5203 921 5260 Schneideri
951 5207 1084 5260 Lex.
1117 5223 1172 5262 v,
1201 5201 1522 5278 Ὑπολογέω.

2999 524 3096 582 32.

2334 635 2493 694 Idem
2516 635 2575 712 3,
2598 635 2672 712 39
2706 634 2829 693 ικαὶ
2856 634 3209 713 πρωτόπει
3230 659 3337 717 ρον
3364 640 3408 697 δ’
3432 641 3691 719 ὠνόμασεθ

2747 745 2774 778 ν
2802 724 2862 781 ἐκ
2881 722 3165 802 παρθενίας
3184 722 3284 783 τινὶ
3306 728 3648 806 γεγαμημένην.

2996 837 3096 897 33.

2334 948 2495 1005 Idem
2520 948 2601 1009 ib.
2634 946 2707 1021 75
2740 969 2755 1005 :
2786 946 2880 1007 καὶ
2908 948 3480 1031 δουλοπρέπειαθ.
3508 956 3691 1033 ὁκωμικι

2994 1062 3095 1129 34.

2331 1173 2593 1258 Idemib.
2632 1180 2741 1239 1²4
2770 1171 3345 1253 ιᾶπωνηθήσεται
3368 1176 3690 1259 καὶπεπράσ

2250 1282 2325 1320 τα
2342 1282 2359 1317 ι
2385 1262 2459 1323 Θ.
2492 1260 2697 1340 εἴρηκεν
2725 1264 2754 1319 ὁ
2775 1259 3028 1338 κωμυιός.

2990 1376 3095 1438 35.

2330 1490 2492 1548 Idem
2530 1487 2588 1566 5,
2630 1490 2745 1566 98:
2780 1486 2873 1547 καὶ
2899 1488 2931 1521 ³*
2975 1488 3429 1568 τανθευριστοὶ
3464 1490 3587 1571 ὅρμοι
3624 1514 3691 1573 καί

2249 1578 2426 1656 Θ-πῳ
2470 1578 2547 1657 τῷ
2578 1578 2819 1655 κωμικῷ,
2852 1566 2924 1635 ὧν
2957 1576 3349 1657 κατεκρέμαντο
3382 1577 3501 1636 λίθοι
3536 1578 3640 1644 τινὲς
3648 1588 3691 1651 ,ι’

2252 1663 2357 1723 ἀπὸ
2392 1667 2486 1735 τῆς
2526 1662 2779 1735 κινήσεως
2826 1663 3157 1740 ὠνομάσθαι.
3206 1692 3231 1717 α
3278 1666 3419 1727 Vera
3464 1670 3594 1725 vocis
3624 1672 3691 1741 sen

2249 1765 2419 1829 ptura
2436 1765 2520 1809 est
2539 1757 2696 1811 τανθ
2711 1750 2980 1831 αρυστοὶ
3004 1797 3023 1830 ,
3042 1755 3136 1811 vel
3158 1754 3485 1827 τανθαριστοί.
3508 1760 3561 1814 V.
3583 1754 3691 1812 vale]

2250 1842 2548 1899 Animadv.
2569 1842 2645 1899 ad
2661 1845 2926 1903 Ammon.
2948 1862 3017 1917 Ρ.
3050 1860 3075 1899 1
3090 1861 3183 1918 19.
3220 1866 3244 1894 υ
3272 1844 3355 1899 Μ·.

2992 1951 3097 2011 36.

2337 2062 2499 2118 Idem
2542 2062 2600 2135 6,
2634 2060 2709 2119 25
2744 2083 2758 2117 :
2792 2064 2827 2132 ἡ
2855 2060 2986 2141 γυνὴ
3018 2061 3073 2122 δὲ
3100 2061 3297 2141 μεθύση
3319 2062 3403 2121 καὶ
3436 2063 3690 2139 μεθύστρι·

2249 2147 2398 2227 παρὰ
2418 2148 2595 2229 Θ-πῳ
2624 2152 2700 2229 τῷ
2724 2152 2969 2230 κωμικῷ.

2996 2263 3094 2337 37.

2330 2376 2490 2431 Idem
2516 2375 2598 2433 ib.
2625 2372 2699 2431 85
2733 2391 2748 2433 :
2780 2373 2873 2441 τὰς
2900 2372 2956 2433 δὲ
2985 2375 3307 2454 καλουμένας
3330 2376 3559 2441 πατέλλας
3578 2376 3691 2450 (voca

2252 2462 2390 2519 bulo
2414 2459 2625 2541 latino)
2650 2460 2921 2529 λεκανίδας
2946 2464 3286 2541 ὀνομαστέον,
3314 2466 3357 2523 εἰ
3385 2463 3466 2523 καὶ
3494 2462 3537 2530 ἐξ
3556 2460 3691 2539 ‹ip-5690

2252 2541 2376 2608 εἷεν.
2401 2552 2478 2610 Θ.
2510 2550 2613 2629 γὰρ
2636 2554 2665 2607 ὁ
2684 2549 2916 2629 κωμικὸς
2946 2551 3153 2633 εἴρηκεν
3183 2554 3445 2633 ὀρνίθων
3480 2550 3691 2617 >lexim

2253 2642 2362 2714 Ap.
2384 2639 2699 2695 Bekkerum
2730 2640 2758 2697 ὅ
2774 2662 2840 2718 ρν
2858 2644 2918 2698 ιθ
2940 2639 3057 2699 ίων
3083 2642 3150 2699 λε
3166 2664 3217 2699 κ.

2996 2753 3095 2814 38.

2332 2859 2495 2918 Idem
2514 2878 2571 2932 72
2606 2877 2717 2934 190
2760 2858 2877 2920 28.
2910 2857 2969 2917 δὲ
3009 2867 3323 2939 γυναῖκας
3346 2854 3691 2919 νιιιυτίδιιςιῖ1

2252 2947 2505 3005 Lobeck.
2536 2946 2611 3002 ad
2644 2949 2853 3021 Phryn.
2884 2969 2942 3024 p.
2974 2947 3111 3010 256.
3142 2950 3253 3007 Sed
3272 2950 3444 3006 nescio
3468 2943 3630 3002 annon
3646 2961 3691 2996 co

2250 3037 2401 3091 mico
2427 3035 2539 3091 hoc
2568 3037 2639 3091 sit
2682 3037 3086 3108 tribuendum,
3124 3057 3287 3114 quem
3307 3036 3485 3094 Pollux
3510 3032 3691 3090 disertim

2256 3125 2595 3198 ubicumque
2616 3123 2801 3195 affert,
2824 3127 2967 3183 solet
2996 3127 3265 3184 indicare.
3296 3150 3318 3176 α
3343 3127 3493 3180 Meia-

2888 3291 3169 3354 xxvln.

2838 3449 3233 3517 ALCAEUS.

2288 3639 2293 3648 ·
2332 3643 2357 3672 α
2384 3621 2583 3678 Suidas
2607 3618 2903 3697 εἈλκαῖος,
2925 3622 3297 3693 Μιτυληναῖος,
3318 3605 3445 3699 [εἶτα
3470 3599 3691 3680 Ἀθηναῖος.)

2252 3705 2481 3782 ’‘wll-²85<
2529 3710 2621 3778 τῆς
2666 3707 2894 3787 ἀρχαίας
2938 3707 3215 3789 κωμῳδίας
3264 3703 3529 3784 [πέμπῃ-τος,
3564 3685 3691 3790 utin-El

2254 3793 2465 3854 Μίκκου
2479 3795 2525 3873 ].
2548 3797 2735 3854 Verba
2748 3799 2911 3854 uncis
2930 3799 3147 3855 inclusa
3169 3795 3403 3853 Eudocia
3422 3812 3476 3866 p.
3507 3787 3567 3860 69
3584 3789 3691 3838 0m¹1⁴

2254 3887 2342 3942 tit.
2371 3889 2458 3943 De
2484 3886 2671 3961 patria
2688 3886 2849 3960 quod
2870 3887 3012 3943 dicit
3034 3885 3232 3944 Suidas
3254 3884 3469 3940 multum
3488 3889 3640 3930 vereor
3653 3879 3691 3964 ιιι

2251 3974 2502 4030 Alcaeum
2539 3976 2784 4049 lyricum
2830 3994 2961 4031 cum
3002 3975 3222 4032 comico
3252 3981 3406 4048 poeta
3441 3958 3691 4023 confudent,

2251 4063 2405 4136 quali
2450 4081 2647 4119 errore
2702 4063 2956 4136 quodam
3000 4065 3245 4120 Alcaeum
3290 4055 3567 4115 Messeniam
3610 4055 3691 4098 ‹211111

2249 4150 2571 4225 Mitylenaeo
2601 4151 2927 4208 confudisse
2952 4149 3198 4207 ostendit
3221 4145 3427 4204 Jacobs.
3456 4139 3515 4196 ad
3532 4127 3691 4201 Anthol.

2253 4238 2312 4310 3,
2344 4238 2399 4308 3,
2433 4257 2495 4313 p.
2544 4239 2685 4300 838.
2714 4241 2860 4294 Tum
2898 4239 3297 4314 perobscurum
3334 4241 3428 4304 est,
3466 4243 3559 4299 q'uo
3585 4229 3691 4316 S‘fn‘ffl

2249 4327 2500 4384 Alcaeum
2528 4328 2771 4400 antiquae
2792 4327 3087 4384 comoediae
3106 4327 3351 4400 quintum
3374 4325 3565 4393 poetam
3588 4305 3691 4361 dnte‘

2249 4416 2359 4485 rit3
2392 4426 2547 4472 certe
2581 4434 2651 4470 ex
2675 4415 2857 4471 titulis
2880 4415 3197 4472 fabularum
3218 4413 3321 4467 hoc
3340 4401 3589 4474 conjicias,
3608 4403 3691 4445 ‘¹¹¹¹'

2249 4503 2561 4559 novissimis
2582 4504 2826 4577 antiquae
2848 4515 3030 4560 seenae
3054 4499 3364 4559 auctoribus
3380 4477 3691 4571 accensendum

2250 4609 2388 4646 esse.
2420 4591 2694 4660 Accedit,
2733 4592 2893 4664 quod
2943 4592 3151 4667 passim
3188 4577 3501 4662 grammatici
3534 4587 3587 4625 ex
3614 4573 3691 4632 ‘1¹1⁵

2250 4680 2453 4734 fabulis
2485 4679 2732 4734 afferunt
2780 4680 3087 4736 verborum
3127 4677 3349 4741 soi-maS,
3386 4664 3559 4740 quibus
3584 4660 3691 4705 vetu-

2248 4769 2441 4824 stiores
2475 4786 2753 4841 nusquam
2776 4786 2905 4823 usos
2936 4785 3053 4823 esse
3080 4764 3279 4831 videaS,
3304 4757 3438 4813 velut
3463 4740 3691 4844 paciltfw

2251 4855 2408 4929 apud
2441 4857 2824 4930 Plu‘ynichum
2852 4856 3045 4931 Eclog.
3069 4873 3128 4929 p.
3162 4849 3269 4906 225
3294 4837 3579 4922 (βασίλισσαν
3616 4821 3690 4926 ,Αλ-

2251 4941 2399 4999 καῒόν
2427 4964 2581 5019 φασι,
2610 4941 2699 4999 τὸν
2726 4941 3139 5020 κωμῳδιοποιὸν,
3167 4933 3250 4994 καὶ
3278 4918 3578 5007 Ἀριστοτέλην
3596 4925 3690 5019 εφη,-

2251 5027 2429 5105 κέναι)
2446 5053 2462 5100 ;
2490 5031 2684 5106 βιάζειν
2706 5034 2929 5107 γυναῖκα
2948 5049 3053 5106 pro
3073 5025 3319 5104 βιάζεσθαι
3340 5014 3539 5072 Antiatt.
3556 5020 3598 5074 P·
3617 4992 3683 5089 3525'

2252 5115 2353 5174 ἔδω
2380 5137 2489 5192 pro
2514 5118 2698 5192 ἔδομαι
2728 5119 2811 5196 (Ὗ)
2854 5119 3056 5175 Athen.
3092 5135 3143 5185 7,
3170 5131 3227 5187 p.
3258 5107 3377 5174 316,
3414 5100 3476 5165 C;
3498 5101 3685 5165 x÷?²*’‘¹'¹¹'

2254 5207 2457 5265 Athen.
2489 5226 2545 5280 9,
2574 5226 2635 5280 p.
2674 5213 2816 5278 424,
2845 5209 2933 5284 ὓς
2962 5203 3165 5281 ἄγροθεν
3204 5197 3367 5273 prima
3389 5181 3567 5260 syllaba
3585 5185 3681 5246 Pm‘
