3809 5850
1632 286 2017 352 Du’fflms.

3309 293 3421 358 6⁸3

186 425 363 484 ἐνίοτε
396 423 451 482 δὲ
479 421 627 502 φίλαν
662 422 681 500 (
706 426 801 483 Fo
830 422 883 484 δὲ
911 423 1139 502 δίφιλον)
1171 424 1258 486 τὸν
1305 423 1601 498 inoffi-mv.
1626 427 1769 486 Cor·
1861 426 1932 484 V.
1962 424 1993 480 3
2017 422 2190 482 codd.
2219 425 2554 482 vetustiores
2581 428 2670 482 τοῦ
2701 423 2998 503 ἐμπορείου.
3043 453 3067 478 αι
3097 428 3425 504 Emporium

184 517 349 573 rexit
378 513 724 574 Maussacus.

978 629 1036 670 α.

274 726 517 784 Antiatt.
542 743 603 800 p.
650 741 785 794 101,
833 742 925 793 ιο,
968 721 1469 802 Κραυγασμόςῑ
1516 723 1633 784 ἀντὶ
1673 728 1771 783 τοῦ

181 807 529 956 :fg-{7133}
559 806 849 888 Ἀποὸἄτῃ.
892 811 1148 868 Lobeck.
1180 812 1256 869 ad
1284 813 1497 888 Phryn.
1536 833 1599 890 p.
1649 813 1761 884 337

642 1001 750 1062 lx.
794 1003 1324 1069 ΑΠΟΔΙΠΟΥΣΑ.

273 1123 353 1179 H.
380 1139 435 1179 e.
456 1121 765 1193 interprete
782 1119 1099 1196 Schweigh.
1123 1119 1197 1176 ad
1216 1119 1423 1178 Athen.
1462 1127 1518 1190 4,
1539 1138 1601 1194 p.
1636 1117 1769 1191 125,

184 1207 414 1268 Mulier
432 1227 567 1282 quoe
584 1213 849 1262 maritum
880 1209 1146 1266 deseruit.
1176 1208 1325 1264 Male
1352 1208 1575 1282 aliquot
1594 1207 1767 1266 codd.

183 1293 607 1355 Ἆπολείπουσα.
636 1295 727 1351 Ab
744 1295 1033 1351 nonnullis
1046 1296 1169 1351 haec
1195 1295 1386 1352 fabula
1408 1296 1770 1352 tribuebatur

184 1385 277 1458 (v.
309 1384 527 1442 Athen.
558 1385 619 1438 in
659 1383 731 1440 fr.
767 1380 833 1460 α)
875 1383 1146 1459 Sosippu,
1196 1383 1493 1458 incognito
1539 1383 1771 1441 aliunde

182 1483 383 1550 poetae
410 1473 657 1529 comico.

272 1697 493 1755 Athen.
523 1705 575 1764 4,
610 1715 671 1772 p.
711 1693 821 1754 132
841 1736 858 1765 ,
885 1696 929 1753 C
964 1715 975 1750 z
1022 1693 1092 1756 A.
1120 1691 1165 1751 δ’
1192 1694 1247 1750 ἔν
1283 1692 1635 1774 Ἀπολιπούσῃ
1665 1693 1771 1771 μᾶ-

180 1782 367 1864 γειρόν
392 1805 511 1842 τινα
530 1781 783 1864 παράγων
804 1787 945 1842 ποιεῖ
964 1781 1091 1840 τάδε
1116 1779 1336 1862 λέγοντα
1350 1825 1369 1858 ,

339 1929 411 1969 α.
452 1902 648 1969 Πόσοι
676 1903 751 1968 τὸ
784 1901 1013 1978 πλῆθός
1046 1899 1191 1967 εἰσιν
1222 1901 1278 1967 οἱ
1308 1903 1671 1992 κεκλημένοι

1862 514 2114 588 intellige
2129 509 2192 570 τὸ
2209 507 2429 589 ξενικὸν,
2448 513 2547 570 ubi
2559 515 2844 588 peregrini
2861 525 3238 574 mercaturam
3256 517 3428 574 facie·

1862 600 2122 672 bant;cf.
2151 600 2302 658 infra
2329 601 2507 680 Ζωγρ.
2533 619 2589 672 2,
2612 620 2650 676 9
2669 620 2830 676 seqq.
2853 625 2880 653 ι»
2918 604 2970 658 E
2993 606 3083 663 M.
3106 607 3172 662 V.
3203 603 3238 662 5
3267 606 3422 663 idem

1860 701 2016 746 recte
2053 691 2280 764 scripsit
2307 686 2388 757 τίς
2429 689 2543 747 ἔστι
2579 686 2777 759 ταύτης
2813 709 2922 766 pro
2952 688 3028 758 τίς
3063 691 3204 751 ἐστιν
3237 694 3420 763 αὐτῆς.

1860 779 2094 834 Versum
2118 777 2154 834 6
2172 777 2512 836 mendosum
2535 788 2594 834 et
2627 778 2982 854 negligenter
3016 781 3314 838 conditum
3341 782 3423 840 sic

1865 883 2097 940 corrigo
2136 883 2152 924 ε

1954 974 2036 1044 τὰ
2060 977 2340 1070 στόματα
2356 987 2478 1046 τῶν
2505 969 2838 1071 ἐδουμένων
2855 973 3207 1074 προειδέναι.

1858 1106 2036 1162 Versu
2067 1123 2099 1175 ¹7⁴
2123 1105 2313 1162 scribo
2329 1149 2346 1178 ,
2376 1106 2578 1162 melius
2603 1107 2898 1164 collocatis
2935 1107 3258 1180 vocabulis,
3288 1104 3356 1167 ‘P
3373 1130 3426 1167 ο·

1859 1189 2040 1258 δίους
2085 1181 2229 1250 οἷον
2259 1193 2442 1250 κεκλ.
2473 1181 2604 1252 Οἶον
2629 1195 2825 1269 priore
2857 1197 3049 1266 brevi,
3087 1206 3152 1252 ut
3182 1215 3276 1272 ap.
3301 1197 3425 1254 Ho-

1857 1298 2080 1337 merum
2099 1281 2171 1339 11.
2202 1279 2294 1351 13,
2332 1279 2482 1353 275,
2514 1281 2616 1336 ubi
2658 1298 2716 1334 v.
2761 1293 2959 1341 annot.
3003 1286 3174 1341 Versu
3210 1283 3246 1340 8
3287 1287 3425 1342 scri·

1857 1367 2114 1425 bendum

1959 1481 2118 1558 εὐθὺς
2149 1480 2272 1547 ἀπὸ
2291 1480 2504 1572 θερμοῦ
2529 1484 2692 1548 τοῖσι
2714 1484 2826 1555 τὴν
2859 1481 3127 1575 μεγάλην
3160 1483 3418 1554 σπάσαι.

1857 1590 2107 1668 eappan,
2148 1611 2225 1648 sc.
2257 1589 2417 1665 οἴνου,
2443 1590 2654 1666 ellipsis
2680 1591 2908 1650 usitata.
2944 1592 3166 1650 Deinde
3194 1591 3289 1664 τὴν
3329 1615 3422 1669 με·

1868 1677 2024 1755 (ἄλην
2043 1723 2060 1752 ,
2095 1679 2298 1756 supple
2329 1676 2518 1738 κύλικα
2535 1721 2554 1754 ,
2577 1690 2644 1735 ιιι
2669 1679 2825 1753 apud
2853 1667 3229 1736 Menandrum
3268 1681 3422 1740 Χαλ-

1862 1763 1978 1845 κεία
2011 1785 2070 1840 ο,
2101 1785 2158 1840 2,
2201 1777 2259 1824 et
2277 1768 2432 1824 alios.
2458 1765 2646 1832 Αὗτοῖς
2684 1777 2878 1822 autem
2925 1767 3318 1842 interpretatio
3341 1781 3428 1826 est

1857 1857 2200 1912 inconcinna
2226 1857 2385 1912 vocis
2411 1860 2569 1913 τοῖσι.
2592 1856 2661 1914 V.
2693 1872 2762 1910 ro
2795 1855 2995 1912 vitiose
3029 1855 3198 1912 codd.
3222 1867 3427 1930 praeter

1857 1943 1900 1999 C
1928 1961 2056 2019 χαρ.
2085 1962 2146 1999 π.
2183 1941 2385 2016 μᾶλλον
2408 1939 2444 2012 ἢ
2470 1937 2690 2020 μυρίνην
2721 1963 2816 2019 πρ.
2845 1943 3088 2015 Quintus
3114 1944 3336 2017 Smyrn.
3361 1945 3419 2021 3,

342 2007 429 2086 Εἰς
486 2009 627 2087 τῦὺς
674 2007 942 2102 γάμους,
1008 2011 1327 2094 βέλτιστε,
1398 2033 1498 2073 ’‘⁰‘'-
1564 2008 1765 2098 πότερ’
1862 2029 1895 2086 5
1935 2049 1948 2083 :
1987 2026 2162 2086 πολλὰ
2193 2027 2321 2104 μάλ’
2369 2026 2676 2106 ἀχνύμενοι.
2714 2033 2781 2088 V.
2811 2029 3141 2086 Selmeideri
3188 2033 3327 2088 Lex.
3363 2052 3420 2088 v.

1518 2108 1769 2179 Ᾱττικοὶ
1800 2091 1811 2168 Ι
1858 2116 2114 2195 Μυρίνης.
2160 2121 2234 2178 V.
2272 2135 2341 2173 ια
2391 2105 2467 2173 sic
2503 2116 2790 2188 Dindorf.;
2834 2115 2968 2173 libri
3003 2113 3223 2197 ἀψινθίῳ
3267 2116 3424 2198 σφοίη

340 2221 645 2304 ἅπαντες,
687 2215 724 2290 ἢ
765 2217 886 2284 χάχ
924 2215 1282 2309 τούμπορίου
1337 2219 1527 2299 τινές;
1582 2222 1641 2302 β
1690 2219 1763 2286 Τί
1804 2179 1813 2254 i
1858 2205 2121 2287 (οἰοΑΒ,
2164 2200 2332 2286 σφοΐῳ
2359 2202 2537 2282 PVL)
2569 2199 2731 2271 δεῖξον
2779 2203 2998 2280 (δεῦσον
3019 2205 3148 2282 VL)
3185 2202 3266 2263 ὅδ’
3291 2205 3426 2281 ἄγαν

1663 2318 1769 2390 δαὶ

342 2423 516 2496 τοῦτ’
552 2429 689 2494 ἔστι
730 2427 878 2519 πρὸς
920 2431 983 2493 σὲ
1020 2428 1126 2494 τὸν
1186 2425 1503 2520 μάγειρον;
1548 2453 1610 2497 α.
1647 2439 1769 2506 Τῆς

1548 2537 1769 2624 τέχνης

240 2639 287 2710 5
344 2638 645 2734 ἡγεμονία
672 2638 766 2716 τίς
784 2641 917 2704 ἐστι
951 2639 1213 2723 ταύτης,
1246 2633 1297 2702 ὦ
1322 2638 1550 2732 πάτερς

338 2747 421 2811 τὸ
448 2753 570 2810 τῶν
599 2736 898 2836 ἐδομένων
924 2739 1006 2810 τὰ
1036 2741 1315 2834 στόματα
1342 2734 1676 2836 προειδέναι
1700 2772 1715 2787 ·

340 2847 471 2918 οἷον
492 2841 731 2927 Ροδίους
755 2851 1074 2927 κέκληκας·
1104 2847 1346 2914 εἰσιοῦσι
1379 2842 1481 2927 δὸς

341 2956 511 3033 εὐθὺς
567 2955 690 3023 ἀπὸ
752 2954 969 3047 θερμοῦ
1040 2957 1153 3029 τὴν
1224 2952 1498 3047 μεγάλην
1572 2958 1769 3032 αὐτοῖς

1507 3059 1763 3146 σπάσαι,

342 3161 652 3245 ἀποζέσας
682 3165 952 3258 σίλουρον
980 3162 1018 3239 ἢ
1042 3160 1281 3252 λεὸίαν,
1307 3168 1395 3257 ἐφ’
1431 3162 1479 3252 ᾧ

202 3299 290 3345 ιο
350 3282 563 3368 χαριεῖ
580 3274 737 3341 πολὺ
774 3272 923 3363 μάλ’
954 3270 991 3345 ἢ
1018 3269 1294 3365 μυρρίνην
1333 3272 1717 3365 προσεγχέας.

344 3385 416 3465 β.
442 3376 689 3447 Ᾰστεῖον
704 3384 737 3447 ὅ
758 3378 1137 3471 σιλουρισμός
1162 3373 1183 3443 i
1206 3405 1268 3444 α.
1281 3364 1365 3445 iv
1386 3372 1765 3460 Βυζαντίους,

342 3486 602 3575 ἀψινθίῳ
631 3478 935 3560 σπόδησον
966 3489 1079 3553 ὅσα
1102 3481 1162 3579 γ’
1194 3481 1267 3552 ἂν
1294 3485 1625 3579 παρατιθῇς
1647 3535 1666 3571 ,

342 3603 585 3669 κάθαλα
607 3606 860 3677 ποιήσας
890 3598 1097 3667 πάντα
1124 3598 1669 3709 κάσκοροδισμένα.

342 3700 459 3774 διὰ
499 3705 613 3801 γὰρ
644 3707 719 3773 τὸ
741 3706 969 3782 πλῆθος
999 3715 1121 3771 τῶν
1142 3730 1263 3795 παρ
1314 3708 1516 3779 αὐτοῖς
1550 3702 1767 3795 ἰχθύων

204 3812 287 3883 15
342 3813 571 3891 πάντες
592 3806 992 3904 βλιχανώδεις
1021 3809 1132 3878 εἰσὶ
1159 3808 1263 3877 καὶ
1303 3808 1512 3904 μεστοὶ
1539 3810 1766 3886 λοίπης.

322 3995 617 4053 mmm
656 3995 831 4067 QUAE
864 3993 1225 4050 MARITUM
1261 3992 1645 4048 DESERUIT.

970 4124 1019 4175 1.

299 4266 355 4307 a.
390 4249 541 4319 Quot
560 4260 791 4303 numero
812 4250 941 4302 mut
961 4244 1171 4301 invitati

299 4336 377 4394 ad
402 4334 646 4407 nuptias,
676 4332 883 4406 optime
900 4374 915 4401 ‚
944 4340 997 4389 et
1024 4332 1273 4389 Atticino

302 4436 534 4489 omnes,
563 4436 637 4478 an
662 4418 829 4477 etiam
857 4417 1113 4476 nonnulli
1143 4433 1207 4475 ex
1230 4418 1511 4491 emporio?
1540 4416 1769 4564 Ι).(Ξ1υὶι1

1511 4511 1641 4577 [tan
1682 4523 1769 4565 em

304 4595 380 4655 ad
414 4602 471 4652 te
494 4594 597 4651 hoc
622 4593 819 4651 attinet
837 4634 853 4661 ,
874 4594 1155 4665 coquum?
1178 4606 1230 4649 a.
1266 4594 1416 4650 Artis

230 4692 266 4741 5
304 4690 476 4757 caput
493 4680 770 4755 quoddam
791 4722 807 4746 ,
832 4689 1004 4755 pater,
1030 4680 1133 4738 hoc
1163 4688 1274 4749 est,

306 4788 405 4829 ora
428 4776 837 4835 coenaturotum
869 4768 1143 4841 praescire.

310 4856 480 4914 velut
500 4853 755 4913 Rhodios
777 4853 1050 4912 invitasti:
1080 4854 1339 4927 ingressis
1362 4852 1429 4911 dn

308 4944 497 5002 statim
520 4940 685 4999 calidi
708 4944 827 4997 vini
853 4956 1106 5014 magnam
1132 4941 1359 4999 calicem
1382 4941 1735 5000 hauriendam
1756 4984 1771 5011 ,

209 5044 218 5049 ·
309 5046 437 5089 eum
461 5037 621 5087 cocto
644 5027 814 5085 siluro
835 5027 918 5085 vel
942 5026 1122 5096 lebia3
1144 5044 1254 5101 quo

208 5128 273 5177 10
312 5118 489 5177 multo
510 5114 681 5187 magis
698 5114 955 5173 hilarabis
972 5129 1140 5188 quam
1162 5114 1663 5189 myrrhinoass'uso.

1860 2294 2006 2374 (hoc
2046 2295 2289 2354 casaub.
2337 2291 2640 2368 correxit).
2671 2294 2739 2348 V.
2781 2291 2849 2349 13
2883 2289 3110 2360 ποιήσας
3147 2294 3420 2366 Meinek.‚

1856 2383 1994 2440 libri
2010 2383 2248 2453 ποιῆσαι,
2267 2383 2362 2439 CL
2376 2379 2595 2450 ποίησον
2617 2399 2750 2437 cum
2767 2381 3020 2439 Eustath.
3039 2381 3114 2437 ad
3123 2382 3191 2438 11.
3209 2401 3269 2456 p.
3291 2389 3424 2458 749,

1866 2492 1920 2543 1,
1973 2473 2076 2547 qui
2119 2467 2344 2530 κάθαλον
2387 2481 2685 2545 comparat
2721 2487 2851 2525 cum
2891 2465 3204 2527 ἁλίπαστον.
3249 2473 3315 2528 V.
3355 2470 3424 2527 15

1857 2559 2100 2618 casaub.
2119 2554 2412 2638 βλιχώδεις,
2422 2577 2594 2632 quam
2601 2555 2844 2613 sennam
2857 2559 2969 2612 Ero
2975 2558 3154 2613 tianus
3165 2558 3424 2634 explicat.

2619 2688 2654 2725 2

1939 2776 2027 2833 lb.
2049 2793 2112 2850 p.
2145 2773 2280 2848 133,
2309 2773 2356 2833 F
2373 2815 2390 2844 ,
2411 2773 2482 2829 de
2503 2773 2915 2843 condimentis,
2938 2772 3147 2846 quibus
3166 2774 3426 2830 ciborum

1860 2881 2034 2939 sapor
2061 2864 2287 2918 acuitur
2319 2858 2568 2941 εΔίφιλος
2587 2859 2633 2916 δ’
2653 2856 2688 2931 ἢ
2709 2857 2996 2923 Σώσιππος
3025 2855 3107 2939 (Ρ)
3139 2859 3193 2917 ἕν
3222 2858 3366 2932 Ἀπ.,

2055 3003 2139 3017 -
2169 2988 2228 3031 α.
2265 2950 2450 3027 Εστιν
2477 2952 2645 3026 ἔνδον
2673 2955 2806 3038 ὅξος
2837 2958 2938 3042 ὀξύ
2974 2982 3103 3044 σοι;
3279 2946 3286 2953 ’

2013 3070 2075 3152 β.
2135 3060 2562 3158 Ῡπολαμὸοίνω
2583 3114 2602 3147 ,
2635 3060 2666 3095 ⁴*
2695 3055 3051 3155 παιδάριον,
3080 3063 3229 3131 ὀπὸν
3271 3062 3428 3139 εἰλή-

3203 3194 3418 3261 φαμεν·

2009 3267 2237 3369 ipio-ra
2263 3277 2500 3353 τούτοις
2529 3275 2737 3342 πάντα
2762 3278 2996 3349 ποιήσω
3018 3274 3126 3339 καὶ
3150 3275 3372 3343 πυκναί·

2006 3381 2048 3477 ἦ
2077 3378 2308 3475 φυλλὰς
2333 3387 2376 3456 ἠ
2413 3375 2656 3473 δριμεῖα
2689 3380 3197 3473 περιοισθήσεται·

1915 3485 1955 3558 5
2008 3498 2131 3555 τῶν
2162 3482 2565 3580 πρεσὸυτέρων
2595 3484 2712 3581 γὰρ
2745 3498 2941 3553 ταῦτα
2982 3496 3104 3551 τῶν
3154 3478 3427 3577 ἡδυσμά-

2010 3595 2350 3685 ἀναστομοῖ
2370 3593 2644 3685 τάχιστα
2678 3592 3078 3683 τᾴσθητήρια,
3279 3586 3427 3685 [των

2007 3700 2078 3768 τό
2105 3725 2174 3766 τε
2199 3692 2550 3793 νωκαρῶδες
2569 3697 2671 3764 καὶ
2699 3692 3255 3790 κατημὸλυωμένον

2011 3798 2300 3873 ἐσκέδασε
2321 3854 2341 3891 ,
2372 3803 2696 3878 κάποίησεν
2715 3798 2907 3881 ἡδέως
2940 3810 3178 3896 φαγεῖν.

1812 3994 1823 4053 ι
1980 3987 2036 4042 b.
2066 3986 2306 4057 Eleguns
2335 3984 2680 4042 silurismus!
2720 3998 2771 4040 a.
2803 3984 2860 4040 Si
2891 3984 3184 4057 Byzantios
3199 4025 3215 4053 ,

1972 4070 2250 4129 absinthio
2271 4086 2468 4145 sparge
2492 4085 2861 4143 quaecumque
2887 4070 3117 4143 apponis
3137 4111 3154 4139 ‚

1967 4160 2108 4217 salsa
2135 4157 2344 4217 faciens
2369 4162 2556 4217 omnia
2580 4168 2639 4217 et
2667 4159 2846 4216 alliata
2876 4178 2889 4214 ι

1969 4260 2100 4302 nam
2125 4252 2345 4319 propter
2365 4246 2592 4320 piscium
2617 4244 2761 4318 apud
2791 4260 2884 4301 eos
2907 4244 3322 4301 multitudinem

1867 4342 1934 4393 15
1969 4350 2162 4392 omnes
2181 4332 2391 4393 sordidi
2411 4342 2544 4391 sunt
2569 4340 2626 4391 et
2651 4333 2862 4407 pituitae
2890 4331 3050 4403 pleni.

2623 4426 2677 4478 2.

2003 4538 2076 4552 --
2097 4522 2150 4565 a.
2179 4511 2268 4564 An
2289 4514 2504 4564 acetum
2527 4507 2680 4563 intus
2707 4505 2810 4563 tibi
2835 4512 2920 4561 est
2946 4507 3110 4561 acre?

1935 4595 1988 4650 b.
2020 4595 2251 4668 opinor,
2278 4609 2414 4668 puer
2439 4613 2452 4651 :
2485 4592 2674 4651 donun
2728 4592 3004 4665 potionem
3030 4590 3355 4664 accepimus.

1935 4682 2155 4755 Optima
2175 4681 2262 4736 his
2288 4679 2472 4736 omnia
2492 4677 2686 4735 faciam
2711 4686 2767 4735 et
2785 4679 3033 4752 copiosa;

1933 4754 2086 4826 v'elut
2106 4782 2294 4825 ramus
2315 4768 2464 4824 acuti
2491 4766 2674 4824 odoris
2701 4764 3118 4825 circumferetur
3146 4783 3159 4819 :

1865 4862 1899 4915 5
1937 4872 2066 4914 uam
2091 4856 2372 4913 seniorum
2391 4854 2510 4912 haec
2534 4853 2716 4913 dulcia

1937 4944 2222 5000 celerrime
2244 4941 2458 4999 irritant
2473 4956 2666 4999 seusus
2685 4982 2701 5005 ,

1939 5038 1997 5088 et
2014 5044 2181 5101 segne
2201 5035 2368 5101 atque
2395 5026 2655 5085 obtusum

1939 5115 2203 5188 dissipare
2227 5114 2404 5171 solent
2423 5115 2494 5171 ita
2517 5154 2529 5179 ,
2557 5122 2618 5171 ut
2647 5112 2880 5169 libenter
2900 5107 3211 5165 cornedant.
