3809 5850
1500 446 1791 523 ANTan
1799 443 2012 510 ANES.

290 576 449 651 ἡμεῖς
472 572 819 655 προστίθεμεν
836 575 1113 657 γυμνασίῳ
1132 576 1369 659 Βρομίου

208 661 474 741 κώρυκον,

112 808 233 864 uhi
260 808 583 866 cottabinm
603 821 971 886 comparatur
992 831 1123 869 cum
1143 808 1365 892 κωρύκῳ
1380 855 1397 885 ,
1417 812 1473 869 h.
1494 833 1549 873 e.
1574 834 1706 871 cum

112 896 265 953 folle
278 898 652 973 athletarum,
677 900 935 974 appetito
952 900 1213 957 manibus
1236 904 1708 974 concertantium,

111 986 229 1059 qui
262 986 341 1053 de
380 986 638 1043 lacunari
674 986 1059 1063 dependebat.
1088 988 1195 1046 Sed
1228 1000 1350 1046 tota
1389 988 1560 1062 hujus
1588 991 1712 1047 ludi

110 1074 276 1129 mtio
305 1075 445 1129 satis
480 1074 728 1131 obscura
766 1086 881 1151 est,
920 1098 947 1126 ι
983 1087 1095 1133 etc.
1125 1078 1177 1133 Ε
1214 1078 1304 1136 M.
1348 1080 1413 1134 V.
1453 1096 1586 1138 ann.
1636 1079 1711 1136 ad

112 1162 433 1239 Aristoph.
452 1158 661 1219 Pacem
685 1163 826 1231 34ι.
856 1190 880 1214 ι
899 1166 1079 1221 Versu
1098 1184 1133 1223 α
1158 1162 1218 1223 τὸ
1246 1162 1480 1243 λύχνιον.
1500 1168 1708 1226 Athen.

108 1266 181 1323 p.
217 1248 368 1320 666,
398 1250 447 1305 E
476 1264 493 1309 ε
532 1246 752 1307 ἐκάλουν
790 1248 847 1307 δὲ
884 1247 977 1308 καὶ
1012 1248 1305 1318 κατακτούς
1337 1274 1482 1319 τινας
1521 1252 1709 1311 κοττά-

110 1332 263 1401 ὅους.
296 1336 442 1413 (Ar.
473 1338 603 1394 Pac.
632 1357 659 1395 1
673 1336 783 1394 155
802 1382 823 1415 ,
846 1339 949 1395 nbi
974 1341 1035 1395 in
1054 1340 1276 1397 scholio
1297 1360 1408 1417 pro
1432 1338 1709 1401 κυδαλλο-

110 1422 287 1499 με’νην
302 1424 615 1501 legendum
634 1444 753 1483 esse
772 1425 999 1483 videtur
1015 1424 1482 1505 κα66αλλομίνην,
1509 1448 1709 1505 quem-

112 1514 453 1571 admodum
492 1512 816 1581 καὸὅαλικὸς
857 1534 969 1592 pro
1004 1514 1361 1583 καταὸαλικὸς
1394 1528 1455 1575 et
1505 1521 1711 1576 similia

110 1602 419 1660 dixerunt.
440 1603 650 1679 Both.)
682 1598 793 1660 ἔστι
815 1602 871 1660 δὲ
901 1601 1090 1681 λυχνία
1114 1601 1414 1682 ἀναγόμενα
1430 1647 1449 1677 ,
1470 1604 1630 1664 πάλιν
1652 1628 1709 1664 τε

110 1688 530 1767 συμπίπτοντα.
553 1692 892 1751 Ammonius
918 1694 1005 1753 De
1026 1692 1149 1755 diff.
1173 1692 1333 1754 verb.
1360 1713 1427 1773 p.
1457 1714 1535 1775 90
1562 1713 1580 1758 ι
1604 1696 1709 1757 λυ·-

108 1778 267 1857 χνίον
330 1777 431 1855 μὶν
488 1778 591 1859 γάρ
628 1780 769 1838 ἐστιν
810 1784 845 1851 ἡ
879 1779 1105 1861 λυχνία,
1148 1782 1219 1849 ὥς
1271 1780 1408 1843 Ἀντ.
1452 1782 1607 1863 φησὶν
1655 1785 1710 1842 ἐν

112 1864 438 1947 Ἀφροδίτης
487 1867 683 1946 γοναῖς.
708 1870 909 1929 Finem
939 1889 1000 1930 v.
1042 1889 1081 1929 a
1120 1882 1178 1927 et
1214 1890 1437 1929 versum
1480 1870 1515 1928 3
1560 1871 1710 1931 felici

108 1956 371 2015 audacia
392 1954 645 2019 Casaub.
671 1960 919 2015 restitnit
943 1976 1015 2015 ex
1045 1960 1318 2018 Athenaeo
1338 1978 1403 2035 p.
1430 1960 1571 2033 667,
1608 1963 1660 2018 D
1688 1980 1705 2023 ε

110 2044 193 2103 ὅτι
222 2044 285 2105 δὲ
316 2035 487 2105 ἆθλον
512 2044 793 2126 προῦκειτο
816 2047 892 2126 τῷ
916 2038 973 2104 εὖ
1008 2045 1283 2127 προεμένῳ
1316 2046 1405 2105 τὸν
1433 2045 1709 2124 κότταὸον,

110 2134 409 2213 προείρηκε
434 2131 533 2211 μὶν
562 2132 655 2192 καὶ
683 2136 713 2191 ὁ
734 2130 895 2195 'Ain-t:
920 2130 1003 2213 ᾧὰ
1021 2132 1125 2213 γάρ
1152 2136 1283 2208 ἐστι,
1309 2133 1402 2193 καὶ
1426 2134 1707 2212 πέμματα,

112 2224 205 2280 καὶ
228 2221 590 2303 τραγήματα.
618 2225 687 2280 In
710 2224 869 2280 libris
892 2225 1041 2281 enim
1072 2234 1207 2300 post
1226 2224 1346 2282 νοῦν
1368 2226 1463 2282 hle
1490 2236 1709 2284 tantum

112 2312 334 2389 legitur
378 2312 539 2370 πέντε
578 2309 897 2391 νικητήριον.
942 2312 1082 2390 (Pro
1126 2314 1373 2371 arbitrio
1414 2325 1606 2373 tamen
1654 2327 1713 2375 et

114 2404 311 2458 minus
330 2402 491 2459 bene
516 2402 637 2459 eas.
657 2397 749 2460 καὶ
769 2398 991 2477 πέμμα,
1017 2398 1109 2459 καὶ
1138 2399 1413 2481 τράγημα.
1440 2400 1650 2482 Both.)
1676 2429 1701 2456 n

116 2492 169 2545 E
196 2492 295 2545 M.
324 2492 517 2547 Versu
550 2496 587 2557 4
628 2490 767 2547 libri
806 2487 929 2567 περὶ
955 2490 1075 2561 τοῦ,
1110 2487 1337 2565 γελοῖον.
1385 2486 1709 2548 κοτταόιεῖτε

114 2574 231 2633 τίνα
253 2573 495 2655 ephrom
516 2594 642 2651 quae
663 2588 770 2648 est,
800 2576 961 2652 qnod
980 2578 1173 2650 aiunt,
1193 2595 1365 2635 arena
1380 2579 1503 2635 sine
1530 2579 1704 2636 calce.

114 2663 380 2722 Meinek.
430 2681 667 2738 quoque
693 2666 955 2741 ineptum
999 2682 1119 2721 oese
1163 2664 1339 2741 vidit,
1378 2666 1594 2739 quaeri,
1636 2664 1709 2723 de

118 2770 233 2827 qua
266 2770 343 2808 re
384 2753 777 2809 concertaturi
816 2753 959 2827 sint,
1003 2754 1252 2828 praemiis
1284 2753 1543 2809 victoriae
1584 2751 1707 2825 jam

118 2842 459 2899 nominatis.
500 2840 626 2899 Τῶν
660 2852 745 2899 est
786 2840 1005 2901 τούτων.
1051 2844 1121 2897 V.
1160 2840 1196 2899 5
1232 2842 1351 2899 καθ’
1382 2838 1525 2912 ὅσον,
1559 2842 1618 2899 h.
1651 2860 1704 2898 e.

118 2933 217 3002 ὥς,
252 2931 575 3007 quomode,
616 2927 753 3010 ὅσῳ,
776 2942 843 2987 ut
864 2931 1019 3007 apud
1041 2931 1217 3006 Soph.
1238 2932 1433 3008 Antig.
1468 2931 1565 3007 59,
1608 2930 1708 2987 ubi

116 3039 177 3082 τ.
216 3039 367 3082 ann.
404 3018 587 3096 Apud
621 3019 801 3080 schol.
836 3021 1076 3080 Luciani
1102 3020 1343 3097 Lexiph.
1379 3037 1435 3093 ο,
1461 3038 1523 3098 p.
1561 3018 1707 3094 325,

120 3113 215 3185 qui
233 3129 445 3168 versus
474 3107 625 3167 5-11
651 3109 816 3168 affert
832 3150 851 3181 ‚
872 3112 1081 3186 legitur
1112 3101 1257 3186 Ἐγὼ
1284 3106 1575 3177 ’πιδείξω
1591 3107 1707 3167 καθ’

120 3198 279 3258 αὑτὸν
300 3195 573 3256 κότταὸον
592 3195 735 3278 ἀφεὶς
756 3237 825 3259 ...
846 3196 1084 3269 ποιήσεις
1098 3219 1160 3254 π.
1184 3208 1296 3257 etc.
1310 3199 1522 3255 Athen.
1540 3199 1707 3255 etiam

130 3308 188 3344 11
208 3333 227 3360 ‚
258 3307 331 3364 p.
366 3288 513 3360 487,
534 3290 608 3360 D,
631 3283 738 3364 ἐγὼ
766 3283 1064 3354 ’πιδείξω
1089 3289 1205 3344 καθ’
1225 3283 1353 3346 ὃν...
1381 3291 1449 3344 V.
1478 3285 1515 3342 6
1533 3287 1710 3344 verba

125 3373 439 3452 πλάστιγγα
471 3369 672 3452 ποιήσῃ
718 3393 847 3434 πεσ.
886 3375 1042 3430 solus
1077 3375 1529 3440 servavitschol.
1562 3377 1706 3431 Luc.

128 3489 149 3512 ·
174 3467 244 3523 V.
306 3482 345 3534 7
389 3473 447 3520 et
491 3461 529 3518 8
581 3480 859 3538 personas
908 3461 1147 3518 distinxi
1200 3460 1401 3540 (tertia
1439 3463 1709 3521 immissa.

124 3548 361 3630 30:714:
378 3575 403 3602 υ
424 3549 605 3626 vulgo
630 3569 884 3627 personae
908 3551 943 3628 β
960 3551 1155 3607 omnia
1173 3551 1520 3607 tribuuntur.
1545 3547 1707 3627 Λέγει

124 3641 310 3699 schol.
332 3639 618 3710 Luciani3
640 3639 769 3698 Ath.
799 3635 995 3718 λέγεις,
1025 3664 1051 3690 ι
1076 3641 1128 3695 E
1149 3641 1242 3697 M.
1267 3642 1446 3697 Versu
1472 3639 1508 3695 8
1536 3641 1712 3716 vulgo

125 3725 181 3785 τὸ
222 3723 463 3806 μικρὸν,
503 3723 565 3784 τὸ
594 3747 735 3799 πιν.,
773 3729 825 3788 λ.
870 3729 967 3787 Ad
1015 3729 1173 3785 hunc
1214 3746 1443 3786 versum
1484 3730 1714 3803 respicit

126 3814 341 3874 Pollux
376 3833 485 3886 10,
521 3815 619 3884 84.
652 3819 721 3876 V.
770 3835 840 3873 10
874 3813 1033 3895 τύχῃ.
1076 3819 1291 3874 Praeter
1324 3817 1713 3874 necessitatem

128 3906 371 3963 Jacobs.
404 3899 560 3980 θίγῃ,
586 3905 659 3963 V.
693 3923 759 3960 ιι
821 3905 1031 3965 Athen.
1071 3925 1133 3963 ιι
1157 3947 1175 3978 ,
1205 3925 1270 3982 p.
1305 3905 1447 3976 487,
1472 3907 1527 3962 D
1568 3924 1583 3959 :
1611 3925 1713 3961 κα-

130 3993 297 4050 λεῖται
338 3989 399 4048 δὲ
428 3987 601 4066 μάνης
627 3987 719 4048 καὶ
743 3988 805 4048 τὸ
828 3989 917 4049 ἐπὶ
944 3995 1037 4050 τοῦ
1082 3991 1345 4050 κοττάὸου
1394 3990 1675 4070 ἐφεστηκὸς
1691 4034 1709 4064 ,

132 4079 209 4161 ἐφ’
232 4069 299 4140 οὗ
320 4077 421 4146 τὰς
456 4076 693 4156 λάταγας
718 4077 773 4136 ἔν
795 4077 985 4158 παιδιᾷ
1020 4077 1257 4156 ἔπεμπον
1276 4121 1294 4152 ,
1330 4079 1539 4137 deinde
1566 4081 1712 4138 affe-

128 4189 257 4226 rens
294 4185 501 4225 versus
528 4165 697 4224 5-13.
728 4171 795 4226 V.
838 4175 909 4234 ι4
946 4165 1123 4243 vulgo
1158 4163 1375 4240 λαόὼν,
1420 4167 1581 4242 quod
1612 4168 1713 4225 ab·

130 4258 333 4315 horret
354 4273 391 4312 a
429 4257 738 4328 sententia,
776 4256 1120 4330 videturque
1154 4273 1319 4313 error
1344 4255 1714 4313 librariorum

130 4347 221 4402 vel
262 4343 638 4420 typographi.
673 4345 822 4402 Ante
846 4345 1001 4400 hunc
1045 4361 1270 4401 versum
1300 4345 1492 4418 aliqua
1525 4344 1715 4400 omisit

132 4435 461 4506 Athenaeus,
500 4431 755 4489 indicans
793 4433 937 4509 ipse.
986 4433 1053 4490 V.
1092 4431 1161 4490 15
1200 4436 1478 4510 καρκινοῦν
1526 4455 1579 4489 τ.
1633 4431 1712 4502 8.,

132 4543 189 4579 ν.
226 4541 365 4578 ann.
394 4521 470 4579 ad
508 4522 724 4579 Cratini
761 4523 976 4578 Incert.
1006 4519 1099 4581 16.
1123 4523 1193 4582 V.
1232 4523 1305 4579 16
1333 4523 1467 4577 libri
1486 4531 1708 4578 tannim

758 4699 1085 4758 BAGCHAE.

140 4805 279 4876 Quia
296 4821 427 4864 vero
444 4805 552 4863 hoe
570 4805 641 4864 ita
666 4819 725 4863 se
742 4819 857 4862 non
878 4805 1076 4874 habet,
1102 4804 1439 4862 miserrimus
1460 4811 1541 4862 est
1554 4847 1573 4873 ,

144 4891 235 4962 qui
260 4907 487 4950 uxorem
510 4890 697 4959 ducit,
728 4902 1097 4966 praeterquam
1114 4890 1266 4965 apud
1284 4889 1517 4965 Scythas
1542 4910 1563 4946 t

146 4979 218 5034 ibi
240 4981 385 5037 enim
402 4979 787 5038 tantummodo
808 4996 923 5037 non
954 4980 1199 5053 gignitur
1223 4979 1366 5036 vitis.

750 5099 1079 5158 BOEOTIA.

218 5303 267 5344 a.
292 5290 365 5346 Et
386 5288 457 5346 de
478 5288 711 5362 opsonio
736 5207 958 5361 quideiti
978 5288 1062 5346 vel
1087 5287 1273 5346 dicere
1298 5287 1531 5346 stultum
1557 5297 1639 5346 est
1654 5329 1673 5353 ‚

3253 464 3368 515 35⁹

1809 599 1931 638 non
1953 581 2163 638 soloece
2189 568 2327 637 οἶνόν
2365 600 2423 636 τε
2453 577 2664 659 μικρόν.
2689 582 2834 643 cod.
2873 587 2918 641 B
2955 582 3162 663 ἐγχέας.
3194 589 3263 644 V.
3304 588 3380 643 ι8

1805 671 1938 749 ὑψοῦ
1977 689 2088 747 pro
2128 667 2287 750 ὕψους
2314 670 2522 728 coraes
2540 670 2700 747 apud
2735 672 3047 751 Schweigh.
3081 685 3139 730 et
3169 676 3374 732 Porso-

1804 776 1930 818 nus.

2317 868 2505 929 XXX.
2553 868 2872 931 BAKxAl.

1882 994 2093 1055 Athen.
2134 1012 2227 1065 10,
2256 1013 2316 1069 p.
2347 998 2483 1066 44ι,
2508 995 2560 1050 D
2590 1012 2604 1050 ε
2629 994 2765 1052 Άντ.
2787 990 3053 1073 Βάκχαις·

1902 1100 2054 1175 Ἐπεὶ
2097 1098 2168 1174 δὲ
2202 1103 2369 1175 τοῦτ’
2396 1111 2504 1175 οὐκ
2525 1107 2686 1187 ἔστι,
2709 1100 3102 1201 κακοδαίμων
3127 1093 3377 1202 σφόδρα,

1900 1215 2072 1293 ὅστις
2099 1221 2296 1309 γαμεῖ
2320 1219 2604 1306 γυναῖκα,
2635 1218 2799 1289 πλὴν
2827 1217 2886 1281 ἐν
2915 1222 3044 1294 τοῖς
3075 1214 3320 1292 Σκύθαις
3339 1240 3354 1256 ·

1901 1322 2033 1388 ἐκεῖ
2060 1320 2241 1413 μόνον
2259 1318 2374 1414 γὰρ
2407 1319 2544 1415 οὐχὶ
2581 1312 2756 1413 φύετ’
2791 1318 3082 1414 ἄμπελος.

1804 1450 1984 1505 Versu
2017 1468 2042 1505 1
2088 1446 2230 1507 τοῦτ’
2255 1448 2348 1506 οὔκ
2395 1444 2540 1524 ἔστι,
2591 1450 2841 1521 scilicet,
2875 1452 3141 1508 mulieres
3169 1472 3206 1509 a
3240 1454 3376 1510 vino

1804 1536 2110 1595 abstinere.
2149 1538 2217 1594 V.
2248 1543 2281 1605 4
2323 1532 2444 1615 οὐχὶ
2482 1554 2592 1612 pro
2620 1536 2678 1593 οὗ
2707 1539 2876 1594 metri
2909 1540 3087 1615 gratia
3111 1540 3280 1596 Mein.
3323 1551 3380 1597 et

1804 1626 1990 1687 Dobr.
2023 1625 2262 1685 Advers.
2300 1642 2360 1697 α,
2394 1644 2453 1701 Ρ.
2483 1626 2623 1695 327.
2664 1648 2690 1675 n
2725 1626 2898 1703 Apud
2931 1628 3166 1702 Scythas
3203 1629 3378 1683 vitem

1802 1732 1923 1771 non
1945 1715 2123 1791 gigni,
2143 1711 2388 1771 affirmat
2407 1715 2580 1772 etiam
2601 1715 2935 1773 Anacharsis
2961 1717 3199 1773 Aristot.
3223 1718 3376 1777 Ana-

1804 1802 1912 1877 lyt.
1957 1815 2171 1877 poster.
2211 1820 2260 1873 1,
2291 1820 2361 1859 ιιι
2392 1822 2406 1857 :
2437 1798 2518 1859 ὅτι
2551 1800 2606 1858 ἕν
2640 1798 2868 1869 Σκύθαις
2893 1802 2990 1861 οὐκ
3035 1800 3164 1861 εἷσὶν
3204 1802 3376 1873 αὔλη-

1804 1887 1973 1971 τρίδες
1989 1910 2003 1927 ·
2024 1885 2142 1950 οὐδὲ
2165 1888 2268 1969 γὰρ
2295 1886 2547 1968 ἄμπελοι.
2569 1890 2656 1949 Cf.
2681 1892 2977 1969 Wyttenb.
3004 1892 3078 1951 ad
3091 1891 3381 1951 Plutarchi

1804 1982 1982 2039 Conv.
2005 1998 2127 2057 sap.
2154 1999 2219 2056 p.
2259 1978 2392 2052 150,
2413 1984 2488 2040 D.
2517 2006 2543 2033 ιι
2572 1982 2752 2039 Mein.

2267 2120 2484 2181 xxxl.
2531 2119 2910 2181 ΒΑΤΑΛΟΣ.

1884 2247 2027 2306 Vide
2053 2250 2246 2307 locum
2273 2246 2568 2307 Plutarchi
2599 2249 2660 2304 in
2698 2247 3126 2324 prolegomenis
3146 2244 3223 2303 ad
3261 2244 3380 2305 At»-

1804 2333 1994 2408 λητήν.

2297 2446 2486 2508 XXX.
2531 2446 2871 2507 Bom'rlA.
2903 2464 2908 2471 ·

1880 2560 2101 2619 Titulus
2116 2579 2320 2637 parum
2341 2560 2652 2637 explicatus
2667 2603 2684 2636 ,
2705 2578 2812 2615 nec
2831 2558 3166 2619 verisimilis.
3187 2558 3382 2615 Malim

1804 2647 2023 2708 Βοιωτοί
2047 2669 2062 2709 :
2085 2650 2150 2707 id
2175 2652 2329 2707 enim
2355 2650 2507 2715 forte
2527 2650 2831 2725 scriptum,
2848 2668 2898 2705 οι
2916 2659 2976 2705 et
2994 2669 3029 2703 α
3052 2648 3380 2724 permixtis,

1804 2736 2013 2796 Βοιωτα
2057 2736 2224 2794 facile
2253 2736 2602 2813 degenerare
2628 2737 2822 2811 potuit
2857 2736 2920 2791 in
2947 2735 3196 2793 Βοιωτια.
3240 2736 3382 2792 Plu-

1802 2826 2032 2882 tarchus
2057 2827 2144 2883 De
2162 2842 2264 2883 esu
2291 2844 2448 2885 carn.
2479 2845 2540 2901 p.
2569 2823 2711 2902 995,
2734 2826 2820 2883 E:
2854 2820 2973 2888 τοὺς
2994 2820 3096 2903 γὰρ
3121 2821 3382 2889 Βοιωτοὺς

1803 2916 1946 2989 ἡμᾶς
1975 2914 2026 2972 οῖ
2059 2911 2286 2973 Ἀττικοὶ
2313 2910 2406 2971 καὶ
2429 2918 2621 2991 παχεῖς
2651 2910 2741 2972 καὶ
2783 2908 3124 2984 ἀναισθήτως
3149 2909 3240 2970 καὶ
3267 2911 3383 2983 ἠλι-

1803 3001 1940 3068 θίους
1960 3001 2192 3078 μάλιστα
2221 2999 2309 3059 διὰ
2340 2998 2436 3068 τὰς
2463 3000 2758 3080 ἀδηφαγίας
2794 3001 2897 3079 (eo
2931 3012 3189 3077 spectare
3225 3001 3386 3057 dicas

1808 3086 1867 3147 τὸ
1913 3087 2214 3161 ἀπλήστους
2247 3090 2565 3167 fragmento
2622 3089 2708 3166 1),
2754 3099 2813 3145 et
2851 3088 3008 3163 quod
3055 3089 3150 3146 ille
3196 3091 3384 3164 parcit

1804 3179 1982 3235 verba
2015 3177 2198 3236 facere
2229 3175 2349 3257 περὶ
2372 3173 2502 3254 ὄψου
2524 3175 2542 3256 )
2564 3174 2978 3255 προσηγόρευον.

1752 3453 1759 3476 .
1883 3413 2092 3472 Athen.
2123 3411 2180 3482 3,
2219 3430 2282 3487 Ρ.
2319 3409 2429 3487 84,
2458 3416 2542 3488 Α,
2595 3411 2670 3468 de
2709 3413 2876 3471 malis
2921 3413 3112 3469 citreis
3151 3429 3164 3467 :
3209 3405 3292 3468 δτι
3335 3409 3386 3467 δ’

1752 3477 1761 3552 l
1805 3498 1964 3565 ὄντως
1998 3499 2058 3557 ἐκ
2084 3499 2178 3570 τῆς
2201 3497 2313 3556 ἅνω
2339 3496 2518 3580 χώρας
2543 3495 2742 3571 ἐκείνης
2767 3499 3053 3578 (Persiam
3079 3495 3258 3576 dicit)
3283 3521 3381 3555 κα-

1752 3555 1762 3694 !
1804 3586 1936 3661 τέὸη
1957 3587 2030 3656 εἷς
2058 3585 2176 3655 τοὺς
2200 3585 2473 3658 Ἕλληνας
2509 3587 2572 3647 τὸ
2598 3586 2756 3669 φυτὸν
2796 3591 2983 3658 τοῦτο,
3033 3585 3172 3646 ἔστιν
3214 3586 3382 3665 εὑρεῖν

1805 3677 1899 3737 καὶ
1915 3676 2063 3759 παρὰ
2090 3677 2196 3744 τοῖς
2220 3679 2314 3748 τῆς
2341 3675 2620 3756 κωμῳδίας
2643 3681 2912 3749 ποιηταῖς,
2931 3672 2982 3734 οἳ
2999 3673 3091 3733 καὶ
3122 3671 3246 3754 περὶ
3275 3698 3380 3751 με-

1808 3764 1990 3844 γέθους
2032 3765 2204 3823 αὐτῶν
2253 3786 2306 3822 τι
2350 3763 2588 3842 λέγοντες
2631 3763 2736 3822 τῶν
2783 3760 2998 3841 κιτρίων
3041 3759 3380 3838 μνημονεύειν

1806 3852 2098 3934 φαίνονται.
2129 3849 2271 3914 Ἀντ.
2305 3849 2399 3928 μὲν
2425 3852 2478 3909 ἐν
2501 3849 2732 3929 Βοιωτία

1903 4015 1962 4055 α.
1995 3985 2118 4056 Καὶ
2141 3987 2276 4083 περὶ
2295 3989 2402 4079 μὲν
2429 3984 2578 4076 ὄψου
2605 3993 2665 4080 γ’
2691 3985 2926 4060 ἠλίθιον
2941 3986 3012 4052 τὸ
3033 3984 3136 4051 καὶ
3155 3989 3380 4078 λέγειν,

1903 4097 2102 4186 ὥσπερ
2126 4095 2274 4186 πρὸς
2297 4093 2641 4169 ἀπλήστους
2660 4115 2674 4132 ·
2703 4089 2869 4158 ἀλλὰ
2886 4089 3064 4157 ταυτὶ
3081 4085 3381 4182 λάμὸανε,

1902 4199 2175 4291 παρθένε,
2192 4197 2275 4265 τὰ
2297 4205 2488 4292 μῆλα.
2519 4201 2578 4283 β.
2607 4197 2796 4264 Kaloi
2815 4222 2908 4290 γε.
2935 4223 2996 4263 α.
3018 4194 3199 4263 Καλὰ
3221 4188 3382 4280 δῆτ’,

3126 4297 3175 4366 ὦ
3215 4302 3339 4368 θεοί
3361 4297 3376 4368 ἱ

1904 4411 2124 4477 νεωστὶ
2151 4409 2264 4504 γὰρ
2293 4411 2366 4476 τὸ
2400 4411 2638 4502 σπέρμα
2660 4415 2825 4475 τοῦτ’
2857 4408 3181 4501 ἀφιγμένον

1810 4511 1857 4584 5
1904 4516 1986 4594 εἰς
2018 4513 2133 4592 τὰς4
2157 4511 2391 4594 Αθήνας
2423 4513 2552 4582 ἐστὶ
2578 4513 2740 4609 παρὰ
2770 4525 2878 4581 τοῦ
2913 4517 3230 4600 βασιλέως.

1877 4723 2148 4788 tanquam
2165 4713 2314 4787 apud
2337 4713 2668 4771 insatiabiles
2692 4731 2708 4768 ι
2728 4711 2826 4768 sed
2847 4710 2968 4768 hoec
2995 4723 3128 4782 cape
3146 4750 3171 4778 ,

1878 4803 2031 4876 virgo
2049 4843 2066 4872 ‚
2095 4801 2256 4860 mala.
2289 4801 2344 4858 b.
2372 4800 2608 4859 Pulchra
2631 4798 2874 4873 quidem.
2898 4813 2950 4854 a.
2989 4795 3226 4854 Pulchra
3254 4809 3386 4850 sane

3079 4885 3098 4950 [
3107 4898 3203 4956 per
3219 4880 3350 4937 deos
3367 4883 3382 4934 2

1878 4991 2058 5048 nuper
2079 4975 2227 5033 enim
2256 4975 2362 5032 hoc
2379 4989 2570 5032 semen
2596 4974 2745 5031 venit

1810 5069 1845 5120 6
1881 5061 2123 5119 Athenas
2143 5061 2214 5117 ab
2235 5077 2363 5134 rege
2387 5061 2633 5119 missum.

1882 5149 1937 5205 b.
1969 5147 2057 5206 Ab
2080 5149 2476 5223 Hesperidibus
2491 5190 2507 5217 ‚
2536 5147 2815 5220 putabam.
2838 5149 2898 5203 C.
2927 5148 3028 5203 Per
3048 5139 3388 5209 Luciferam,

1884 5251 2048 5294 aurea
2067 5235 2188 5296 haec
2211 5251 2330 5294 esse
2361 5237 2502 5294 mala
2525 5234 2717 5293 credit.
2738 5235 2790 5292 b.
2819 5235 2960 5292 Tria
