3809 5850
1519 509 1920 572 EPHIPPUS.

839 645 904 704 L.

639 773 1095 841 EPHIPPUS.

218 945 236 968 a
269 919 563 992 Ephippus,
599 916 774 974 Suida
825 927 1101 984 testante,
1147 915 1495 972 Atheniensis
1553 915 1660 971 suit

161 1019 198 1060 et
215 1006 376 1060 metliae
393 1016 558 1078 poeta
581 1003 914 1077 comoediae;
937 1003 1098 1076 quod
1116 1043 1135 1073 ,
1157 1001 1557 1058 confirmatum
1586 1003 1658 1057 ab

161 1093 380 1148 Antiocho
405 1093 788 1150 Alexandrino
819 1109 915 1166 ap.
945 1092 1154 1148 Athen.
1195 1111 1218 1146 1
1239 1111 1287 1160 1,
1309 1111 1370 1166 p.
1403 1091 1539 1159 482,
1576 1090 1656 1164 C,

163 1183 284 1234 etiam
319 1181 414 1234 alia
443 1180 730 1250 indicant,
762 1181 920 1234 velut
957 1179 1132 1234 derisi
1167 1178 1498 1235 Academici
1527 1197 1658 1234 cum

107 1318 109 1320 .
162 1271 248 1340 ipso
267 1270 466 1324 Platone
491 1287 585 1342 ap.
611 1269 746 1331 Ath.
772 1268 854 1325 ib.
880 1287 942 1342 p.
969 1265 1112 1341 509,
1139 1268 1211 1334 C,
1239 1266 1318 1336 D,
1345 1278 1400 1322 et
1421 1267 1660 1326 Alexan-

160 1355 220 1407 ‹lri
245 1357 418 1410 Pheraei
443 1354 604 1430 (Ath.
638 1355 696 1424 3,
733 1375 798 1430 p.
840 1373 973 1422 112,
1007 1356 1052 1410 F
1089 1359 1145 1422 ),
1190 1354 1452 1428 Dionysii
1479 1353 1657 1425 majo-

161 1444 232 1510 ris,
277 1444 490 1516 cotyos,
521 1443 836 1499 -Theodori
852 1483 870 1511 ,
936 1443 1294 1515 aliorumque
1359 1443 1658 1517 aequalium

162 1531 170 1579 ι’
185 1530 275 1582 Aila.
305 1549 382 1596 11,
417 1549 474 1604 p.
512 1529 656 1602 482,
697 1527 782 1606 D)
839 1530 1333 1588 commemoratio.
1379 1529 1492 1586 Sed
1528 1547 1658 1584 car-

161 1617 263 1668 mina
283 1617 500 1690 elegiaca
514 1635 631 1672 non
651 1618 916 1692 scripsit,
937 1636 1006 1672 ne
1020 1618 1148 1691 quis
1170 1618 1468 1672 Eustathio
1488 1615 1660 1672 fidem

163 1703 330 1769 habeat,
361 1704 560 1760 dicenti
603 1704 682 1760 ad
727 1705 888 1762 Iliad.
925 1723 1036 1779 ιι,
1087 1705 1223 1780 697,
1261 1724 1322 1780 p.
1353 1704 1496 1780 879,
1538 1705 1654 1762 38.

163 1779 310 1864 apid*
333 1789 636 1867 (Ἠλείων),
655 1789 742 1849 ὅτι
765 1789 856 1850 καὶ
879 1789 1121 1866 μέθυσοι,
1145 1791 1236 1850 καὶ
1255 1794 1476 1872 ψεῦσται
1497 1783 1656 1864 ἦσαν,

165 1877 266 1944 δηλοῖ
287 1882 312 1935 ὁ
331 1877 546 1955 κωμικὸς
561 1877 836 1958 Ἔφιππος
853 1919 872 1952 ,
898 1877 1059 1938 εἰπὼν

219 1977 340 2055 Ἦλις
362 1991 446 2048 καὶ
471 1989 647 2066 μεθύει
660 2037 678 2064 ,
703 1991 794 2049 καὶ
821 1988 1068 2071 ψεύδεται
1081 2008 1098 2024 ·
1124 1981 1224 2056 οἶος
1255 1989 1478 2048 ἑκάστου

271 2075 466 2144 oinium:
483 2121 502 2153 ‚
522 2077 638 2150 τοίη
669 2077 766 2136 καὶ
797 2078 1080 2138 συνάπασα
1109 2077 1276 2144 πόλις.

167 2187 300 2247 (Libri
321 2207 469 2244 versu
496 2190 856 2248 claudicante
885 2179 1054 2260 οἶκος,
1091 2209 1216 2265 quae
1247 2191 1340 2246 vel
1373 2201 1455 2244 est
1479 2191 1659 2245 inter-

167 2279 344 2346 pretatio
381 2278 624 2336 lectioris
655 2272 852 2350 uocis,
893 2281 986 2335 vel
1021 2279 1170 2334 sorte
1212 2279 1478 2334 omissum
1522 2298 1660 2342 ·κις-

165 2375 253 2418 ante
274 2385 366 2428 ·κος
403 2367 592 2423 simile.
629 2369 974 2424 Ammonius
1020 2385 1034 2424 :
1068 2364 1343 2437 Οἷιιίσκος,
1369 2364 1429 2422 τὸ
1473 2363 1659 2444 μικρὸν

169 2449 359 2522 δωμάτιον
387 2475 399 2508 :
430 2457 716 2529 aptissime
747 2455 890 2511 illud
929 2457 1258 2530 oppositum
1283 2455 1349 2531 τῇ
1379 2451 1659 2529 συναπάσῃ

114 2531 123 2613 ⁸.
167 2535 282 2594 πόλει.
307 2540 450 2599 Both.
475 2543 694 2618 >Atqui
719 2545 832 2599 hoc
857 2561 976 2598 non
1011 2543 1294 2617 Ephippi,
1329 2541 1430 2598 sed
1457 2543 1661 2598 incerti

115 2620 123 2651 ¹
168 2627 896 2707 scriptorisesseepigramma,
915 2630 1302 2688 docetAthen.
1327 2647 1396 2686 10
1400 2647 1493 2704 ‚.p
1516 2636 1656 2706 44²,

113 2699 123 2745 ⁸
169 2713 222 2778 D,
264 2719 374 2786 qui,
415 2719 647 2776 laudatis
703 2721 923 2794 aliquot
985 2720 1240 2776 versibus
1285 2737 1354 2775 ex
1401 2719 1658 2774 Busiride

115 2789 376 2879 Ephippi,
401 2808 482 2862 sio
499 2811 739 2884 pergit:
774 2805 1034 2882 Πολέμων
1078 2804 1163 2877 δὲ,
1195 2807 1248 2864 ἐν
1287 2809 1362 2886 τῷ
1392 2805 1525 2884 Περὶ
1553 2807 1656 2863 τῶν

171 2883 260 2942 ²²12
283 2889 431 2959 πόλεις
472 2893 894 3006 ἐπιγραμμάτων
937 2892 1056 2975 περὶ
1088 2893 1333 2968 Ἠλείων,
1365 2893 1659 2972 παρατίθε-

171 2974 332 3033 τιιιόδε
362 2976 414 3036 τὸ
443 2980 790 3061 ἐπίγραμμα,
819 2972 980 3048 ’Ἦλις
1013 2994 1150 3053 etc„
1185 3002 1255 3041 ex
1293 3002 1410 3086 quo
1447 2986 1657 3039 erroris

173 3064 280 3136 origo
302 3071 412 3123 satis
434 3074 797 3146 perspicitui.
829 3074 958 3128 »E
981 3074 1195 3144 Mein„
1229 3072 1328 3147 qui
1371 3070 1442 3127 de
1485 3072 1658 3127 titulis

173 3156 471 3225 superstitibus
491 3160 744 3238 disputat
767 3164 912 3220 nist.
943 3164 1068 3221 crit.
1089 3164 1249 3220 Com.
1269 3182 1332 3237 p.
1359 3160 1468 3218 351
1495 3179 1654 3234 seqq.

639 3348 692 3405 1.
737 3346 1095 3407 ΑΡΤΕΜΙΣ.

228 3516 244 3540 ⁸
269 3498 371 3554 Hoc
397 3502 554 3560 titulo
580 3508 652 3560 ali
681 3505 924 3561 Dianam
953 3504 1292 3560 intellexerit
1331 3504 1622 3579 Ephippus
1640 3545 1655 3574 ,

170 3596 379 3644 incertum
401 3604 500 3663 est,
529 3593 816 3668 siquidem
843 3594 1089 3651 Artemis
1125 3595 1294 3651 etiam
1325 3594 1532 3651 mulier
1551 3612 1657 3649 no-

115 3664 117 3694 *
171 3672 352 3731 minatur
372 3636 510 3753 apud
539 3686 857 3759 Diogenem
893 3685 1082 3741 Laert.
1117 3680 1174 3752 3,
1207 3689 1303 3747 42.
1342 3684 1452 3737 »E
1489 3683 1575 3742 M.

223 3764 386 3824 Athen.
415 3768 443 3823 3
450 3790 544 3845 ‚.p
579 3791 718 3840 112,
748 3774 838 3829 F.
861 3772 966 3827 τῶν
994 3767 1050 3827 δὲ
1073 3766 1414 3829 κολλιιιιίιιινἸ
1379 3792 1549 3848 αρτ-ων
1582 3769 1659 3846 (οἵ

173 3846 216 3899 αὖ
219 3848 338 3908 ὀἶδ’
369 3856 458 3913 εἰσὶ
495 3862 598 3925 τοῖς
641 3856 960 3935 κολλᾶὅοις)
1000 3854 1268 3939 Ἔφιππος
1313 3858 1367 3915 ἐν
1397 3855 1708 3964 Ἀρτέμιδι

173 3940 412 4009 μνημονεύει
435 3943 615 4013 οὕτως·

240 4060 360 4154 Hap’
391 4063 760 4160 Ᾱλεξοίνδρου
787 4062 855 4137 δὲ
881 4071 1098 4139 κόλικα
1126 4074 1326 4163 φαγὼν
1375 4056 1384 4065 ’

242 4168 292 4229 ἐκ
312 4174 622 4252 Θετταλίας
653 4172 1005 4268 κρίὸανοςν
961 4203 1188 4269 αρτων.

176 4294 443 4358 lnconcinne
463 4316 516 4360 et
532 4308 801 4365 mendose
823 4310 956 4364 libri
987 4309 1128 4382 Παρ’
1141 4306 1250 4365 m.
1277 4306 1322 4363 δ’
1345 4304 1496 4364 ine.
1517 4302 1663 4383 Ιιιόλ-

177 4394 327 4461 Aua.
355 4410 431 4461 κρ.
461 4390 512 4448 ἄ.
539 4398 832 4472 Aristoph.
859 4400 1008 4455 Ran.
1041 4395 1203 4467 537:

230 4493 308 4567 ἐγω
295 4498 438 4555 )“δὲ
396 4524 474 4557 τον
499 4502 768 4584 λάρυγγ’*
740 4530 803 4565 αν
831 4504 1106 4583 ἐκτέμοιμί
1134 4529 1258 4576 σου,

229 4580 436 4657 δρέπανον
458 4591 690 4667 maeoseu
717 4584 762 4675 ᾧ
781 4618 898 4661 τους
925 4594 1138 4661 κόλικας
1157 4594 1408 4659 ἔσπασας.

179 4693 240 4745 ‘uc
253 4713 276 4747 e
279 4699 374 4753 ιιίιιι
387 4702 671 4777 legendum
696 4720 800 4777 est,
819 4708 1106 4795 producta
1127 4707 1318 4763 media
1339 4709 1494 4763 vocis
1515 4703 1659 4763 κόλι-

179 4800 276 4839 m<
295 4790 852 4873 ν.Νἰ(·ορ1η·.Χειρογ.
889 4816 947 4865 2,
976 4798 1075 4851 ubi
1101 4794 1274 4871 vulgo
1294 4792 1538 4858 κόλλικας
1553 4813 1662 4867 pto

181 4884 216 4914 ¹
207 4865 334 4936 λῖκᾶς
357 4881 522 4949 prima
547 4896 834 4957 correpta.
881 4884 1338 4941 «Alexandrum
1375 4884 1662 4938 Pheraeum

703 5085 1041 5140 ARTEMls.

197 5187 298 5250 &pud
327 5194 660 5257 Alexandrum
681 5220 806 5259 vero
825 5220 964 5277 pane
981 5202 1327 5263 succinet-itio
1351 5216 1567 5259 comeso

187 5272 442 5337 Thessalia
447 5283 550 5354 sm
553 5306 651 5343 nus
672 5308 901 5361 panum.

3202 523 3317 576 ⁴89

1751 655 1904 700 recte
1945 640 2210 719 intelligit
2240 644 2477 700 Casauh.
2518 667 2543 694 n
2596 645 2647 698 E
2677 645 2764 699 M.
2810 669 2831 692 ι
2864 647 3079 714 Homo,
3104 649 3171 700 de
3204 664 3321 718 quo

1753 733 1956 806 agitur,
1986 730 2227 809 κρίὸανος
2255 729 2427 808 ἄρτων
2452 742 2690 787 vocatus
2716 749 2831 787 esse
2860 730 3110 802 videtur,
3161 734 3323 806 quod

1753 817 2237 894 umquamfurnus
2244 820 2523 894 plurimos
2532 836 2707 893 panes
2720 818 3044 894 deglutiret.
3055 844 3081 868 ι
3094 819 3321 878 Jacobs.

2286 928 2361 985 ll.
2408 926 2784 986 ΒΟΥΣΙΡΙΣ.

1837 1109 1862 1136 α
1903 1086 2175 1144 Busiridis
2201 1085 2475 1156 fabulam,
2494 1097 2562 1141 ut
2578 1086 2651 1142 de
2668 1088 3039 1162 Tragicorum
3058 1090 3325 1163 operibus

1751 1177 2007 1250 satyricis
2053 1187 2303 1246 taceam,
2342 1175 2715 1248 largissimam
2750 1176 2995 1231 Comicis
3032 1179 3324 1233 materiem

1750 1265 2055 1341 praebuisse
2110 1263 2323 1318 docent
2370 1263 2770 1338 Epicharmus,
2818 1265 3115 1335 Cratinus,
3162 1270 3324 1322 Anti-

1751 1354 1994 1428 phanes,
2026 1350 2463 1420 Mnesimachus,
2503 1369 2747 1424 quorum
2779 1355 3034 1408 omnium
3074 1373 3325 1412 comme-

1751 1450 2057 1496 morantur.
2082 1439 2285 1494 sabulae
2312 1437 2583 1494 Busiridis
2624 1441 2852 1495 nomine
2889 1443 3189 1517 inscriptae.
3232 1444 3326 1499 Ad

1752 1530 1955 1585 harum
1992 1545 2162 1584 unam
2188 1527 2468 1600 respicere
2491 1525 2715 1581 videtur
2742 1529 2851 1583 Dio
2894 1529 3325 1602 Chrysostomus

1754 1619 1855 1676 Or.
1897 1617 1955 1687 8,
1990 1637 2054 1692 p.
2088 1615 2246 1673 286.
2273 1611 2359 1670 τὸν
2393 1611 2447 1670 δὲ
2484 1609 2729 1692 Βούσιριν
2762 1611 2923 1692 εὸρων
2978 1617 3319 1693 (Hercules)

1754 1703 1892 1759 πάνυ
1922 1700 2226 1777 ἐπιμελῶς*
2252 1702 2505 1757 α’θλουντα
2536 1699 2628 1758 καὶ
2651 1701 2715 1758 δι’
2746 1699 2871 1772 ὅλης
2895 1701 3097 1782 ἡμέρας
3125 1704 3325 1763 ἐσθίον-

1875 1757 2204 1900 ..διέρρηξεν
2243 1787 2331 1845 ἐπι
2358 1790 2455 1864 γῆν
2494 1785 2811 1846 καταόαλὼν
2824 1787 3049 1869 ,ὥσπερ
3084 1791 3202 1856 τους
3230 1797 3323 1849 θυ-

1755 1877 1945 1942 λάκους
1966 1876 2083 1944 τους
2110 1877 2309 1957 σφόδρα
2338 1876 2665 1953 γέμοντας.
2642 1879 2738 1932 »E
2762 1881 2852 1936 M.
2884 1881 2952 1934 In
2978 1881 3067 1934 his
3086 1881 3325 1937 verbum

1755 1968 2009 2024 ἀθλοῦντα
2038 1967 2409 2042 depravatum
2450 1964 2562 2022 ess‘e
2608 1976 2846 2041 apparet
2894 1985 2909 2025 :
2951 1987 3135 2042 neque
3174 1971 3324 2026 enim

1753 2054 1826 2112 de
1861 2053 2135 2112 Busiridis
2172 2051 2342 2117 ἄθλοις
2386 2055 2699 2127 quidquam
2737 2055 2987 2111 innotuit
3028 2056 3113 2133 (v.
3146 2061 3323 2133 Apol·

1753 2142 1945 2212 lod-ori
1975 2145 2225 2216 interpp.
2260 2160 2315 2210 ιι,
2344 2139 2399 2216 5,
2438 2160 2458 2195 1
2478 2139 2571 2218 1),
2591 2149 2648 2196 et
2670 2141 2943 2198 abhorret
2970 2143 3141 2198 ἀθλεῖν
3160 2163 3192 2200 a
3217 2165 3324 2202 νο-

1755 2231 2013 2300 racitate,
2044 2228 2118 2284 ad
2142 2247 2312 2302 quam
2340 2228 2584 2302 quadrat
2610 2226 2671 2285 τὸ
2712 2226 2901 2285 ἐσθίειν
2934 2229 3001 2286 δι’
3028 2227 3152 2299 ὅλης
3186 2232 3325 2307 ἡμέ-

1755 2339 1865 2396 ρας.
1889 2319 2069 2393 Igitur
2078 2317 2212 2372 huic
2222 2317 2401 2372 simile
2417 2318 2903 2392 aliquodverhum
2915 2319 3325 2376 restituendum

1753 2418 1871 2478 est,
1901 2425 2090 2480 neque
2118 2406 2323 2462 dubito
2352 2407 2491 2480 quin
2517 2409 2627 2462 Dio
2666 2405 2874 2462 dixerit
2899 2405 3039 2462 πάνυ
3066 2407 3326 2482 ἐπιμελῶς

1753 2493 2007 2549 ἀλδοῦντα
2028 2533 2045 2564 ,
2072 2496 2143 2556 ὡς
2172 2491 2237 2548 δι’
2276 2487 2401 2562 ὅλης
2428 2493 2526 2566 ἡμ.
2553 2489 2807 2564 ἐσθίοντα,
2833 2493 2897 2552 h.
2930 2512 2978 2550 e.
3018 2503 3327 2552 accuratis-

1749 2588 1890 2636 sime
1936 2587 2201 2637 nutritum
2212 2622 2227 2648 ‚
2302 2585 2507 2657 quippe
2566 2583 2943 2637 comedentem
2999 2603 3109 2656 per
3158 2597 3326 2640 totum

1750 2671 1916 2724 diem.
1947 2664 2223 2726 Ἀλδοῧντα
2251 2669 2399 2724 valet
2430 2665 2777 2743 ἇλδούμενον,
2808 2687 2915 2726 usu
2955 2689 3074 2726 non
3102 2673 3327 2728 insolito

1750 2758 1909 2815 verbi
1952 2757 2127 2812 activi
2160 2774 2266 2830 pro
2314 2755 2538 2831 passivo
2574 2757 2666 2812 vel
2703 2757 2920 2812 medio.
2963 2759 3224 2814 Ceterum
3256 2778 3328 2814 ne

1751 2861 2019 2902 voracem
2045 2843 2279 2916 quidem
2302 2845 2391 2898 vel
2418 2844 2681 2918 gulosum
2718 2845 2812 2900 alii
2843 2844 3173 2901 describunt
3204 2849 3327 2902 Bu-

1749 2934 2003 3008 siride1n3
2034 2932 2135 2988 sed
2188 2943 2622 2988 consentaneum
2665 2944 2775 3003 est,
2803 2936 3047 2989 Dionem
3080 2935 3327 3008 Chryso-
3348 2957 3369 2978 ⁰

1749 3032 1997 3078 stomum
2024 3032 2156 3076 ante
2182 3022 2379 3075 oculos
2404 3020 2667 3075 habuisse
2692 3020 2965 3094 quosdam
2988 3019 3291 3095 scriptores
3307 3066 3323 3091 ,

1752 3111 1852 3185 qui
1876 3110 1937 3165 id
1956 3108 2247 3165 referrent.
2280 3104 2388 3165 Καὶ
2412 3120 2469 3162 ct
2486 3108 2555 3171 ὡς
2577 3108 2818 3163 subinde
2843 3121 3184 3165 commutata
3209 3129 3325 3165 esse

1751 3216 1786 3253 a
1812 3198 2057 3253 librariis
2073 3238 2089 3265 ,
2120 3214 2291 3252 nemo
2319 3196 2520 3253 nescit.

1827 3285 2037 3341 Athen.
2073 3302 2167 3355 10,
2189 3303 2251 3358 p.
2284 3290 2396 3348 4102
2417 3321 2435 3352 ‚
2468 3286 2521 3338 D
2556 3302 2569 3337 t
2600 3282 2973 3359 κωμῳδοῦνται
2995 3282 3049 3339 δὲ
3070 3284 3140 3349 ὡς
3171 3282 3326 3357 μέθυ-

1753 3394 1834 3430 σοι
1861 3370 2080 3448 'Ap-feto:
2106 3368 2201 3444 μὲν
2230 3368 2321 3427 καὶ
2353 3368 2615 3447 Τιρύνθιοι
2640 3370 2742 3427 ὑπὸ
2769 3368 3040 3449 Ἐφίππου
3060 3372 3114 3427 ἐν
3148 3373 3327 3431 Rouci-

1753 3460 1874 3538 ριδι·
1910 3459 2051 3517 ποιεῖ
2073 3456 2128 3516 δὲ
2149 3456 2238 3514 τὸν
2266 3454 2535 3535 Ἡρακλέα
2556 3454 2774 3535 λέγοντα

1851 3596 1981 3660 Οὐκ
2012 3586 2185 3657 οἷσθοί
2218 3597 2281 3681 μ’
2318 3590 2501 3672 ὄντα,
2538 3592 2681 3685 πρὸς
2710 3590 2883 3673 Θεῶν,
2907 3590 3213 3681 Τιρύνθιον

1857 3694 2120 3791 Αργεῒον,
2158 3692 2217 3762 οἳ
2252 3696 2559 3788 μεθύοντες
2583 3692 2737 3789 (ἂν)
2766 3695 2861 3761 ἀεὶ
2882 3691 2993 3772 τὰς
3027 3696 3227 3788 μάχας

1850 3806 2045 3883 πάσας
2078 3802 2417 3897 μάχονται;
2449 3806 2507 3887 β.
2538 3803 2865 3895 Τοιγαροῦν
2899 3804 3173 3894 φεύγουσ’
3200 3804 3317 3867 ἀεί.

1760 3954 1932 4007 Versu
1957 3968 1990 4004 2
2013 3946 2107 4021 ἂν,
2126 3950 2391 4004 haustum
2410 3990 2425 4019 ,
2450 3948 2680 4022 opinor,
2706 3948 2777 4003 ab
2807 3943 2920 4016 ἀεὶ,
2951 3946 3109 4020 quod
3137 3950 3329 4020 sequi-

1708 4032 1716 4046 '
1757 4049 1884 4108 tur,
1915 4039 2160 4107 immisi,
2185 4056 2259 4092 ne
2288 4032 2369 4092 αἐὶ
2403 4039 2600 4111 priore
2636 4037 2805 4109 longa
2838 4036 3329 4110 pronuntiandum

1757 4138 1897 4184 esset
1929 4146 2089 4182 secus
2112 4146 2175 4181 ac
2204 4128 2388 4182 solent
2416 4126 2653 4184 Comici.
2686 4126 2835 4179 Hinc
2872 4127 3040 4199 petiit
3076 4126 3325 4180 Eustath.

1755 4216 1830 4271 ad
1871 4214 2035 4274 Iliad.
2068 4234 2129 4289 p.
2187 4212 2367 4285 1178,
2410 4213 2505 4279 34.
2548 4213 2873 4267 Macrobius
2920 4214 3039 4270 Sat.
3084 4212 3143 4283 5,
3196 4232 3262 4268 αι
3310 4234 3320 4267 ;

1757 4301 2102 4358 multibibum
2132 4301 2306 4357 heroa
2328 4306 2488 4357 istum
2503 4299 2689 4371 fiu'ssc
2725 4302 2874 4355 illud
2900 4320 3011 4355 non
3038 4291 3327 4356 obscur-eim

1758 4404 2146 4464 argumentum
2164 4402 2265 4458 est,
2286 4392 2437 4465 quod
2457 4388 2579 4463 Eph
2587 4394 2749 4462 ippus
2773 4394 2831 4443 in
2841 4391 3105 4444 Busiride
3118 4392 3331 4443 induci!

1757 4482 2047 4535 Herculem
2076 4486 2158 4533 sic
2179 4482 2484 4553 loquentem
2508 4496 2528 4531 .·
2554 4476 2672 4533 Οὐκ
2691 4465 2840 4533 οἶσθά
2865 4477 2922 4551 μ’
2943 4476 3092 4545 ὄντα,
3125 4488 3233 4534 etc.
3272 4502 3295 4525 »ι

2254 4641 2359 4699 lll.
2404 4640 2831 4700 ΓΗΡΥΟΝΗΣ.

1845 4814 1870 4842 κ
1918 4791 1983 4844 ln
2030 4784 2267 4866 Γηρυόνῃ
2314 4798 2482 4862 poeta
2524 4790 2715 4845 nescio
2762 4808 2930 4862 quem
2980 4788 3328 4845 Macedoniae

1756 4880 2075 4953 principem
2098 4894 2197 4932 seu
2211 4876 2415 4933 ducem
2438 4877 2693 4948 induxit,
2715 4879 2986 4933 miracula
3006 4886 3325 4932 narrantem

2387 5079 2693 5137 BUSIRIS.

1761 5182 2014 5239 Neseisne
2032 5225 2045 5251 ,
2084 5199 2180 5254 per
2202 5182 2363 5249 deos,
2392 5198 2480 5238 me
2508 5196 2622 5238 esse
2648 5180 2991 5253 Tirynthium

1714 5334 1718 5344 ¹
1767 5268 2054 5339 Argivum,
2086 5269 2178 5341 qui
2202 5268 2333 5324 ebrii
2371 5284 2577 5341 pugnas
2600 5262 2814 5337 semper

1713 5358 1721 5418 l
1765 5372 1956 5413 omncs
1989 5362 2269 5427 pugnant?
2302 5356 2352 5410 b.
2386 5354 2593 5409 melreo
2622 5368 2835 5424 semper
2864 5350 3096 5421 fugiunt.
