3809 5850
1438 445 1976 513 THEOPOMPUS.

152 569 289 647 μένη,
310 571 357 628 ἕν
371 570 544 649 χιτῶνι
563 570 812 650 κροκωτῷ
835 563 993 641 οὖσα,
1024 570 1283 651 ἐπέδραμε
1314 572 1429 649 μυί.
1456 573 1660 652 μέμνη-

146 682 217 717 ται
238 657 407 729 ταύτης
436 660 563 738 Στρ.

839 775 934 817 12.

207 872 413 945 ldem5‚
440 871 536 942 35,
556 868 849 950 Ὁσκνὶψ
878 872 939 929 ἐν
962 869 1189 954 χώρας
1218 874 1435 933 ἐπὶτῶν
1460 872 1665 954 ταχέως

146 957 515 1031 μεταπηδώντων
556 962 589 1030 ἡ
644 958 903 1036 παροιμία
936 958 1163 1039 εἴρηται.
1196 961 1353 1043 σκνὶψ
1402 962 1506 1042 γάρ
1558 964 1671 1022 ἐστι

139 1046 329 1123 θηρίδιον
352 1042 667 1125 ξυλοφάγον,
703 1047 811 1103 ἀπὸ
836 1046 999 1105 τόπου
1029 1053 1101 1115 εἰς
1137 1047 1295 1109 τόπον
1323 1052 1665 1127 μεταπηδῶν.

144 1134 160 1207 (
186 1136 339 1191 Culex
370 1137 529 1193 Gazae
556 1154 651 1211 ap.
684 1136 955 1210 Aristot.)
996 1133 1261 1215 μέμνηται
1302 1135 1499 1209 ταύτης
1536 1138 1667 1219 Στρ.

142 1224 321 1279 Eodem
342 1243 501 1281 sensu
534 1224 771 1281 Photius
804 1242 869 1299 p.
916 1224 1056 1302 522,
1088 1222 1159 1285 ‘0
1188 1224 1349 1306 σκνὶψ
1380 1226 1440 1285 ἐκ
1466 1223 1667 1305 χώρας.

138 1311 269 1367 Idem
286 1324 361 1369 ωε
381 1310 524 1391 κνίψ.
574 1352 584 1361 -

832 1409 921 1467 13.

200 1519 399 1591 Suidas,
418 1520 465 1579 Δ
482 1540 514 1574 υ
528 1538 563 1575 σ
578 1515 606 1576 ό
623 1538 705 1595 μο
720 1540 737 1574 ι
753 1539 786 1574 α
826 1538 840 1575 :
874 1517 1115 1595 ἀνόμοια.
1149 1522 1278 1597 Στρ.

839 1640 931 1701 ιῐι.

200 1736 337 1793 Idem
368 1748 421 1795 et
441 1758 693 1815 gramm.
725 1740 963 1798 Bekkeri
992 1760 1054 1817 p.
1085 1751 1226 1813 421,
1268 1750 1357 1812 14,
1392 1740 1665 1817 Ἀπεμυ-

134 1822 199 1891 (ἰή
207 1847 284 1881 σω
310 1847 324 1881 :
352 1826 465 1883 ἀντὶ
492 1832 591 1885 τοῦ
618 1826 958 1903 ἃπελογήσω.
989 1830 1121 1909 Στρ.

830 1926 933 1992 15.

194 2056 369 2112 Pollux
389 2076 442 2129 α,
472 2058 591 2123 184
626 2075 641 2116 :
668 2056 758 2117 καὶ
780 2054 1095 2134 λισπόπυγοι
1125 2057 1228 2135 (de
1246 2060 1337 2119 his
1357 2080 1413 2121 v.
1440 2062 1513 2119 ad
1544 2062 1671 2122 Pla-

135 2144 253 2197 lonis
292 2147 493 2203 Incert.
554 2166 592 2203 2
610 2146 657 2223 ),
698 2146 777 2225 ἐφ’
812 2134 857 2226 ᾧ
902 2145 1139 2222 μάλιστα
1180 2146 1439 2219 Ἀθηναῖοι
1477 2172 1670 2231 κωμῳ-

134 2228 331 2291 δοῦνται.
375 2231 469 2302 τὴν
516 2232 579 2291 δὲ
627 2231 794 2301 οὕτως
837 2231 1063 2313 ἔχουσαν
1115 2235 1491 2319 διάτραμιν
1536 2242 1668 2319 Στρ.

134 2315 355 2391 ὠνόμασε.
400 2324 652 2399 Hoeych.
698 2320 1033 2402 Διᾶτραμιςε
1080 2322 1367 2404 διερρωγὼς
1415 2326 1503 2385 τὸν
1541 2327 1674 2405 τροί-

136 2426 232 2477 μιν,
250 2406 327 2465 τὸν
360 2409 467 2467 ὰπὸ
506 2408 710 2489 ὀσχέου
733 2410 820 2470 ἐπὶ
847 2411 913 2469 τὰ
943 2410 1091 2491 ἰσχία
1135 2413 1321 2475 τόπον.
1348 2416 1672 2473 Scribamus

136 2492 264 2570 διερρ.
292 2494 380 2566 τὴν
412 2496 637 2577 τράμιν,
670 2496 771 2570 τὴν·
796 2498 903 2558 ἀπὸ
930 2500 978 2561 ὀ.
1010 2500 1099 2559 ἐπὶ
1122 2500 1191 2559 τὰ
1220 2504 1283 2580 ἷ.,
1314 2504 1503 2562 deleto
1525 2507 1673 2581 glos-

136 2596 303 2643 semate
316 2586 491 2650 τόπον.

846 2679 936 2736 16.

195 2782 331 2840 Idem
356 2786 409 2857 3,
442 2806 517 2859 ²7
551 2806 569 2847 ε
600 2785 919 2861 ὀνομάζεται
948 2786 1003 2845 δὲ
1029 2786 1123 2850 καὶ
1146 2786 1292 2867 παρὰ
1326 2788 1613 2867 Στράττιδι
1637 2794 1671 2863 ἡ

136 2870 343 2948 πρόγον
360 2894 439 2940 ος.
474 2877 725 2936 Bekker.
746 2877 927 2935 edidit
954 2879 989 2948 ἡ
1008 2876 1371 2958 προγονός,
1398 2890 1667 2956 oxytone.

838 3008 929 3062 ¹7·

196 3095 331 3152 Idem
360 3097 417 3169 6,
450 3099 563 3157 156
610 3121 624 3154 t
667 3099 803 3176 Στρ.
837 3097 955 3168 τοὺς
982 3097 1241 3174 ὁμήλικας
1274 3103 1479 3184 εἴρηκεν
1514 3107 1673 3180 ὃμο-

134 3177 381 3260 πτέρους.

850 3285 943 3345 18.

196 3397 402 3459 Photius
436 3424 494 3480 p.
523 3408 677 3482 609,
721 3426 815 3482 11,
850 3407 902 3466 Τ
914 3407 1115 3485 ρίῶγες
1151 3429 1164 3465 :
1198 3410 1351 3488 θηρία
1375 3409 1444 3467 τὰ
1476 3413 1530 3470 ἐν
1570 3419 1675 3478 τοῖς

140 3480 346 3562 ὄσπρίοις.
369 3489 504 3550 οὕτω
530 3495 679 3574 Στρ.

836 3627 929 3683 19.

196 3709 327 3770 Idem
348 3735 404 3792 p.
430 3725 575 3797 214,
612 3718 649 3779 3
676 3763 699 3790 ,
729 3719 1245 3798 Λελεπασμένον
1271 3742 1287 3783 2
1316 3726 1672 3802 πεπεμμένον·

140 3791 243 3854 ῡῧτω
266 3802 386 3882 Στρ.
416 3811 681 3883 Hesych.
716 3809 1120 3886 Λελεπασμένον
1156 3833 1168 3867 :
1225 3815 1295 3879 εἷς
1331 3811 1489 3892 πέψιν
1524 3806 1672 3887 ἧκον.

142 3884 339 3964 daque
360 3893 607 3966 λεπᾶζειν
630 3896 818 3967 idem,
848 3900 1009 3974 quod
1032 3897 1291 3962 πέπτεινῗ
1316 3904 1398 3958 M.

726 4034 763 4052 *-
841 4023 937 4062 20.

200 4111 408 4175 Antiatt.
436 4135 501 4192 p.
536 4115 643 4188 85,
674 4136 739 4188 7,
769 4113 1016 4184 Βιὸάζειν
1046 4136 1062 4178 :
1101 4118 1164 4177 τὸ
1188 4119 1411 4200 ὀχεύειν.
1438 4121 1676 4190 Ἀλκαῖος

142 4189 177 4244 δ’
207 4195 251 4250 ἓν
292 4191 579 4262 Καλῖιστοῗ
614 4202 707 4262 ἐπ’
744 4204 1019 4284 ἀνθρώπου
1052 4205 1175 4288 ἔφη.
1206 4208 1399 4286 βαίνων
1449 4212 1466 4287 (
1492 4238 1517 4262 «ι
1539 4213 1674 4270 fort.

144 4279 320 4350 βαίνειν.
342 4313 365 4338 1·
386 4291 506 4368 M.)
538 4291 633 4351 ἐπὶ
650 4292 869 4352 ταύτοῦ.
896 4292 1120 4364 ἐκδῆσαι
1150 4295 1205 4354 δέ
1223 4319 1350 4376 φασι
1377 4297 1480 4355 δεῖν
1507 4298 1675 4376 λέγειν

142 4365 211 4422 καὶ
232 4374 535 4451 καταδῆσαι,
558 4380 661 4438 οὖα.
686 4377 973 4438 ἔκόιὸἄσαι
1009 4381 1131 4460 (καὶ
1155 4383 1515 4458 ζαταὸιὸάσαι
1544 4409 1673 4464 sup·

142 4459 369 4524 Flendum
396 4485 509 4526 esse
530 4469 689 4527 vidit
714 4466 959 4528 Meinek.
982 4471 1027 4552 ).
1062 4471 1339 4556 ᾎτρᾶττις.

3214 474 3324 523 303

2416 604 2659 663 xxvn.

2199 751 2860 837 ‚THEOPOMPUS

1845 934 1869 961 ι
1907 912 2346 987 Theopompus,
2400 914 2786 992 Atheniensis„
2832 920 2989 993 apud
3051 925 3330 983 Zonaram

1754 1017 1819 1075 p.
1844 1017 1877 1056 2
1890 1018 1976 1069 10,
2001 1008 2059 1055 et
2079 1000 2140 1055 in
2162 1000 2457 1057 codicibus
2474 1006 2684 1077 passim
2703 1007 2946 1087 scriptus
2963 1008 3330 1086 Θεόπεμπτος,

1759 1105 1952 1143 errore
1975 1088 2149 1145 etiam
2175 1090 2238 1143 in
2259 1089 2517 1147 historici
2539 1095 2772 1151 nomine
2811 1098 2945 1151 satis
2975 1099 3171 1160 obvio.
3205 1104 3332 1158 Sui-

1758 1174 1860 1234 das
1890 1193 1905 1233 :
1943 1173 2285 1249 Θεόπομπος,
2327 1176 2624 1237 Θεοδέκτου
2657 1179 2692 1251 ἢ
2721 1181 3021 1261 Θεοδώρου,
3046 1186 3329 1260 Ἀθηναῖος,

1758 1259 2023 1337 κωμικὸς,
2063 1262 2262 1330 ἐδίδαξε
2305 1264 2552 1343 δράματα
2589 1266 2688 1327 κδ’.
2736 1272 2848 1329 ἐστὶ
2887 1271 2942 1329 δὲ
2980 1278 3073 1346 τῆς
3111 1278 3334 1357 ἀρχαίας

1762 1346 2046 1429 κωμῳδίας
2073 1352 2194 1410 κατ’
2227 1349 2620 1432 Ἀριστοφάνην.
2657 1355 2900 1435 δράματα
2929 1360 2984 1417 δὲ
3017 1364 3176 1423 αὐτοῦ
3228 1368 3332 1425 εἰσὶ

1770 1434 1953 1513 (ἐστι)
1993 1436 2084 1494 καὶ
2122 1438 2258 1497 ἄλλα
2284 1440 2482 1503 πολλοί.
2518 1446 2704 1502 Verba
2739 1444 2774 1517 ἢ
2816 1447 3096 1530 Θεοδώρου
3143 1460 3332 1513 omisit

1762 1524 2018 1582 Eudocia
2035 1546 2098 1602 p.
2119 1527 2260 1586 232.
2283 1530 2577 1587 Fabricius
2589 1534 2853 1595 Bibl.Gr.
2876 1556 2930 1608 2,
2949 1560 3008 1614 p.
3036 1540 3170 1615 501,
3194 1548 3331 1601 The-

1760 1614 2007 1671 odorum
2023 1616 2168 1678 dicit
2183 1620 2502 1693 Tragicum,
2533 1624 2787 1696 cogitans
2809 1625 3044 1685 sortasse
3060 1632 3131 1687 de
3148 1635 3330 1689 Theo-

1758 1700 1947 1775 doro,
1994 1704 2299 1761 Alexandri
2333 1707 2550 1765 Pheraei
2575 1712 2773 1783 aequali
2817 1712 2903 1788 (v.
2939 1717 3109 1793 Diog.
3135 1722 3328 1781 Laert.

1760 1807 1819 1856 2,
1849 1788 1940 1865 8),
1971 1792 2072 1863 qui
2099 1792 2459 1869 Theopompi
2497 1807 2661 1871 pater
2691 1816 2804 1855 esse
2837 1820 2957 1857 non
2974 1807 3183 1878 potuit.
3215 1812 3332 1865 Nec

1758 1875 1831 1932 de
1858 1878 2183 1935 Theodecte
2233 1894 2382 1937 certa
2431 1902 2521 1939 res
2567 1896 2682 1961 est,
2715 1897 2772 1943 et
2814 1907 2923 1963 pro
2961 1910 3031 1947 eo
3081 1895 3330 1955 Tisame-

1758 1982 1896 2020 num
1920 1968 2179 2023 nominat
2199 1970 2450 2025 AElianus
2471 1972 2532 2027 in
2557 1992 2730 2049 opere
2748 1978 2834 2031 De
2851 1981 3213 2051 providentia
3235 2004 3326 2059 ap.

1763 2052 1998 2109 Suidam
2041 2056 2081 2108 1.
2131 2074 2187 2113 e.
2253 2056 2359 2113 Hic
2398 2058 2632 2131 quidem
2688 2064 2851 2135 quod
2897 2066 3331 2144 Theopompum

1762 2141 2152 2215 Aristophanis
2197 2145 2470 2217 aequalem
2497 2146 2637 2202 dicit
2655 2189 2672 2217 ,
2703 2167 2836 2206 sane
2863 2153 2924 2207 in
2965 2154 3220 2214 dramate
3249 2160 3336 2214 in·-

1758 2230 1972 2303 scripm
2033 2228 2260 2301 Παῖδες,
2293 2234 2446 2307 apud
2495 2236 2673 2293 schol.
2731 2240 2938 2297 Avium
2995 2241 3162 2315 1568,
3203 2266 3334 2321 per-

1758 2318 1988 2373 strinxit
2026 2319 2413 2394 Laespodiam,
2454 2340 2626 2395 quem
2655 2327 2902 2383 maxime
2931 2330 3148 2407 olymp.
3181 2354 3251 2411 9¹
3279 2348 3336 2391 et

1760 2420 1837 2477 92
1876 2402 2134 2477 (416-41
2152 2424 2174 2461 1
2232 2417 2362 2463 ante
2408 2408 2543 2467 Chr.
2607 2411 2760 2488 nat.)
2812 2414 3140 2475 inclaruisse
3186 2441 3334 2478 con-

1760 2502 1869 2547 stat
1888 2510 1916 2547 e
1939 2494 2118 2549 Thuc.
2139 2494 2200 2563 6,
2233 2493 2366 2565 105,
2391 2506 2446 2551 et
2468 2496 2525 2568 8,
2552 2496 2649 2557 86.
2679 2502 2857 2577 Magis
2877 2514 3064 2561 tamen
3083 2519 3334 2571 extrema

1760 2580 1978 2635 Comici
2013 2592 2270 2655 tempora
2298 2595 2574 2659 spectasse
2600 2588 2852 2665 Suidam,
2884 2611 3060 2667 quum
3089 2598 3215 2653 aliis
3242 2618 3334 2655 ar-

1761 2670 2045 2741 gumentis
2075 2670 2436 2746 intelligitur,
2459 2684 2580 2729 tum
2617 2675 2679 2731 id
2707 2678 2965 2736 indicant
2992 2683 3332 2757 dramatum,

1762 2774 1889 2828 quae
1917 2756 2020 2814 Th.
2057 2756 2284 2828 docuit,
2315 2760 2467 2815 tituli
2493 2780 2758 2837 magnam
2779 2778 3002 2839 partem
3029 2771 3330 2843 ejusmodi,

1768 2856 1833 2899 ut
1876 2847 2070 2921 potius
2097 2848 2301 2906 mediae
2342 2868 2511 2923 quam
2554 2856 2758 2911 veteris
2803 2859 3096 2915 comoediae
3135 2862 3337 2919 fabulis

1764 2937 2074 2992 convenire
2093 2937 2414 2996 videantur.
2443 2941 2521 2994 Ex
2551 2942 2664 2998 hoc
2684 2959 2894 3018 genere
2913 2957 2996 3004 est
3013 2947 3154 3006 illud
3175 2953 3334 3024 quod

1764 3020 1824 3076 in
1851 3018 2140 3100 Ἡδυχάρει
2181 3024 2429 3086 Platonis
2463 3027 2789 3103 philosophi
2821 3032 3156 3092 Phaedonem
3187 3039 3336 3095 ridet

1762 3109 1919 3182 apud
1957 3109 2123 3185 Diog.
2149 3113 2339 3167 Laert.
2377 3112 2434 3182 3,
2466 3115 2560 3184 26,
2586 3126 2644 3170 et
2669 3117 2728 3170 in
2758 3119 2973 3176 Nemea
2993 3124 3198 3181 Athen.
3241 3145 3258 3180 1
3281 3147 3331 3195 1,

1765 3223 1821 3278 p.
1856 3210 2001 3278 470,
2031 3207 2105 3274 F,
2126 3209 2342 3262 mentio
2363 3207 2790 3266 Thericleorum
2819 3216 3184 3288 poculorum,
3209 3240 3334 3292 quze

1764 3307 1797 3346 a
1828 3291 2028 3348 mediae
2057 3292 2284 3348 demum
2329 3296 2620 3351 comoediae
2657 3301 2838 3370 poetis
2881 3319 3336 3360 commemoran-

1764 3388 1877 3432 tur.
1907 3381 2090 3434 Immo
2109 3421 2126 3455 ,
2157 3382 2261 3436 nisi
2287 3400 2520 3455 prorsus
2539 3383 2680 3438 fallit
2704 3390 2978 3444 sententia
2997 3429 3016 3459 ‚
3051 3393 3157 3446 Th.
3186 3396 3336 3450 ultra

1766 3467 1981 3542 olymp.
2027 3485 2136 3523 1οο
2177 3468 2481 3543 (379-376
2529 3483 2662 3528 ante
2701 3474 2834 3534 Chr.
2859 3477 3251 3553 nat.)vixisse
3279 3495 3337 3538 et

1763 3537 1980 3614 fabulas
2029 3557 2291 3614 docuisse
2323 3561 2632 3616 censendus
2657 3571 2742 3617 est
2779 3583 2792 3618 :
2840 3583 2896 3630 y.
2923 3584 3056 3624 ann.
3103 3569 3176 3624 ad
3205 3569 3334 3639 Μῆ-

1766 3642 1878 3703 δοῡ,
1905 3668 1931 3693 ι
1957 3645 2010 3700 E
2035 3647 2122 3703 M.
2157 3645 2386 3705 Fabulae
2412 3648 2794 3724 septendecim
2821 3651 3202 3730 Theopompo
3229 3659 3333 3713 tri-

1765 3739 2025 3797 buuntur
2063 3742 2135 3798 ab
2164 3746 2470 3818 Anonymo
2507 3748 2593 3802 De
2623 3765 2773 3806 com.
2807 3767 2867 3822 p.
2896 3769 3059 3821 xvu3
3105 3771 3134 3806 a
3159 3754 3334 3810 Suida

1767 3847 1903 3884 vero
1924 3841 1981 3886 et
2001 3829 2279 3905 Eudocia,
2301 3842 2574 3905 quattuor
2593 3845 2649 3890 et
2674 3835 2896 3910 viginti.
2918 3839 3128 3914 Viginti
3149 3842 3327 3897 modo

1768 3917 1961 3972 titulos
1995 3919 2212 3974 invenit
2248 3920 2511 3990 Meinek„
2547 3921 2724 3978 docta
2771 3927 2906 3980 crisi
2942 3927 3013 3984 de
3053 3930 3122 3984 iis
3157 3929 3329 3987 dissc-

1768 4021 1891 4058 rens
1921 4005 2072 4064 nist.
2107 4024 2194 4064 cr.
2223 4007 2385 4063 Com.
2417 4027 2479 4082 p.
2515 4008 2803 4077 238-244.

2306 4142 2353 4201 1.
2399 4143 2782 4205 ΑΔΜΗΤΟΣ.

1848 4273 2052 4328 Athen.
2093 4272 2185 4344 15,
2221 4291 2284 4348 p.
2319 4273 2434 4348 690
2455 4317 2472 4348 ‚
2507 4279 2554 4331 A
2593 4296 2604 4330 :
2635 4276 2949 4351 μνημονεύει
2973 4279 3028 4336 δὲ
3054 4285 3145 4339 τοῦ
3173 4305 3336 4360 μυρο-

1770 4357 1950 4418 πώλου
2011 4355 2224 4432 τοῦτου,
2257 4363 2346 4417 τοῦ
2379 4359 2652 4438 Πέρωνος,
2679 4365 2770 4422 καὶ
2797 4367 3113 4443 Θεόπομπος
3146 4371 3198 4426 ἐν
3227 4367 3331 4430 Ἀ-

1768 4450 1922 4526 μήτῳ
1951 4445 2042 4503 καὶ
2067 4445 2352 4526 Ἡδυχάρει
2386 4449 2491 4522 (fr.
2522 4459 2553 4517 4
2578 4456 2617 4526 ).
2661 4471 2692 4506 (ι
2719 4457 2802 4510 De
2823 4457 3042 4513 Perone
3078 4445 3336 4534 urfgucn-

1768 4537 1916 4590 tario
1962 4534 2036 4592 cf.
2087 4535 2504 4592 Anaxandridis
2551 4541 2763 4598 ProteS.
2811 4561 2864 4598 2.
2915 4543 2996 4600 Ex
3035 4549 3341 4602 serim-ibus

1692 4633 1695 4636 ’
1766 4623 1943 4697 igitur
1969 4634 2153 4696 poetae
2182 4623 2386 4679 fabulis
2419 4625 2586 4681 fuerit
2611 4627 2902 4706 Admetus,
2931 4633 3016 4687 De
3043 4635 3154 4687 alio
3185 4635 3336 4710 frag-

1768 4721 1997 4779 mento,
2048 4711 2206 4784 quod
2250 4711 2362 4767 huc
2410 4715 2759 4791 retulerunt,
2811 4737 2870 4772 v.
2921 4739 3053 4778 ann.
3105 4721 3177 4778 ad
3217 4723 3333 4782 fab.

1770 4800 1969 4855 incert.
1994 4799 2053 4856 6.
2081 4823 2105 4846 u
2144 4801 2192 4853 E
2212 4800 2298 4853 M.

2330 4945 2406 5002 ll.
2451 4945 2760 5006 ΑΛΘΑΙΑ.

1858 5094 1881 5120 «
1915 5071 1981 5124 In
2003 5071 2112 5126 hoc
2137 5071 2387 5128 dramate
2417 5075 2536 5129 risit
2564 5076 2835 5134 Teleste-m
2857 5120 2874 5152 ‚
2903 5091 3132 5153 poetam
3152 5081 3340 5157 dithy-

1770 5157 2116 5228 rambicum,
2145 5149 2246 5231 qui
2290 5157 2485 5215 floruit.
2533 5163 2746 5238 olymp.
2783 5165 2856 5238 95
2901 5165 3049 5242 (399
3097 5199 3172 5210 -—-
3222 5171 3336 5246 396

1770 5256 1900 5300 ante
1929 5245 2060 5301 chr.
2106 5243 2300 5319 nan),
2356 5257 2490 5303 teste
2533 5249 2792 5306 Diodoro
2839 5253 3029 5307 Siculo
3074 5261 3165 5324 14,
3207 5261 3280 5324 46
3316 5281 3328 5314 :

1769 5331 2017 5407 ἤκμασαν
2049 5329 2102 5388 δὲ
2131 5331 2266 5388 κατὰ
2295 5335 2473 5390 τοῦτον
2503 5333 2589 5393 τὶν
2615 5334 2847 5396 ἐνιαυτὸν
2883 5341 2929 5396 οἱ
2959 5339 3334 5420 ἐπισημότατοι
