3809 5850
374 383 405 430 ⁴
1380 356 1788 418 coMOEmAE
1834 353 2162 417 varenis
2204 351 2622 427 naucum.

471 504 783 568 Λούσαντα
818 502 929 589 χρὴ
974 495 1077 560 καὶ
1122 485 1447 585 βακκάριδι
1488 491 1933 584 κεχριμένον...

375 628 653 690 Λούσαντα
679 627 895 684 dictum
913 643 1024 700 pro
1046 621 1384 697 λουσάμενον,
1405 631 1470 676 ut
1491 616 1661 676 κεύθει
1682 636 1794 694 pro
1818 613 1944 673 κεύ-

374 723 519 774 θεται
544 715 758 790 OEdip.
790 714 864 772 T.
894 710 1037 786 915,
1063 721 1121 766 et
1143 728 1267 782 quae
1294 708 1499 764 similia
1525 707 1737 762 habent
1758 723 1940 781 gram·

374 806 588 862 matici.
614 799 735 880 Χρὴ
761 801 896 858 cod.
922 802 989 869 B,
1021 800 1197 855 ceteri
1219 796 1317 854 δεῖ.
1348 797 1562 851 Plinius
1600 813 1700 862 αι,
1727 793 1790 862 6,
1827 793 1897 848 16
1927 809 1942 850 Ξ

384 917 409 942 ιι
442 895 666 947 Baccar
690 905 925 963 quoquc
970 884 1177 942 radicis
1216 894 1439 940 tantum
1488 881 1740 937 odoratae
1768 889 1871 948 est,
1913 897 1946 934 a

378 977 719 1054 quibusdam
762 974 1021 1031 Nardum
1068 973 1343 1028 rusticum
1397 967 1768 1044 appellatum.
1817 968 1942 1022 Un-

378 1077 584 1141 guenta
616 1061 815 1139 (μύρον
848 1058 1199 1139 βακκάρινον)
1229 1077 1297 1114 ex
1318 1075 1383 1114 ea
1412 1056 1606 1112 radice
1628 1054 1753 1111 fieri
1780 1053 1946 1110 solita

377 1155 534 1230 apud
560 1155 823 1226 antiquos
986 1148 1137 1204 odor
1162 1157 1242 1203 est
1269 1147 1321 1202 ei
1350 1147 1715 1202 cinnamomo
1742 1143 1947 1218 proxi—

378 1261 501 1297 mus
529 1239 767 1317 :gracili
798 1239 921 1294 solo
969 1253 1156 1309 neque
1195 1232 1437 1289 humido
1474 1231 1763 1307 provenit.
1803 1254 1827 1278 υ
1862 1231 1949 1284 De

380 1347 497 1404 quo
530 1329 762 1386 consule
792 1329 847 1385 J.
878 1327 951 1383 fl.
975 1327 1138 1382 Voss.
1172 1323 1247 1380 ad
1272 1325 1426 1396 virg.
1459 1319 1633 1394 Idyll.
1669 1325 1723 1391 4,
1758 1336 1849 1391 19.

1136 1453 1191 1491 α.

459 1555 663 1610 Pollux
692 1573 747 1624 7,
786 1549 933 1606 188.-
976 1544 1419 1620 Κοσκινομάντεις
1456 1543 1511 1602 δὲ
1543 1541 1715 1624 εἴρηκε
1746 1542 1952 1602 Φιλιπ-

378 1641 551 1713 πίδης.
587 1641 668 1699 Μ.
692 1635 749 1694 δὲ
776 1639 829 1694 ἐν
856 1636 1043 1702 Λυδοῖς
1079 1631 1677 1713 Ὀνειρομάντεσιν
1708 1628 1950 1688 ἅναλύ·

378 1753 457 1788 τα
473 1753 524 1795 ις
541 1773 554 1785 .
596 1753 621 1780 ιι
644 1731 731 1784 De
756 1722 1057 1793 ἀναλύταις,
1086 1722 1246 1796 quod
1264 1723 1564 1778 hominum
1585 1739 1759 1796 genus
1781 1737 1952 1775 vene-

380 1817 509 1873 ficia
562 1816 783 1871 solvere
842 1812 1176 1887 putabatur,
1230 1829 1292 1866 v.
1356 1809 1612 1866 Lobeck.
1670 1807 1950 1882 Aglaoph.

378 1923 441 1977 p.
475 1903 614 1969 644.
648 1925 673 1950 υ
709 1902 892 1954 Mem.
920 1897 1252 1972 Fulgentius
1281 1897 1525 1969 Mythol.
1566 1916 1613 1952 1.
1651 1915 1663 1948 z
1697 1896 1952 1950 *Ouiro-

383 1992 563 2046 criten
584 1990 806 2062 soporis
828 2005 1004 2062 nugas
1028 1986 1407 2042 hariolantem
1430 1985 1708 2040 advertas.
1748 2008 1771 2031 υ

886 2131 993 2190 lll.
1038 2129 1447 2190 ΠΟΑΣΤΡΙΑ.

462 2283 653 2340 Schol.
687 2280 939 2335 Platonis
964 2297 1027 2352 p.
1059 2277 1172 2336 336
1219 2277 1397 2336 Bekk.
1432 2295 1447 2334 z
1495 2276 1691 2334 Μυσῶν
1735 2275 1958 2354 ἔσχατος

386 2367 469 2426 ἐπὶ
503 2371 605 2426 τῶν
634 2364 1041 2424 εὐτελεστάτων.
1068 2365 1148 2424 Μ.
1179 2361 1477 2440 Ποαστρία·

484 2489 615 2550 Οὐκ
642 2484 811 2548 ἔστιν
836 2471 1051 2560 οὐδεὶς,
1080 2469 1207 2544 οὐδ’
1244 2483 1276 2542 ὁ
1301 2487 1521 2544 Μυσῶν
1554 2479 1827 2570 ἔσχατος.

386 2611 743 2670 Siebenkees.
786 2605 1129 2684 Ποαστρίαις,
1176 2607 1278 2664 sed
1322 2608 1456 2663 ferri
1498 2618 1691 2682 potest
1739 2605 1959 2662 codicis

386 2701 665 2774 scriptura
694 2693 1005 2773 Ποαστρία,
1055 2696 1383 2764 Sarritrae'ce,
1431 2694 1607 2768 idque
1648 2712 1719 2749 eo
1755 2696 1955 2769 magiS,

389 2789 522 2862 quia
551 2789 781 2842 insuetae
825 2783 1106 2839 sarriendi
1134 2785 1417 2840 mulieres.
1444 2787 1531 2840 De
1570 2785 1773 2857 Mysis,
1815 2787 1958 2841 Asiae

386 2876 609 2953 populo
630 2915 647 2944 ,
673 2893 727 2933 v.
755 2873 921 2932 Iliad.
949 2871 1015 2944 B,
1043 2871 1195 2945 8583
1227 2875 1328 2948 qui
1352 2873 1671 2947 posteriore
1702 2883 1960 2949 tempore

388 2959 923 3033 contemnebantur,
952 2972 1019 3017 ut
1041 2962 1209 3019 Cares
1237 2972 1294 3018 et
1320 2962 1552 3036 Phrygii
1583 2979 1599 3018 τ
1632 2962 1785 3018 unde
1821 2982 1959 3037 pro·

390 3054 650 3109 verbium
672 3052 701 3107 ὁ
722 3047 944 3126 ἔσχατος
966 3050 1190 3107 Μυσῶν.
1217 3050 1381 3105 Plato
1406 3049 1581 3123 Gorg.
1606 3067 1667 3123 p.
1699 3048 1807 3105 521
1840 3069 1851 3101 :
1890 3045 1960 3106 Εἴ

394 3162 475 3197 σοι
500 3136 682 3197 Μυσόν
705 3158 764 3212 γε
784 3134 927 3206 ἥδιον
948 3134 1125 3193 καλεῖν
1154 3135 1497 3207 (καλεῖσθαιῗ
1518 3132 1555 3212 ).

882 3306 979 3363 IV.
1022 3305 1073 3361 Τ
1077 3301 1465 3362 ῙΤΑΚΙΔΗΣ.

471 3446 782 3519 Τιτακίδης,
810 3452 851 3507 i.
882 3468 935 3509 e.
978 3450 1204 3505 tribulis
1244 3449 1631 3506 Titacidarum
1672 3453 1734 3505 in
1774 3452 1961 3507 Attica

394 3542 409 3610 (
441 3557 497 3596 ν.
524 3538 705 3597 Baehr.
740 3536 813 3593 ad
860 3537 1143 3595 Herodot.
1193 3557 1254 3612 9,
1303 3537 1413 3612 73)
1446 3556 1515 3595 ex
1560 3538 1962 3595 emendatione

390 3626 574 3680 Bernh
584 3624 750 3698 ardyi
768 3644 879 3699 pro
900 3623 1219 3697 Πυτακίδης,
1245 3626 1405 3699 quod
1421 3627 1579 3681 nullo
1601 3645 1767 3683 sensu
1789 3645 1961 3681 voca·

392 3713 591 3767 bulum
620 3724 714 3769 est.
756 3713 957 3768 Suidas
990 3732 1003 3765 ι
1050 3712 1162 3769 Νῦν
1210 3710 1294 3780 δή·
1340 3710 1528 3791 ἀρτίως
1562 3711 1595 3781 ἢ
1638 3712 1825 3789 μικρὸν
1866 3711 1961 3787 ἔμ-

391 3802 690 3877 προσθεν...
725 3798 807 3857 Μ.
838 3796 890 3854 δὲ
918 3800 971 3855 ἐν
1002 3798 1296 3875 Πυτακίδῃ·

490 3911 645 3976 Εἰπέ
700 3936 825 4001 μοι·
867 3920 965 3976 νῦν
994 3904 1069 3985 δὴ
1108 3913 1215 4002 μὲν
1260 3914 1455 4002 ὤμνυς
1495 3920 1576 4002 μὴ
1614 3918 1964 4008 γεγονέναι,

1594 4029 1692 4084 νῦν
1724 4012 1795 4085 δὲ
1824 4022 1964 4111 φής.

394 4141 637 4215 Quidam
664 4144 1019 4219 grammatici
1042 4146 1131 4199 νῦν
1150 4155 1206 4200 et
1232 4148 1321 4201 νῦν
1346 4142 1411 4213 δὴ
1434 4148 1551 4203 sive
1573 4144 1727 4217 νῦνδη
1757 4152 1835 4205 ita
1860 4149 1968 4207 dis·

395 4231 751 4305 tinguebant,
778 4242 843 4286 ut
862 4234 949 4287 νῦν
976 4231 1050 4290 de
1072 4232 1251 4289 tribus
1276 4235 1645 4309 temporibus,
1668 4240 1757 4293 νῦν
1783 4232 1837 4293 δὲ
1863 4256 1970 4293 au-

394 4328 507 4372 tem
536 4318 763 4373 nonnisi
792 4318 866 4374 de
891 4321 1181 4394 praeterito
1210 4320 1326 4376 dici
1370 4322 1752 4379 existimarent
1785 4343 1798 4378 ε
1830 4324 1972 4379 vid..

394 4406 565 4462 Mein.
598 4424 657 4479 p.
696 4403 789 4461 11ss

1078 4605 1277 4659 LYm.

1158 4718 1206 4766 1.

408 4831 609 4885 Lotum
648 4836 861 4900 oportet
891 4838 946 4885 et
986 4830 1274 4887 baccaride
1327 4839 1557 4889 unctum

1657 4922 1677 4986 [
1698 4920 1891 4989 epulas
1907 4920 1934 4975 .⁹
1953 4926 1970 4988 )

1160 5024 1209 5072 2.

404 5119 751 5175 Somniorum
778 5120 1181 5193 interpretibus,

2439 484 2484 537 E
2524 478 2816 538 FABULA
2861 479 3200 535 lNCERTA.

2119 625 2326 684 Pollux
2357 645 2414 700 a,
2451 644 2555 681 101
2595 643 2610 684 t
2643 622 2952 702 Πρόστομον
2977 620 3118 701 ξίφος
3145 621 3206 678 τὸ
3242 619 3616 696 ἐστομωμένον

2037 711 2127 770 καὶ
2149 711 2327 784 τομόν·
2350 711 2410 769 τὸ
2438 711 2491 768 δὲ
2529 709 2769 786 μαλακὸν
2795 709 2888 768 καὶ
2917 709 3109 784 ἄτομον
3139 711 3171 764 ἀ
3187 707 3354 786 πρόο·
3367 730 3436 765 το
3451 729 3574 784 μον
3597 751 3612 780 ,

2036 803 2106 867 ὡς
2128 799 2368 877 Μάγνης.

2772 1032 2872 1090 lv.

2501 1163 3153 1234 ECPHANTIDES.

2121 1327 2283 1383 Hunc
2309 1326 2534 1381 Naekius
2561 1323 2791 1399 (choer.
2838 1342 2901 1397 p.
2940 1321 3013 1379 52
3037 1320 3056 1400 )
3083 1323 3318 1380 Cratino
3347 1333 3406 1380 et
3455 1324 3625 1380 Tele·

2043 1413 2191 1470 elide
2227 1414 2400 1487 paulo
2453 1412 2843 1486 antiquiorem
2885 1411 3052 1466 fuisse
3088 1413 3303 1482 statuit,
3334 1413 3622 1485 quoniam

2047 1503 2303 1576 Aspasius
2353 1499 2429 1556 ad
2477 1501 2716 1559 Aristot.
2741 1501 2870 1558 Eth.
2917 1500 3145 1558 Nicom.
3178 1505 3238 1568 4,
3288 1517 3347 1568 2,
3378 1499 3486 1554 τῶν
3517 1500 3628 1576 ἀρ-

2047 1587 2217 1665 χαίων
2258 1583 2616 1644 παλαιότατον
2657 1584 2878 1656 ποιητὴν
2917 1588 3192 1660 appellat,
3239 1587 3286 1642 si
3319 1589 3444 1642 veri
3491 1597 3630 1641 sunt

2042 1678 2204 1746 libri;
2247 1674 2349 1730 sed
2369 1675 2548 1730 nolim
2577 1675 2722 1730 adeo
2763 1676 2966 1748 ineptae
2995 1675 3282 1730 sententiae
3309 1675 3628 1730 insimulari

2045 1764 2370 1838 Aspasium,
2400 1781 2644 1836 cumque
2679 1764 2930 1820 arbitror
2958 1763 3160 1820 dixisse
3203 1760 3361 1843 Ἐκφ.
3394 1762 3629 1821 παλαιό-

2044 1872 2196 1916 τατος
2217 1847 2468 1921 ποιητὴς,
2498 1852 2722 1906 exclusa
2739 1851 3210 1924 interpretatione
3228 1851 3333 1907 τῶν
3355 1849 3626 1928 ἀρχαίων.

2045 1937 2322 1993 Praeterea
2349 1955 2418 1992 ex
2441 1937 2624 1994 schol.
2653 1937 2943 2012 Aristoph.
2971 1940 3143 2011 Vesp.
3176 1957 3198 1992 1
3216 1935 3324 1993 182
3354 1938 3632 2012 intelligi-

2047 2037 2140 2080 tur
2164 2025 2510 2081 Androclem
2539 2025 2961 2098 perstrinxisse,
2991 2043 3162 2100 quem
3191 2026 3450 2082 Cratinus
3477 2044 3628 2098 quo-

2048 2130 2159 2185 que
2201 2122 2260 2167 et
2285 2111 2599 2168 Teleclides
2629 2113 2684 2166 in
2715 2112 2917 2168 fabulis
2940 2114 3052 2169 suis
3075 2114 3474 2170 laceraverant.
3499 2115 3628 2170 Be-

2046 2199 2268 2272 sychius
2292 2216 2306 2258 :
2337 2195 2578 2263 Καπνίας
2605 2195 3024 2278 Ἐκφαντίδης...
3057 2197 3298 2266 Καπνίας
3317 2200 3632 2258 ἐπεκαλεῖτο

2049 2282 2134 2342 διὰ
2163 2284 2222 2344 τὸ
2259 2283 2425 2360 μηδὲν
2453 2284 2696 2364 λαμπρὸν
2726 2284 2964 2366 γράφειν·
3003 2300 3060 2343 et
3081 2289 3258 2348 schol.
3285 2289 3630 2364 Aristopha-

2047 2375 2135 2430 nis
2158 2375 2231 2430 ad
2261 2374 2434 2448 Vesp.
2479 2374 2583 2431 151
2619 2394 2632 2429 z
2668 2372 2809 2452 (τῷ)
2845 2372 3070 2438 καπνίας
3092 2373 3146 2430 ἕν
3169 2381 3277 2440 τοῖς
3313 2372 3434 2452 περὶ
3470 2375 3629 2452 Κρα-

2047 2459 2187 2518 τίνου
2239 2457 2514 2539 διώρισται
2557 2457 2636 2541 [ἢ]
2667 2459 2728 2518 τὸ
2769 2459 3020 2518 ἀπόθετον
3060 2459 3096 2531 ἢ
3138 2461 3230 2519 καὶ
3268 2460 3513 2520 παλαιόν·
3557 2463 3630 2520 δι’

2047 2545 2076 2606 ὃ
2103 2547 2456 2626 Ἐκφαντίδην
2483 2547 2707 2606 καπνίαν
2753 2548 2993 2607 καλοῦσι.
3021 2551 3210 2606 Potest
3247 2551 3419 2626 igitur
3455 2563 3522 2606 ut
3557 2553 3628 2607 id

2051 2655 2372 2712 cognomen
2393 2637 2574 2712 Ecph.
2589 2649 2888 2712 acceptum
2898 2639 3095 2693 tulerit
3102 2638 3352 2708 Cratino,
3366 2657 3632 2713 quocum

2049 2724 2279 2781 videtur
2304 2735 2608 2799 perpetuas
2649 2727 2966 2781 exercuisse
3009 2725 3340 2782 simultates.
3383 2749 3407 2776 α
3443 2727 3629 2798 Equi-

2053 2811 2185 2870 dem
2213 2811 2307 2867 illa
2337 2812 2608 2885 Hesychii
2635 2812 2812 2868 verba
2839 2830 2972 2866 cum
2999 2823 3255 2868 veterum
3281 2813 3632 2886 scriptorum

2052 2899 2126 2956 de
2149 2899 2382 2959 Cratino
2409 2911 2465 2957 et
2487 2900 2720 2957 Platone
2751 2899 2984 2973 judiciis
3005 2900 3408 2974 comparabam
3425 2941 3442 2970 ,
3494 2901 3632 2974 qui-

2053 2988 2158 3043 bus
2185 2985 2427 3065 λαμπρὸν
2455 2988 2795 3065 χαρακτῆρα,
2817 2986 3183 3062 splendidum
3206 2988 3431 3044 dicendi
3445 3007 3634 3062 genus
3707 3040 3714 3045 .

2061 3086 2117 3131 et
2136 3087 2434 3149 troporum
2453 3075 2765 3130 luminibus
2785 3075 3072 3149 frequens,
3095 3076 3434 3134 attribuunt.
3461 3078 3632 3131 Hanc

2053 3164 2228 3237 igitur
2256 3164 2526 3219 virtutem
2572 3164 2672 3235 qui
2721 3162 3061 3236 Ecphantidi
3107 3162 3298 3219 deesse
3336 3174 3631 3237 putarent,

2035 3248 2266 3320 fumum
2302 3270 2408 3324 pro
2445 3246 2566 3305 luce
2603 3269 2728 3306 eum
2767 3250 2907 3305 dare
2949 3250 3306 3309 dictitabant.
3369 3276 3393 3301 u
3442 3252 3628 3308 Mein.

2055 3338 2168 3395 Sed
2207 3350 2382 3407 recte,
2426 3350 2492 3394 ut
2517 3340 2682 3395 nobis
2725 3338 2970 3409 videtur,
3001 3337 3324 3395 observavit
3358 3339 3633 3395 Lehrsius

2051 3429 2257 3499 Quaest.
2283 3428 2429 3501 epic.
2457 3446 2521 3501 p.
2543 3426 2641 3495 23,
2672 3452 2695 3476 α
2713 3445 2830 3482 non
2847 3425 3160 3481 admodum
3175 3426 3477 3500 probabile
3505 3444 3630 3482 esse

2054 3515 2166 3569 illis
2186 3516 2420 3571 vetustis
2449 3514 2802 3591 temporibus
2827 3523 3012 3588 poetae
3043 3514 3267 3569 comico
3300 3532 3369 3570 ex
3401 3514 3636 3571 dicendi

2058 3618 2266 3677 genere
2312 3620 2636 3677 cognomen
2680 3601 2992 3658 adhaesisse.
3040 3600 3284 3665 Κάπνίας
3333 3600 3640 3657 dicebatur

2055 3706 2232 3762 genus
2253 3689 2374 3743 vini
2400 3691 2496 3745 cui
2522 3690 2637 3745 sive
2665 3690 2866 3745 colore
2887 3689 3004 3744 sive
3028 3706 3245 3763 vapore
3263 3689 3380 3743 sive
3408 3699 3640 3762 tempe-

2054 3786 2314 3832 ramento
2347 3776 2541 3832 similis
2581 3778 2730 3833 visus
2767 3778 2864 3831 ille
2903 3776 3103 3834 homo.
3161 3801 3186 3824 υ
3237 3776 3421 3832 Unius
3451 3776 3638 3831 modo

2059 3861 2380 3918 fabularum
2399 3863 2768 3937 Eephantidis
2791 3863 2988 3919 titulus
3013 3872 3268 3936 superest
3297 3880 3312 3920 :

2667 4004 3018 4066 ΣΑΤΥΡΟΙ.

2146 4152 2352 4210 Athen.
2401 4151 2457 4221 3,
2503 4170 2567 4225 p.
2605 4150 2698 4223 96,
2738 4150 2805 4217 B,
2853 4150 2896 4206 C
2934 4166 2950 4207 ε
2986 4148 3112 4207 Τῶν
3157 4145 3202 4204 δ’
3243 4148 3410 4225 ἑφθῶν
3457 4146 3639 4204 ποδῶν

2068 4236 2447 4314 μνημονεύει...
2479 4234 2830 4315 Ἐκφαντίδης
2853 4234 2906 4291 ἐν
2935 4232 3210 4311 Σατύροις·
3235 4259 3260 4285 ι
3293 4230 3472 4297 Πόδας
3499 4254 3560 4289 τε
3592 4234 3640 4289 εἷ

2068 4324 2172 4381 δέοι
2195 4324 2479 4401 πριάμενον
2507 4327 2830 4401 καταφαγεῖν
2855 4317 3040 4398 ἑφθοὺς
3067 4320 3170 4387 ὑός.
3201 4346 3226 4371 ¹·
3273 4324 3639 4394 Depravata3

2067 4412 2379 4469 scribamus

2633 4608 3060 4664 SARRITRIX.

2067 4696 2246 4751 Nemo
2269 4702 2370 4763 est,
2399 4710 2470 4749 ne
2497 4694 2728 4751 ultimus
2755 4692 2977 4765 quidem
3006 4696 3304 4764 Mysorum.

2669 4781 3034 4837 TITACIDA.

1610 4838 1629 4899 (
1650 4838 1837 4889 ”enm
1889 4836 1972 4891 “d
2061 4869 2164 4925 Die
2181 4868 2316 4925 mihi
2340 4889 2352 4925 :
2378 4867 2543 4925 modo
2562 4867 2800 4939 negabas
2821 4874 2877 4923 te
2898 4874 3089 4923 natum
3113 4880 3230 4923 esse
3247 4884 3261 4933 ;
3281 4880 3430 4921 nunc
3450 4872 3636 4922 autem

2599 5042 2759 5096 FAB.
2805 5042 3091 5096 INCERT.
3497 4954 3636 5016 [ms.

2065 5129 2184 5182 Non
2216 5135 2550 5200 praeacutum
2575 5126 2917 5198 (gladium).
