3809 5850
497 444 608 494 272

493 585 590 621 τοι.
613 588 637 614 n
669 562 854 623 codd.
875 565 1108 620 Palatini
1134 561 1363 638 μάντεις.
1395 565 1570 621 Recte
1587 567 1781 642 Mein.,
1811 567 2053 621 immissa

489 653 664 708 altera
688 669 961 726 persona,

585 793 646 834 α.
683 766 764 832 Τί
785 769 981 858 λέγεις
1005 768 1107 845 σύ;
1138 765 1376 855 μάντεις
1408 764 1521 830 εἰσὶ
1541 763 1652 858 γὰρ
1686 766 2046 852 θαλάττιοι;

589 877 650 958 β.
681 872 902 938 Γαλεοί
941 897 1030 964 γε,
1059 871 1300 938 πάντων
1348 872 1619 962 μάντεων
1673 874 2049 964 σοφώτατοι.

497 1025 520 1048 «ι
551 1001 717 1054 Galei
747 998 822 1054 ad
846 1000 1102 1070 galeatos
1127 995 1406 1069 alludunt,
1443 1009 1846 1074 portentorum
1867 1001 2053 1056 inter—

487 1097 676 1159 pretes
703 1083 794 1160 (in
820 1086 1046 1142 Sicilia:
1072 1105 1131 1143 τ.
1163 1085 1388 1144 Ernesti
1420 1087 1577 1147 Clav.
1614 1087 1793 1145 Cicer.
1826 1105 1882 1162 p.
1920 1095 2049 1157 174.

487 1173 656 1232 Both.
673 1171 718 1246 )‚
741 1173 813 1228 de
831 1173 1039 1246 quibus
1055 1192 1110 1232 v.
1133 1173 1255 1232 Cic.
1276 1176 1362 1230 De
1383 1173 1560 1234 divin.
1594 1193 1648 1249 ι,
1684 1194 1785 1246 20,
1809 1186 1869 1230 et
1889 1175 2053 1234 AElia·

487 1281 596 1317 nus
617 1264 684 1320 V.
707 1264 781 1316 H.
811 1279 905 1331 12,
929 1262 1024 1327 46.
1052 1263 1252 1336 Itaque
1269 1264 1436 1318 etiam
1450 1262 1546 1318 hic
1573 1263 1704 1322 lusit
1729 1265 1790 1320 in
1809 1264 2052 1339 piscium

487 1351 896 1426 hominumque
921 1351 1152 1408 nomine
1173 1349 1348 1414 affini,
1387 1375 1412 1404 a
1447 1353 1498 1408 E
1525 1354 1610 1412 Μ.
1675 1425 1680 1430 ³

1241 1472 1295 1528 5.

565 1586 772 1644 Athen.
806 1583 943 1660 3‚p.
968 1584 1068 1660 86,
1089 1581 1136 1641 C
1170 1602 1187 1643 :
1215 1581 1384 1664 Ἀρχ.
1417 1582 1462 1640 δ’
1488 1585 1539 1641 ἐν
1568 1581 1700 1662 Ἰχθ.

581 1700 874 1786 Λεπάσιν,
902 1697 1161 1790 ἐχίνοις,
1186 1700 1492 1794 ἐσχάραις,
1527 1697 1798 1784 βελόναις
1823 1702 1890 1765 τέ
1922 1724 2045 1785 τοι,

1733 1804 1937 1871 κτεσίν
1958 1831 2047 1871 τε.

483 1933 642 1992 Libri
675 1934 860 1989 minus
880 1932 1261 2008 probabiliter
1287 1929 1405 2009 βελ.
1444 1951 1504 1988 τε
1547 1935 1656 1997 τοῖς
1696 1951 1782 1989 κτ.
1806 1951 1884 1988 τε.
1921 1926 2048 2006 Tol,

479 2039 618 2075 sane
629 2060 649 2087 ,
698 2021 860 2094 quasi
900 2021 1110 2077 belone
1151 2019 1442 2096 (german.
1475 2019 1825 2085 Meet-nodet,
1863 2017 2049 2073 Hom-

468 2109 621 2182 fisch
644 2107 788 2183 etc.)
812 2110 1071 2185 inprimis
1090 2108 1334 2184 probata
1362 2125 1454 2162 tv.
1491 2107 1669 2164 Stein.
1697 2107 1920 2164 Handb.
1951 2107 2056 2160 cler

483 2196 854 2271 Naturgesch.
870 2216 1005 2273 pag.
1024 2197 1163 2266 246.
1184 2191 1686 2274 Ἐσχάραις,,[οείε,
1703 2196 1763 2250 in
1773 2194 1932 2250 socos
1950 2193 2053 2249 irn-

479 2283 762 2356 ponendis
786 2285 862 2340 ad
886 2285 1252 2359 coquendum
1267 2285 1360 2340 vel
1382 2282 1708 2358 assandum,
1741 2282 1900 2358 quod
1917 2300 2052 2356 per-

483 2371 620 2425 tinet
639 2371 808 2426 etiam
821 2369 895 2428 ad
908 2373 1202 2446 sequentia
1223 2368 1338 2448 βελ.
1361 2391 1418 2426 τε
1445 2367 1620 2427 κτεσίν
1643 2390 1724 2429 τε.
1750 2369 2051 2444 Repetitur

484 2474 676 2513 versus
700 2477 762 2532 p.
798 2477 897 2533 90,
927 2459 1006 2529 1³¹3
1049 2458 1361 2533 utrobique
1400 2459 1462 2513 in
1497 2457 1660 2513 libris
1685 2457 1800 2534 βιλ.
1847 2477 1905 2512 τε
1946 2454 2051 2521 τοῖς

481 2540 710 2600 κτένεσίν
756 2565 839 2616 τε,
883 2546 992 2600 nisi
1044 2547 1205 2620 quod
1247 2548 1415 2603 Laur.
1453 2547 1512 2600 in
1549 2545 1724 2602 altero
1765 2543 1800 2602 l.
1853 2540 2048 2603 κτίσιν.

481 2629 743 2692 Correxit
770 2633 1083 2691 ltilinsleius.

1237 2747 1295 2805 6.

557 2857 806 2929 Ibidem,
830 2858 1030 2935 paucis
1057 2857 1365 2932 interjectis
1391 2875 1407 2917 ε
1432 2855 1552 2936 περὶ
1580 2853 1634 2914 δὲ
1659 2857 1762 2914 τῶν
1791 2854 2036 2935 κηρύκων

528 2940 588 3003 ”A
597 2966 686 3024 ρχ.
715 2942 841 3003 τάδε
868 2942 1012 3022 λέγει

587 3076 827 3171 Κῆρυξ,
859 3078 1180 3159 Θαλάσσης
1207 3079 1518 3173 τρόφιμος,
1554 3080 1676 3158 υἱὸς
1701 3078 2039 3173 Πορφύρας.

477 3214 674 3290 Pergit
697 3214 918 3293 ludere,
941 3228 1006 3272 ut
1026 3217 1092 3274 fr.
1122 3225 1156 3285 4
1181 3238 1198 3288 ;
1229 3230 1366 3274 nota
1383 3220 1535 3274 enim
1553 3219 1832 3292 Cerycum
1857 3238 2051 3275 sacer·

477 3302 678 3358 (lotum
705 3304 940 3361 Athenis
961 3305 1176 3362 familia
1203 3305 1286 3382 (v.
1313 3308 1486 3363 Thuc.
1516 3306 1572 3377 8,
1605 3305 1678 3363 53
1701 3305 1756 3383 );
1785 3308 2046 3364 Thalassa

475 3410 613 3446 vero
636 3404 694 3448 et
707 3394 1006 3467 Porphyra
1029 3395 1196 3451 simul
1213 3396 1517 3451 mulierum
1544 3396 1862 3452 Atticarum
1885 3406 2047 3453 erant

475 3482 736 3553 nomina,
760 3494 827 3539 ut
853 3484 1023 3544 Mein.
1051 3486 1372 3555 annotavit3
1396 3483 1466 3540 cf.
1498 3482 1696 3559 fragm.
1736 3503 1758 3539 1
1776 3504 1827 3542 1.

1230 3640 1285 3692 7.

555 3744 764 3803 Athen.
793 3766 850 3818 7,
881 3764 942 3819 p.
964 3763 1076 3817 277
1097 3789 1117 3818 ,
1151 3748 1197 3803 F
1231 3766 1244 3801 :
1273 3743 1587 3822 μνημονεύει
1629 3745 1682 3803 δ’
1707 3746 1882 3804 αὗτῶν
1912 3746 2043 3827 (τῶν

475 3836 674 3916 ἀμιῶν)
715 3837 870 3918 Ἄρχ.
916 3840 969 3897 ἐν
994 3839 1150 3918 Ἰχθ.,
1191 3838 1356 3917 λέγων
1394 3840 1556 3909 οὕτως
1603 3868 1628 3893 «ι
1660 3840 1790 3901 Ὅτε
1815 3844 1865 3901 δ’
1890 3834 2044 3915 ἦσθες

476 3922 637 3999 ἀμίας
665 3924 912 4004 παχείας.
939 3952 962 3981 υ
991 3930 1170 3986 Recte
1188 3932 1360 3988 Mein.

672 4084 754 4098 —
791 4042 918 4116 ὅτε
945 4042 1006 4116 δ’
1033 4051 1231 4128 ἥσθιες

571 4154 758 4245 ἀμίας
789 4156 1047 4249 παχείας
1067 4208 1086 4241 ,

1475 432 1886 495 COMOEDIAE
1924 433 2264 496 VETEms
2310 434 2723 508 RELIQUIAE.

2898 582 2953 636 8.

2228 701 2387 757 Idem
2414 701 2496 759 ib.
2526 720 2588 776 p.
2632 700 2773 772 301,
2815 703 2861 758 Α
2899 721 2909 754 z
2960 699 3167 779 ἑψητὸς,
3215 699 3301 758 ἐπὶ
3342 703 3439 758 τῶν
3478 703 3627 758 λεπτῶν
3666 745 3668 750 .

2146 787 2391 865 ἰχθυδίων
2506 781 2564 846 'A
2574 808 2661 865 ρχ.
2687 785 2825 866 Ἰχθ.
2852 815 2877 838 «ι
2908 786 3017 847 Καὶ
3038 787 3133 858 τὴν
3152 787 3247 864 μὲν
3273 787 3435 868 ἀφύην
3452 789 3625 846 καταπέ-

2144 895 2321 932 πωκεν
2339 873 2529 954 ἑψητὸς
2549 873 2800 953 ἐντυχών.
2832 901 2857 927 »
2884 877 3230 948 Scribamus,
3252 876 3497 933 facillime
3518 880 3627 933 resti·
3668 881 3670 896 ⁵

2142 965 2275 1019 tutis
2294 965 2549 1020 versibus
2576 976 2634 1020 et
2668 964 2878 1021 mendo
2892 1009 2906 1034 ,
2947 964 3019 1021 de
3053 984 3170 1039 quo
3192 984 3311 1021 non
3332 977 3411 1022 est
3429 965 3629 1022 dubitan-

2140 1050 2299 1120 dum,
2322 1063 2582 1108 correcto
2596 1096 2613 1124 ,
3670 1057 3672 1060 ⁴

2236 1163 2365 1232 Καὶ
2406 1169 2517 1240 τὴν
2554 1171 2661 1258 μὲν
2689 1167 2882 1258 ἀφύην
2911 1167 3352 1236 καταπέπωκεν
3382 1167 3595 1256 ἐντυχὼν
3672 1189 3674 1192 ⁴

2238 1268 2477 1359 ἑψητόν.

2142 1398 2370 1479 Ἑψητὸν
2396 1403 2613 1460 dictum
2651 1407 2821 1462 attice
2842 1425 2953 1481 pro
2978 1403 3195 1484 ἑψητὴν,
3220 1415 3287 1460 ut
3320 1404 3537 1480 γλῶσσαν
3576 1406 3637 1478 ἆρ-

2139 1485 2230 1565 γὸν
2253 1508 2361 1564 pro
2382 1487 2802 1567 ἀργὴνΡΙιὶΙοοῐ.
2829 1513 2926 1568 97,
2951 1495 3053 1549 ubi
3070 1514 3128 1552 v.
3146 1503 3430 1551 annotata.
3452 1517 3473 1542 κ
3488 1491 3637 1564 Αρὶῃιι
3676 1491 3678 1494 ⁴

2139 1578 2511 1634 meretriculae
2560 1598 2791 1638 nomen.
2830 1581 3069 1636 Bekkeri
3109 1581 3328 1639 Anecd.
3351 1599 3412 1654 p.
3438 1577 3637 1648 203,15‚
3678 1625 3680 1628 Α

2140 1661 2301 1743 Ἀφύα
2348 1686 2362 1722 :
2407 1663 2571 1741 ὄνομα
2618 1665 2849 1746 ἑταίρας.
2894 1661 3093 1738 Ιἐκλήθη
3157 1665 3213 1724 δὲ
3260 1665 3433 1746 οὕτως
3457 1665 3543 1722 ἀπὸ
3575 1668 3637 1732 ἰἦι
3680 1717 3682 1746 =

2142 1749 2331 1832 ἀφύης,
2383 1752 2480 1811 ὅπε
2560 1754 2701 1812 ἐστὶν
2774 1754 3007 1833 ἰχθύδιον
3060 1754 3284 1834 φαῦλον,
3336 1753 3422 1813 καὶ
3472 1751 3637 1828 λυπρόν·

2139 1838 2359 1912 τοιαύτη
2386 1841 2440 1900 δὲ
2518 1865 2543 1898 ν
2568 1841 2659 1900 καὶ
2686 1846 2720 1913 ἠ
2748 1843 2954 1922 ἑταίρα,
2980 1845 3051 1910 ὥς
3077 1845 3267 1918 ἔοικεν,
3296 1843 3384 1924 ἀφ’
3412 1832 3466 1900 οὗ
3484 1840 3557 1898 καὶ
3574 1839 3641 1906 τὴν
3682 1887 3684 1890 ⁴

2139 1927 2491 2008 προσηγορίαν
2523 1927 2695 2010 ἔσχεν.
2720 1933 2953 1988 Rectius
2990 1932 3147 1988 haud
3193 1932 3371 1988 dubie
3395 1927 3645 2004 Apollodo-

2139 2035 2235 2072 rus
2267 2019 2481 2078 Athen.
2518 2019 2607 2090 13,
2633 2039 2695 2095 p.
2750 2018 2885 2089 586,
2925 2021 2994 2092 A,
3030 2021 3366 2096 Stagonium
3398 2031 3452 2076 et
3486 2017 3647 2076 Anthin

2144 2103 2477 2183 (Anthium)
2506 2111 2835 2166 meretrices
2876 2109 3007 2168 ideo
3051 2128 3229 2186 apuas
3259 2109 3543 2186 appellatas
3564 2121 3647 2160 esse
3687 2145 3688 2148 η

2144 2194 2245 2265 ait,
2271 2191 2353 2252 ὅτι
2390 2195 2482 2254 καὶ
2519 2196 2703 2255 λευκαὶ
2723 2195 2816 2254 καὶ
2840 2196 3029 2255 λεπταὶ
3057 2187 3235 2269 οὖσαι,
3276 2195 3393 2262 τοὺς
3414 2191 3647 2275 ὀφθαλμοὺς

2141 2282 2397 2359 μεγάλους
2425 2273 2587 2362 εἶχον.
2640 2286 2788 2346 Ibid.
2842 2284 2911 2355 8,
2962 2305 3024 2360 p.
3064 2285 3201 2356 339,
3234 2287 3302 2344 Β.
3331 2313 3356 2337 ι
3396 2287 3554 2341 Mein.
3581 2279 3643 2338 Cf·

2144 2369 2335 2428 Calliae
2354 2372 2590 2447 Cyclop.
2624 2371 2681 2431 5.

2229 2559 2389 2652 Idem
2418 2597 2497 2656 ib.
2522 2615 2583 2672 p.
2622 2595 2757 2668 315,
2788 2599 2853 2667 B,
2880 2505 2953 2654 ἕο
2972 2589 3160 2673 orpbo
3184 2615 3199 2652 ε
3236 2593 3391 2674 Ἀρχ.
3420 2593 3461 2651 δ’
3482 2589 3643 2666 ἐνἸχθ.

2491 2706 2507 2730 ἱ
2595 2707 2620 2732 τ’
2704 2714 2720 2742 9
2806 2713 2821 2734 ν

2240 2703 2416 2801 ἱερεὺς
2443 2735 2554 2802 γαρ
2587 2710 2699 2782 ηλθ
2759 2717 3028 2776 αυτοῒσιν
3063 2711 3263 2801 ὀρφὼς
3291 2718 3397 2775 τοῦ
3423 2707 3555 2774 Θεοῦ.

2138 2837 2229 2892 Sic
2258 2835 2393 2894 edd.
2440 2849 2497 2892 et
2532 2837 2707 2893 codd.
2737 2839 2855 2894 vt..
2898 2839 2990 2893 τοῦ
3016 2839 3154 2894 Θεοῦ.
3186 2837 3339 2896 cod.
3365 2837 3408 2890 P
3432 2835 3513 2890 τοῦ
3536 2828 3647 2892 θεῶν,

2136 2925 2512 3000 superscripto
2536 2928 2613 2982 οῦ.
2642 2928 2739 2984 ΑΒ
2768 2930 2860 2983 τοῦ
2884 2928 3036 2986 θεῶν.
3066 2925 3499 3000 SchweighaeuS.
3524 2913 3651 2995 ὀρφώς

2137 3033 2228 3069 του
2256 3013 2405 3072 θεῶν.
2440 3014 2617 3069 Paulo
2646 3024 2779 3088 post
2800 3014 3001 3071 Athen.
3030 3030 3046 3071 ε
3077 3010 3173 3081 τὴν
3200 3010 3383 3087 μέντοι
3410 3004 3561 3075 ἑνικὴν
3589 3003 3651 3059 εὖ·

2136 3104 2278 3159 θεῑαν
2294 3096 2543 3166 ὀξυτόνως
2564 3098 2909 3179 προφέρονται
2932 3096 3354 3179 Ἀττικοί.Ἄρχ.
3378 3091 3653 3175 'maman

2138 3188 2429 3267 πρόκειται.
2470 3214 2496 3237 ⁸
2536 3190 2753 3249 Contra
2785 3189 3066 3248 Arcadius
3091 3191 3181 3244 De
3232 3198 3455 3246 accent.
3490 3204 3545 3258 p-
3581 3186 3653 3254 94,

2137 3274 2171 3332 5
2196 3294 2211 3334 :
2235 3272 2302 3333 τὰ
2316 3274 2373 3333 δὲ
2395 3276 2566 3351 λαγῶς
2584 3275 2675 3333 καὶ
2702 3277 2871 3355 ὀρφῶς
2890 3277 3273 3354 περισπῶνται.
3306 3274 3551 3332 Pluribus
3564 3270 3650 3323 haet

2134 3376 2459 3438 persecutus
2482 3374 2565 3421 est
2582 3366 2854 3441 Bergkius
2874 3366 3219 3425 Commentt.
3249 3383 3311 3441 p.
3344 3362 3453 3431 418
3472 3376 3607 3433 seqq·
3634 3383 3649 3399 ²·

2140 3452 2189 3506 E
2210 3452 2303 3509 M.
2330 3452 2413 3511 Cf.
2442 3452 2642 3529 fragm.
2683 3473 2779 3512 12.

2876 3587 2967 3624 10.

2213 3688 2376 3744 Idem
2402 3690 2483 3749 ib.
2535 3710 2597 3764 p.
2632 3689 2787 3758 312,
2834 3693 2881 3747 Δ
2927 3705 2944 3747 :
2990 3676 3063 3744 ὧν
3118 3680 3442 3761 (μαιωτῶν)
3490 3694 3659 3753 μνῆμ’

2134 3772 2267 3832 νεύει
2296 3771 2449 3855 Ἄρχ.
2482 3778 2535 3834 ἐν
2566 3775 2704 3855 Ἰχθ.
2738 3773 2825 3834 διὰ
2856 3772 3076 3833 τούτων·

2230 3920 2303 3929 -
2336 3892 2483 3970 Τοὺς
2519 3895 2826 3984 μαιώτας,

2242 3998 2345 4064 καὶ
2380 3992 2703 4091 σαπέρδας,
2738 3995 2839 4063 καὶ
2866 3986 3183 4089 γλάνιδας.

2135 4125 2391 4192 Μαιώτας
2432 4129 2605 4186 Arch.
2629 4130 2811 4203 pisces
2831 4124 3110 4200 quosdam
3129 4122 3327 4179 dicere
3340 4118 3555 4175 videtur
3578 4112 3665 4167 rre-

2130 4228 2364 4289 quentes
2390 4217 2449 4271 in
2474 4215 2685 4291 palude
2724 4214 3002 4280 Maeotide,
3035 4208 3293 4265 alludens
3328 4207 3405 4263 ad
3434 4208 3655 4268 Maeoms,

477 4291 779 4347 observans
796 4333 814 4362 ‚
847 4294 1180 4351 vetustiores
1220 4296 1443 4353 Atticos
1471 4307 1796 4354 constanter
1835 4299 2041 4357 dixisse
2130 4304 2366 4377 Scythiae
2392 4304 2693 4377 populum,
2719 4301 2793 4356 de
2821 4298 3027 4374 quibus
3044 4296 3257 4351 Plinius
3284 4298 3362 4354 Η.
3394 4293 3463 4352 Ν.
3486 4298 3539 4365 li,
3570 4306 3627 4343 ¹⁴²
3651 4300 3662 4338 ἶ

475 4375 681 4449 ἐσθίειν,
711 4397 832 4435 non
857 4378 1044 4441 ἔσθειν.

2130 4393 2184 4444 Α
2211 4392 2368 4463 Buge
2392 4388 2572 4467 (Buce
2592 4390 2739 4445 Mela
2756 4406 2817 4457 α,
2851 4406 2901 4457 1,
2922 4404 2945 4441 ι
2958 4382 3024 4459 6)
3048 4403 3215 4458 super
3234 4386 3474 4439 &Im-otia
3496 4380 3669 4433 Sanm-

1225 4574 1279 4623 4.

473 4664 525 4705 a.
551 4648 696 4721 Quid
723 4658 786 4708 tu
805 4650 884 4708 ais
903 4654 929 4707 ἰ’
949 4660 1080 4710 sunt
1107 4654 1254 4711 enim
1283 4662 1432 4712 vates
1455 4657 1693 4713 marini?

2131 4559 2305 4615 amias
2332 4574 2557 4616 crassas.

473 4734 530 4791 b.
561 4735 718 4793 Galei
745 4737 1058 4805 (stelliones
1078 4742 1130 4809 Ρ)
1154 4739 1399 4813 quidem,
1419 4752 1604 4799 vatum
1627 4743 2034 4817 sapientissimi.
2131 4738 2201 4790 Et
2222 4749 2417 4807 apuam
2438 4732 2660 4807 quidem
2684 4732 2825 4790 sorte
2858 4732 3131 4788 iuvenum
3156 4728 3411 4799 deglutiit

1229 4835 1281 4884 5.

473 4909 800 4979 Lepedibus,
825 4912 1032 4971 echinis
1047 4956 1064 4984 ‚
1091 4915 1248 4985 focis,
1274 4926 1327 4974 et
1346 4932 1474 4975 sane
1498 4918 1706 4976 belonis
1726 4914 2051 4987 pectinibus·

1215 5009 1268 5059 6.
1988 5050 2015 5061 ,.

472 5086 670 5153 Ccryx‚
696 5084 971 5145 Thalassae
999 5088 1272 5157 alumnus,
1303 5089 1452 5145 {ilius
1477 5092 1785 5163 Porphyrae.
1867 5018 1996 5079 [que

1212 5184 1262 5232 7.

613 5260 844 5327 Quando
872 5262 1070 5320 edebas

2886 4650 2945 4700 8.

2130 4830 2363 4876 coetum.

2881 4910 2934 4960 9.

2130 4992 2387 5049 Sacerdos
2415 4992 2559 5049 enim
2580 4990 2781 5065 orphus
2806 4988 2895 5047 dei
2920 4988 3169 5046 convenit
3196 5000 3310 5041 cos.

2866 5082 2949 5130 ¹0.

2308 5184 2375 5237 Et
2402 5190 2624 5238 'inmotas
2646 5223 2661 5249 ‚

2130 5278 2181 5325 et
2214 5266 2488 5341 sapei-dam
2515 5274 2569 5325 et
2593 5266 2859 5357 glanideS·
