3809 5850
1460 462 1647 525 ANTl
1656 462 1970 526 manns,

265 598 513 689 γλαύκου
542 601 821 688 προτομὴ
840 646 861 684 ,
894 597 1151 691 γόγγρου
1172 602 1401 688 κεφαλὴ
1424 650 1445 681 ,

184 698 217 767 5
267 702 556 795 βατράχου
583 706 840 796 γαστὴρ,
872 702 1073 770 θύννου
1092 702 1341 790 λαγόνες
1362 752 1381 788 ,

265 801 501 891 βατίδος
528 816 749 893 νῶτον,
773 808 1025 901 κέστρας
1043 808 1222 899 ὀσφὺς
1247 857 1266 892 ,

204 908 229 941 ⁴¹
257 910 476 1000 ψήττας
503 911 714 1004 κίοχος
734 961 754 998 ,
789 912 987 1004 μαινὶς
1008 964 1027 999 ,
1060 912 1225 1005 καρὶς
1247 961 1266 997 ,

262 1017 463 1111 τρίγλη
485 1068 505 1100 ,
550 1017 722 1107 φυκίς
736 1038 753 1055 ·

258 1132 371 1189 τῶν
396 1127 688 1191 τοιούτων
718 1116 907 1215 μηδὲν
938 1125 1199 1193 ἀπέστω.

142 1244 301 1299 Altero
319 1244 447 1299 loco
473 1239 580 1302 ετὰ
602 1239 659 1300 δὲ
679 1240 829 1323 παρᾶ
851 1250 960 1310 τοῖς
983 1240 1395 1323 κωμῳδιοποιοῖς
1419 1239 1675 1321 λεγόμενα

140 1330 291 1389 δεῖπνα
324 1330 540 1405 ἡδίστην
566 1328 731 1405 ἀκοὴν
768 1331 993 1413 παρέχει
1020 1339 1129 1401 τοῖς
1166 1330 1267 1391 ὠσὶ
1303 1332 1503 1409 μᾶλλον
1547 1327 1583 1401 ἢ
1608 1334 1674 1411 τῇ

140 1419 359 1567 φάρυγγδιὲ·
384 1418 663 1567 deputent&
689 1420 821 1503 παρ’
858 1419 1151 1501 Ἀντιφάνει
1178 1417 1273 1497 μὲν
1306 1420 1362 1478 ἐν
1400 1418 1673 1501 Ἀκεστρίᾳ

218 1511 265 1565 ἐν
369 1506 451 1569 Κύ
652 1530 785 1590 φησι

152 1637 215 1683 lo
257 1625 380 1685 Τῶν
406 1616 707 1711 χερσαίων
734 1610 795 1685 δ’
819 1621 961 1709 ὑμῖν
988 1610 1123 1695 ἥξει

256 1720 384 1816 παρ’
410 1727 561 1815 ἐμοῦ
587 1722 798 1791 ταυτί·

263 1831 396 1912 βοόἱς
422 1830 709 1924 ἀγελαῖος
726 1878 747 1916 ,
775 1826 994 1920 τράγος
1019 1821 1311 1905 ἠλιὸοίτας
1336 1876 1355 1909 ,

256 1930 348 2010 αἲξ
374 1934 653 2027 οὐρανία,
685 1934 850 2027 κριὸς
879 1932 1129 2023 στομίας
1148 1982 1169 2017 ,

260 2039 466 2131 καίπρος
499 2038 828 2133 ἐκτομίας,
858 2035 923 2116 ὗς
951 2042 1017 2104 οὐ
1038 2036 1291 2131 τομίας,

160 2136 220 2208 15
264 2140 517 2237 δέλφαξ,
558 2136 911 2230 δασύπους,
943 2144 1245 2238 ἔριφοι....

262 2252 681 2346 τυρὸςχλωρὸς
702 2300 722 2336 ,
753 2252 922 2343 τυρὸς
951 2250 1121 2343 ξηρὸς
1143 2301 1163 2335 ,

260 2356 417 2447 τυρὸς
438 2356 699 2445 κοτε-τὸς,
722 2360 897 2450 τυρὸς
930 2352 1140 2435 ξυστὸς
1162 2406 1181 2442 ,

262 2462 413 2567 τυρὸς
437 2464 681 2555 τμητὸς
702 2512 723 2550 ,
760 2460 929 2557 τυρὸς
956 2462 1206 2539 πηκτός.

152 2566 367 2647 Cyclopis
381 2574 589 2645 verba,
619 2572 778 2629 haud
803 2574 991 2631 dubie·
1006 2571 1405 2649 conjungenda
1420 2612 1439 2641 ,
1466 2571 1673 2645 quibus

152 2662 631 2737 pratemavigantes
682 2662 935 2719 allexisse
974 2662 1261 2739 putandus
1296 2670 1397 2719 est.
1424 2662 1603 2717 Versu
1642 2678 1665 2714 1

156 2756 273 2801 recte
294 2750 451 2805 Mein.
491 2750 645 2826 ὗμῑν,
688 2760 759 2807 ut
798 2750 987 2807 codex
1016 2752 1062 2808 C
1080 2792 1097 2822 ,
1126 2768 1237 2827 pro
1270 2744 1415 2823 ἡμῖν.
1454 2746 1673 2803 Deinde

158 2830 254 2887 libri
286 2834 507 2913 κεστρεὺς
546 2832 803 2913 ὖμήττιος
816 2878 835 2909 ,
876 2837 1039 2913 quod
1095 2848 1294 2915 aperte
1334 2844 1671 2909 corruptum

158 2916 417 2999 Schweigh.
447 2945 565 2982 non
598 2927 685 2984 ita
710 2927 861 2983 male
898 2927 1156 2982 mutabat
1190 2925 1251 2980 in
1288 2922 1494 2996 ν’ἥστις,
1532 2939 1673 2995 pro-

160 3005 287 3065 hante
298 3012 569 3071 Erfixrdtio
580 3015 827 3072 Observ.
838 3033 900 3091 p.
919 3014 1033 3082 463
1044 3059 1057 3072 .
1074 3013 1277 3070 Maluit
1290 3021 1480 3067 tamen
1494 3009 1666 3068 Mein.

160 3093 347 3152 Porsoni
367 3098 583 3177 τμητὸς,
604 3119 731 3176 quo
754 3119 876 3156 non
896 3101 1085 3157 minus
1104 3098 1427 3157 verosimile
1446 3095 1673 3153 videtur

161 3177 449 3243 homericum
488 3185 697 3264 ἀμαλὸς
739 3207 920 3263 quum
957 3210 992 3245 α
1020 3197 1079 3245 et
1109 3209 1166 3262 υ,
1196 3187 1527 3263 pariterque
1554 3183 1587 3240 λ
1613 3194 1673 3240 et

162 3287 185 3318 τ
208 3269 383 3330 litteras
404 3276 695 3334 interdum
720 3276 981 3333 consum
1010 3293 1130 3334 esse
1160 3277 1221 3331 in
1247 3275 1409 3332 libris
1434 3283 1668 3331 constet.

166 3355 212 3414 V.
234 3377 259 3430 7
280 3385 299 3411 ι
314 3372 365 3419 et
378 3359 545 3440 κίσχος
560 3365 837 3424 vitiosum
858 3374 961 3435 est,
984 3371 1042 3421 ct
1060 3358 1281 3444 ψήττας.
1296 3360 1671 3421 Scribendum

166 3445 338 3506 videtur
358 3453 553 3529 ψῆττα,
578 3451 778 3533 ξίφεος,
800 3453 893 3510 vel
921 3448 1109 3530 ξιφίας.
1140 3451 1382 3526 Hesych.
1422 3447 1618 3528 Ξιφίας
1653 3464 1669 3508 :

168 3525 427 3606 ἰιῡὺςποιός.
450 3537 635 3620 Ξίφος
660 3561 677 3596 2
710 3537 921 3616 ὁμοίως.
951 3539 1345 3596 Archestratus
1366 3537 1574 3596 Athen.
1614 3553 1671 3608 7,

166 3634 211 3688 P.
236 3620 343 3693 314,
360 3627 403 3682 E
416 3647 436 3682 .-

224 3724 333 3784 ἆλλὰ
350 3729 470 3790 λαὸὲ
495 3731 661 3814 ξιφίου
690 3729 929 3811 τέμαχος
943 3775 961 3804 ,
988 3719 1273 3800 Βυζάντιον
1296 3725 1484 3789 ἰλθῶν.

170 3829 301 3887 Versu
326 3853 385 3892 12
410 3839 535 3899 cod.
560 3843 632 3900 L.
663 3835 949 3909 ὖλιὸἄτης,
980 3841 1071 3896 PV
1098 3833 1349 3902 ὗλιὸἄτας
1364 3878 1383 3911 ,
1404 3835 1451 3893 C
1472 3832 1675 3906 ὓληὸοί-

172 3933 253 3978 τᾶς.
302 3921 616 4000 suspicabar
666 3928 812 3984 olim
854 3925 1111 4006 ὓψιὸάτας
1126 3966 1143 3997 ,
1192 3925 1295 3983 sed
1341 3943 1541 3981 verum
1589 3939 1673 3985 est

172 3999 288 4062 haud
310 4011 459 4072 dubie
489 4014 780 4089 ἠλιὸάτας,
811 4017 972 4092 quod
995 4017 1227 4094 reposui
1264 4033 1335 4072 ex
1374 4015 1669 4072 Eustathio

174 4089 227 4142 ad
242 4095 378 4156 Hom.
400 4119 457 4176 p.
486 4104 666 4175 1753,
702 4123 781 4162 αα
812 4121 829 4162 2
862 4101 1011 4182 παρὰ
1038 4101 1092 4160 δὲ
1121 4093 1407 4183 Ἀντιφάνει
1443 4101 1669 4161 ἐπαινῶν

176 4163 267 4250 αἶῗῑ
290 4184 313 4238 ὅ
336 4185 549 4269 Κύκλωψ
591 4191 739 4268 λέγει
784 4189 1093 4269 οὐρανίαν
1123 4177 1283 4267 αἶγα
1324 4190 1379 4247 ἐν
1415 4191 1491 4267 τῷ
1520 4193 1671 4268 βοῦς

178 4261 461 4345 iulum,
500 4281 745 4359 ταῦρος
777 4279 1018 4356 (sic,ut
1053 4279 1223 4335 etiam
1258 4278 1389 4337 cod.
1422 4279 1467 4336 C
1492 4279 1667 4336 Athe·

178 4353 285 4430 1¹23)
307 4359 655 4438 ἢλιὸἄτας,
689 4362 803 4434 αἲξ
825 4365 1280 4445 οὗρανία,κτλ.
1309 4366 1398 4425 Cf.
1420 4366 1671 4422 Anaxilae

3217 484 3326 535 372

1762 596 1986 651 enormi
2021 595 2445 670 magnitudine,
2476 616 2534 657 v.
2549 617 2603 656 c.
2631 593 2882 669 ἦλίὸατον
2914 598 3076 659 κακὸν
3095 621 3190 679 ap.
3213 606 3330 661 Da-

1760 700 2068 738 moxennm
2112 684 2421 758 Syntroph.
2467 684 2575 755 233
2613 686 2708 743 sed
2746 685 2938 767 τράγον
2965 700 3024 745 et
3085 684 3324 765 δέλφακα

1761 772 1956 827 nescio
1979 788 2053 827 an
2082 772 2292 827 rectius
2317 773 2592 849 intelligas
2615 790 2821 849 aprum
2843 786 2900 833 et
2925 794 3082 833 suem
3101 770 3162 833 in
3182 797 3331 834 sum-

1762 857 1958 913 mitate
1975 858 2258 914 montium
2277 869 2580 916 versantes.
2601 861 2792 918 Schol.
2811 865 3009 922 Venet.
3035 864 3203 923 Iliad.
3237 870 3331 942 15,

1764 942 1908 1020 273,
1929 945 2198 1003 laudante
2217 946 2511 1003 Lobeckio
2533 947 2779 1025 Paralip.
2802 968 3042 1025 gramm.
3069 970 3120 1023 1,
3134 971 3197 1027 p.
3219 952 3330 1011 80:

1763 1027 2014 1109 αίγαγρος
2037 1033 2142 1091 τῶν
2161 1030 2551 1104 ἡλιὸατοῦντων
2577 1034 2709 1093 ἐστί.
2736 1041 2942 1095 Versus
2975 1038 3069 1111 13,
3107 1048 3198 1109 14,
3232 1042 3332 1096 16·

1771 1118 1841 1175 18
1876 1119 2044 1177 affert
2079 1118 2330 1179 Eustath.
2363 1140 2428 1197 p.
2467 1120 2618 1197 1524
2637 1166 2656 1199 ,
2703 1124 2774 1181 13
2818 1141 2834 1184 ε
2886 1124 3332 1201 ὁμοιοκαταληξία

1763 1201 1819 1265 δὲ
1863 1204 2187 1284 παιγνιῶδης
2229 1205 2321 1265 καὶ
2359 1206 2421 1267 τὸ
2461 1207 2652 1289 τυρὸς
2693 1210 2973 1290 χλωρὸς,
3015 1211 3198 1292 τυρὸς
3228 1211 3334 1291 ξη-

1764 1289 1865 1372 ρὸς
1882 1334 1980 1365 ,...
2007 1290 2086 1353 ἔτι
2107 1292 2164 1354 δὲ
2198 1292 2371 1355 καὶτὸ
2395 1291 2498 1361 αἲξ
2521 1298 2670 1376 οὖρ.,
2705 1297 2890 1377 κριὸς
2911 1297 3113 1373 τομίας
3146 1302 3330 1379 (sic),

1763 1379 2018 1461 κάπρος
2064 1383 2232 1455 ἐκτ.,
2251 1373 2320 1449 ὗς
2345 1382 2412 1441 οὗ
2439 1405 2584 1461 τομ.
2610 1387 2698 1442 Dc
2726 1404 2900 1462 capra
2926 1388 3138 1444 coelesti
3161 1407 3334 1462 quam

1764 1470 1988 1526 comico
2027 1472 2224 1547 lepore
2249 1471 2489 1545 reliquis
2525 1472 2856 1545 immiscuit,
2897 1493 2956 1533 v.
3002 1474 3080 1531 ad
3121 1474 3334 1532 Cratini

1764 1556 2040 1617 Chirones
2063 1577 2132 1615 αι
2157 1559 2370 1636 (Quam
2389 1570 2581 1616 tamen
2601 1562 2770 1617 simul
2794 1564 3048 1637 proprie,
3071 1566 3334 1638 quamvis

1761 1663 1869 1720 per
1886 1644 2129 1721 figuram
2142 1686 2162 1717 ,
2184 1646 2397 1704 dictam
2417 1658 2586 1721 putes
2607 1652 2722 1705 alte
2747 1652 3153 1707 ascendentem.
3171 1652 3329 1709 Libri

1762 1730 1965 1807 τομίας,
1975 1734 2123 1790 male
2135 1753 2242 1810 pro
2259 1754 2368 1792 στο
2377 1730 2495 1810 μία
2507 1756 2554 1807 ς,
2574 1736 2705 1793 duri
2721 1738 2854 1809 oris,
2867 1737 3040 1810 ferus,
3059 1758 3292 1817 pugnax
3311 1759 3328 1797 ι

1761 1838 1821 1880 v.
1856 1820 2095 1880 Aristot.
2129 1824 2205 1880 H.
2228 1822 2404 1893 A,6,
2437 1841 2506 1894 17
2530 1843 2588 1881 α.
2630 1826 2836 1903 Both.)
2870 1828 2938 1886 V.
2971 1827 3041 1886 15
3071 1830 3334 1885 lacunam

1762 1907 2035 1965 indicavit
2077 1910 2343 1969 Dindorf.
2384 1909 2528 1968 Eam
2568 1914 2796 1988 expleas
2839 1931 2983 1971 voce
3023 1937 3056 1973 τ
3071 1912 3224 1995 ροφί
3238 1937 3331 1989 αι,

1763 2012 1940 2070 quam
1967 1996 2134 2054 facile
2156 1996 2508 2073 neglexerint
2527 2010 2658 2074 post
2687 2001 2928 2058 similem
2959 1999 3122 2080 ἔριφοι
3154 2023 3168 2059 2
3200 2014 3332 2079 apte

1762 2082 1912 2137 enim
1941 2078 2108 2161 ἔριφοι
2119 2079 2328 2161 τροφίαι
2351 2096 2728 2161 opponuntur
2743 2078 2826 2163 βοῒ
2845 2086 3096 2167 ἀγελαίῳ.
3117 2090 3286 2145 Both.
3308 2088 3327 2165 )

1763 2168 1949 2225 Verba
1995 2166 2146 2246 τυρὸς
2193 2166 2384 2236 κοπτὸς
2429 2182 2489 2228 et
2538 2193 2591 2228 τ.
2641 2170 2838 2248 τμητὸς
2889 2176 3120 2251 respicit
3175 2178 3328 2237 Eust.

1762 2254 1988 2331 p-872‚
2025 2275 2136 2331 11,
2165 2268 2310 2335 etp.
2355 2278 2527 2331 1001,
2559 2257 2656 2321 51.
2688 2263 2890 2321 »EM
3235 2284 3242 2291 ·

1842 2472 2051 2531 Pollux
2078 2494 2143 2551 9,
2173 2472 2249 2532 88
2278 2494 2295 2533 2
2329 2473 2454 2554 παρ’
2483 2474 2770 2557 Ἀντιφάνει
2799 2476 2852 2536 ἒν
2879 2478 2956 2557 τῷ
2987 2475 3247 2537 Κύκλωπι

1858 2620 1960 2632 -
1987 2583 2202 2675 Κέρμα
2219 2582 2332 2676 γοίρ
2352 2609 2420 2650 τι
2445 2584 2752 2679 τυγχοίνω.

1762 2702 1928 2760 Idem
1955 2722 2010 2774 7,
2050 2722 2160 2775 170
2186 2722 2202 2761 ε
2229 2700 2474 2783 κέρματα
2496 2701 2551 2764 δὲ
2574 2705 2784 2763 πολλῶν
2807 2705 3164 2779 πληθυντικῶς
3189 2706 3331 2787 εἴρη-

1761 2787 1949 2863 κότων,
1975 2788 2088 2869 κέρ
2103 2812 2190 2866 μα
2215 2792 2397 2856 ἑνικῶς
2409 2786 2603 2871 Ἄμφις
2626 2789 2831 2869 εἴρηκεν
2857 2792 2910 2848 ἒν
2935 2790 2990 2851 Ἀ
2998 2792 3330 2873 μπελουργῷ,

1760 2874 1853 2936 καὶ
1882 2877 2022 2940 Ἀντ.
2067 2876 2347 2940 Κύκλωπι.
2378 2882 2610 2938 Dictum
2650 2878 2823 2960 κέρμα
2862 2901 2916 2938 τι
2947 2878 3194 2960 τυγχάνω
3219 2901 3330 2960 pro

1760 2966 2062 3026 usitatiore
2086 2964 2347 3047 κέρματός
2365 2989 2498 3033 τινος
2519 2990 2598 3040 τ.,
2629 2979 2695 3025 ut
2720 2969 2888 3028 Iliad.
2919 2974 2975 3042 4,
3005 2968 3115 3027 105
3143 2987 3158 3028 :
3185 2968 3330 3048 αἰγὸς

1763 3052 1972 3132 ἀγρίου,
2016 3051 2073 3112 ὃν
2207 3053 2469 3134 τυχήσας,
2513 3067 2654 3132 οἱα,
2696 3056 2797 3112 1ὼί
2840 3057 3017 3115 schol.
3049 3055 3326 3136 ἐπιτυχών.

1761 3143 1996 3218 Eupolis
2011 3141 2292 3219 Prospalt.
2319 3143 2352 3200 3
2385 3163 2402 3200 :
2435 3140 2610 3222 τυχὼν
2640 3141 2835 3205 πάντα.
2865 3146 3156 3221 Polyzelus
3179 3147 3330 3206 Μου-

1762 3229 1868 3288 σῶν
1894 3231 2070 3307 γοναῖς
2099 3250 2123 3287 1
2155 3249 2170 3287 2

1838 3339 1978 3422 ἱερὸν
2003 3337 2107 3422 γὰρ
2128 3339 2188 3401 ὃν
2219 3339 2512 3420 τετύχηκας
2539 3339 2795 3422 ἕπακρίου
2817 3340 2964 3409 Διός.

1760 3455 2073 3516 Meiucltius
2097 3465 2288 3515 tamen
2313 3452 2494 3515 λαθὼν
2512 3455 2786 3514 excidisse
2807 3467 2988 3532 putat.

2188 3612 2455 3674 Lxxvl.
2507 3581 2898 3672 mprxozss

1848 3778 1872 3802 σι
1908 3752 2136 3809 Certum
2155 3762 2236 3810 est
2249 3793 2266 3823 ,
2287 3751 2454 3826 hujus
2469 3751 2740 3808 dramatis
2759 3751 2982 3807 titulum
3000 3769 3118 3806 non
3129 3769 3327 3824 peram

1760 3836 2106 3915 significare,
2161 3838 2264 3894 sed
2307 3833 2567 3916 κώρυκον,
2619 3839 2724 3912 qui
2775 3834 2966 3916 κυρίως
3013 3838 3332 3914 appellatur

1766 3925 1851 4002 (v.
1884 3925 1957 3985 fr.
1991 3925 2024 3982 3
2045 3967 2062 3997 ,
2094 3945 2214 3982 non
2253 3924 2526 4002 neglectis
2564 3937 2758 3982 tamen
2794 3944 2919 4000 quae
2952 3926 3214 3982 dicentur
3251 3925 3325 3985 sr.

1760 4008 2072 4088 Μνημοίτων
2096 4011 2269 4090 fine);
2299 4012 2444 4069 illud
2469 4021 2655 4070 autem
2684 4014 2966 4069 incertum
2995 4025 3111 4089 est,
3135 4024 3330 4069 utrum

1760 4102 1789 4157 ὁ
1815 4098 2004 4180 κυρίως
2029 4098 2262 4181 κώρυκος
2287 4100 2688 4178 intelligendus
2711 4103 2784 4157 sit
2799 4100 2952 4158 follis
2964 4102 3326 4173 athletarum,

1761 4190 1833 4247 de
1855 4207 1974 4263 quo
1992 4196 2254 4250 accurate
2273 4191 2593 4266 expositum
2615 4192 2679 4246 in
2699 4191 2950 4247 Matthaei
2967 4191 3121 4250 Med.
3147 4191 3328 4250 Graec.

1757 4297 1821 4354 p.
1853 4285 1988 4350 124,
2007 4295 2155 4354 seq„
2174 4298 2249 4335 an
2267 4281 2377 4335 viri
2392 4297 2602 4336 nomen
2615 4280 2932 4354 proprium.
2956 4304 2978 4328 ι
3004 4280 3053 4332 Ε
3072 4280 3158 4334 M.
3181 4279 3327 4337 Hist.

1759 4366 1891 4422 crit.
1923 4366 2082 4423 Com.
2114 4384 2178 4441 p.
2228 4365 2363 4425 338.
2402 4367 2525 4424 Viri
2565 4367 2801 4441 quidem
2841 4385 3048 4422 nomen
3078 4361 3329 4443 Κώρυκος

178 4437 288 4500 (Ere.
316 4466 361 4517 1,
381 4467 431 4506 a.
450 4449 729 4513 Ἢλίὸατον
752 4456 967 4512 dicitur
999 4455 1241 4530 quodvis
1274 4455 1471 4530 ingens
1499 4464 1670 4530 atque
1758 4453 1917 4510 haud
1941 4454 2217 4526 innotuit,
2246 4453 2348 4511 sed
2369 4455 2576 4511 montis
2587 4455 2792 4526 Ioniae,
2815 4456 2974 4510 urbis
2988 4454 3329 4525 Pamphylia

258 4611 403 4684 glauci
422 4634 504 4687 os,
526 4623 716 4696 congri
734 4629 897 4696 caput
912 4665 930 4692 ι

208 4697 233 4744 5
260 4711 381 4757 ranae
404 4710 721 4768 ventriculus
735 4752 754 4778 ‚
782 4713 977 4786 thynni
1006 4711 1173 4769 latera
1186 4753 1205 4780 2

258 4780 349 4840 bati
364 4795 557 4863 tergum
573 4837 589 4861 ‚
612 4803 803 4854 cestrae
824 4813 957 4854 coxa
974 4839 991 4866 ‚

262 4866 510 4944 rhombus,
536 4879 777 4954 xiphias,
808 4898 1017 4952 maena,
1046 4882 1241 4957 squilla
1260 4920 1277 4946 2

264 4955 421 5029 nigla.
442 4963 657 5038 physin

264 5039 421 5099 talium
442 5049 567 5106 nihil
592 5051 751 5110 desit.

194 5123 243 5171 ¹⁰
264 5124 689 5212 Tenenti-iamque
710 5140 861 5199 vobis
884 5143 1101 5200 venient

268 5222 293 5262 a
314 5225 385 5268 me
402 5215 569 5279 haecoe
592 5241 607 5277 :

268 5289 343 5352 ΝΒ
360 5305 566 5376 gregalis
579 5349 595 5381 ,
616 5309 802 5370 hircus
827 5316 1167 5389 montivagos
1187 5357 1201 5382 ,

1865 4636 2029 4694 capra
2049 4621 2284 4680 coelestis
2300 4663 2317 4691 ‚
2339 4621 2481 4679 aries
2500 4636 2740 4696 pugnax,

1865 4725 1998 4783 aper
2026 4717 2293 4768 castratus
2308 4751 2324 4778 ‚
2345 4725 2442 4767 sus
2463 4725 2576 4766 nou
2599 4717 2862 4766 castratus
2875 4751 2892 4778 ‚

1765 4801 1831 4851 15
1867 4795 2126 4868 porculus
2141 4836 2156 4860 ‚
2182 4795 2367 4869 lepus,
2392 4794 2542 4852 hoedi
2569 4799 2588 4862 (
2605 4795 2849 4862 altiles),

1866 4899 2055 4942 caseus
2079 4899 2270 4941 recens
2283 4925 2298 4952 ,
2319 4899 2508 4940 caseus
2528 4883 2745 4952 aridus,

1864 4983 2056 5026 caseus
2079 4976 2340 5026 contusus
2356 5010 2373 5038 ‚
2396 4984 2585 5026 caseus
2607 4983 2794 5035 rasus,

1863 5073 2056 5115 caseus
2085 5056 2352 5115 dissecms
2371 5097 2387 5126 ‚
2418 5073 2610 5116 caseus
2637 5065 2943 5116 concretus.

1708 5293 1719 5382 γ
1760 5281 1821 5335 ln
1848 5276 2062 5334 nummi
2088 5274 2299 5350 aliquid
2321 5275 2508 5334 inc-idi.
