3809 5850
528 427 646 477 308

1279 548 1333 609 5.

598 642 800 700 Suidas
843 664 855 697 :

528 727 825 810 πρόσπολος
860 731 953 800 τῆς
994 727 1189 810 μητρὸς
1224 751 1327 788 των
1366 731 1516 789 θεῶν.
1545 727 1611 791 Ἄ
1625 755 1697 790 ττ
1712 755 1729 789 ι
1744 755 1791 807 ν,
1818 731 1938 811 οὐχὶ
1969 726 2092 792 Ατ-

519 839 631 878 τια.
669 860 757 879 ....
788 821 863 879 Θ.
894 818 946 876 ἐν
968 818 1119 877 Καπ.

614 971 713 996 π-
734 931 1104 1023 Κολοὶσομαί
1140 957 1208 1024 γε
1242 933 1328 1016 σὲ,

615 1036 855 1106 καὶτὸν
898 1039 998 1103 σὸν
1035 1026 1249 1106 Ᾰττιν.

516 1163 785 1238 Quinque
817 1162 989 1221 codd.
1016 1159 1313 1237 κολάσομαί
1340 1163 1392 1238 γ’
1418 1158 1546 1238 ἔσω,
1568 1181 1835 1239 perverse
1857 1162 2093 1238 quidem

514 1268 625 1326 pro
652 1247 947 1326 κολάσομαί
974 1248 1023 1306 σ’
1052 1247 1208 1327 ἐγὼ,
1250 1250 1409 1324 quod
1446 1252 1640 1306 malim
1662 1270 1793 1307 cum
1834 1251 2093 1310 Porsono

516 1338 592 1393 ad
619 1339 829 1412 Toupii
852 1337 1090 1396 Emend.
1125 1356 1189 1413 p.
1230 1335 1367 1411 459.
1395 1337 1545 1394 Male
1580 1355 1823 1412 gramm.
1854 1340 2096 1396 Bekkeri

522 1425 743 1484 Anecd.
776 1444 841 1501 p.
876 1426 1015 1497 461,
1073 1444 1144 1500 ¹9
1188 1445 1203 1480 ι
1240 1419 1471 1498 Ἄττην,
1502 1422 1622 1502 οὐχὶ
1656 1419 1895 1497 Ἀττεια,
1941 1438 1998 1482 et
2035 1431 2098 1482 in

516 1533 679 1570 versu
694 1525 879 1588 pocta
897 1510 1215 1590 κολάσομεγ’
1241 1509 1345 1568 ἔσω
1368 1523 1428 1568 ct
1448 1509 1630 1582 ἄττην.
1656 1539 1678 1562 α
1698 1515 1960 1570 Fortasse
1981 1515 2094 1570 hoc

518 1601 614 1657 ille
650 1599 829 1658 dicitz
860 1603 1109 1658 Panium
1152 1619 1257 1675 ego
1282 1611 1369 1668 te,
1403 1597 1701 1675 (mulier,)
1732 1612 1790 1655 et
1815 1606 2092 1656 amasium

516 1701 689 1759 tuum,
728 1709 846 1764 quo
897 1709 1061 1746 sensu
1100 1686 1385 1748 Adonidis
1423 1705 1634 1744 nomen
1676 1687 2092 1762 frequentatum

516 1777 701 1850 fuisse,
719 1789 927 1854 praeter
945 1779 1089 1836 alios
1111 1777 1282 1834 docet
1310 1775 1589 1851 Alciphro
1626 1777 1808 1852 Epist.
1848 1795 1897 1848 1,
1931 1776 2030 1852 39.
2058 1801 2083 1827 s

517 1870 567 1921 E
594 1869 681 1924 tu.

1228 1943 1511 2003 ΜΗΔΟΣ.

1276 2067 1329 2104 1.

597 2161 801 2218 Athen.
829 2180 852 2216 1
870 2179 921 2232 1,
941 2178 1002 2236 p.
1019 2141 1161 2231 4⁸85,
1186 2159 1230 2217 C
1246 2201 1263 2230 ,
1288 2159 1361 2216 de
1383 2156 1623 2237 λεπαστῇ
1646 2159 1859 2234 poculo
1879 2174 2085 2234 agens:

515 2248 597 2307 Θ.-
625 2245 885 2327 Παμφίλῃ
916 2247 1030 2326 (fr.
1065 2267 1089 2304 1
1113 2245 1131 2324 )
1155 2244 1248 2303 καὶ
1277 2246 1330 2302 ἐν
1360 2245 1533 2324 Μήδῳ

612 2355 693 2439 ὥς
706 2366 848 2429 ποτ’
866 2364 1156 2435 ἐκήλησεν
1172 2359 1647 2452 Καλλίστρατος
1662 2357 1793 2437 υἷας
1811 2355 2082 2451 Ᾰχαιῶν,

610 2467 803 2558 κέρμα
820 2465 996 2556 φίλον
1026 2456 1297 2550 διαδοὺς,
1319 2467 1423 2530 ὅτε
1454 2464 1805 2557 συμμαχίαν
1824 2466 2084 2557 ἐρέεινεν·

610 2565 733 2636 οἷον
765 2563 823 2636 δ’
850 2575 915 2636 οὐ
934 2573 1165 2644 κήλησε
1196 2562 1269 2635 δέ
1276 2594 1391 2662 μοις
1418 2569 1643 2636 λεπτὸν
1670 2561 2062 2661 Ραδοίμανθυν

612 2669 989 2767 Λυσάνδρου,
1035 2675 1285 2742 κώθωνα
1317 2672 1453 2766 πρὶν
1486 2677 1650 2759 αὐτῷ
1696 2665 1854 2739 δῶκε
1896 2680 2090 2742 λεπα-

1908 2783 2082 2854 στῆν.

522 2909 593 2969 V.
624 2908 656 2966 3
688 2909 818 2965 libri
840 2897 964 2967 οἷον.
992 2908 1064 2970 V.
1088 2917 1121 2977 4
1154 2911 1291 2967 libri
1326 2907 1629 2987 Λύσανδρον
1648 2951 1664 2979 .,
1692 2907 1849 2982 quasi
1878 2909 1965 2963 vir
1994 2909 2090 2965 ille

512 2998 730 3073 duplici
770 2997 1004 3055 nomine
1040 3000 1356 3073 appellatus
1395 2998 1587 3053 fuisset
1620 2996 2087 3053 Rhadamanthus

514 3087 827 3161 Lysander.
850 3083 1133 3143 Praeterea
1152 3088 1451 3156 tricantur‚
1474 3083 1805 3158 nodumque
1819 3085 1880 3139 in
1892 3086 2085 3160 scirpo

512 3186 804 3248 quaerunt,
836 3176 1059 3230 nonnisi
1092 3174 1163 3231 de
1202 3175 1359 3230 Jovis
1386 3184 1445 3229 ct
1483 3176 1724 3247 Europae
1762 3170 1905 3241 filio,
1932 3182 1989 3228 et
2017 3173 2088 3230 de

511 3261 657 3317 duce
688 3262 1253 3317 Lacedaemoniorum
1298 3260 1667 3317 celeberrimo
1688 3300 1705 3332 ‚
1748 3260 2081 3335 cogitantes,

512 3350 745 3405 Fuerint
763 3366 985 3405 necesse
1012 3358 1095 3405 est
1119 3350 1222 3423 illi,
1246 3366 1391 3421 quos
1413 3348 1549 3404 dicit
1568 3348 1703 3414 Th„
1733 3365 1801 3402 ex
1842 3346 2084 3402 Arcadi-

509 3438 617 3493 bus
632 3479 649 3508 ,
674 3438 881 3511 quibus
902 3437 1244 3494 Callistratus
1266 3436 1634 3511 Aphidnaeus,
1658 3444 1850 3490 or‘ator
1877 3438 2087 3491 Demo-

508 3525 717 3581 sthenis
757 3526 1073 3581 imitatione
1112 3525 1329 3594 clarus,
1353 3522 1695 3597 persuadere
1738 3520 1983 3591 studuit,
2019 3534 2087 3578 ut

510 3614 933 3669 Atheniensium
972 3613 1302 3667 societatem
1350 3621 1741 3685 sequerentur.
1786 3613 1855 3670 V.
1905 3610 2080 3670 Diod.

510 3702 623 3758 Sic.
656 3698 750 3767 15,
774 3698 849 3755 38
868 3742 885 3774 ,
916 3711 973 3756 et
986 3699 1161 3760 Corn.
1188 3702 1335 3774 Nep.
1358 3698 1418 3757 6.
1448 3700 1671 3757 Ibidem
1697 3699 1831 3754 libri
1854 3696 2079 3769 κώθωνι,

508 3796 825 3842 correctum
844 3804 879 3841 a
895 3787 1141 3862 Bergkio
1157 3787 1377 3843 Comm.
1390 3804 1453 3860 p.
1475 3794 1608 3853 240.
1620 3787 1780 3839 —In
1797 3784 1974 3841 altera
1985 3784 2078 3843 ed.

508 3873 749 3931 Meinek.
784 3890 845 3930 :a
872 3873 988 3930 Sub
1011 3872 1430 3929 Rhadamanthi
1452 3874 1686 3928 nomine
1715 3873 1842 3945 quis
1874 3874 2074 3943 lateat,

508 3964 822 4035 ignoratur,
848 3972 903 4017 et
929 3980 1039 4036 pro
1071 3958 1377 4040 Λύσανδρον
1402 3960 1705 4037 legendum
1726 3959 1759 4015 λ
1774 3983 1803 4016 υ
1818 3981 1852 4017 σ
1866 3957 1899 4017 ἄ
1913 3982 1940 4015 ν
1954 3981 1970 4015 ι
1985 3981 2014 4018 ο
2025 3982 2073 4017 ν.

1074 1945 1180 2004 ΙΧ.

1524 417 1934 480 coMOEmAE
1979 421 2310 482 VETEms
2355 423 2758 499 RELIQUIAE

2187 558 2526 632 Hesychius,
2548 556 2849 622 Λυσανίαςε
2875 557 2904 614 ὁ
2923 555 3054 615 λύων
3080 554 3216 623 τὰς’
3189 557 3346 631 aviac,
3369 558 3441 616 καὶ
3429 560 3579 617 δυσᾶν
3561 583 3630 624 νςιο

881 637 1057 708 Ἄττις
1099 641 1244 720 παρὰ
1258 639 1461 748 ..Φρυξὶ
1498 642 1731 719 μάλιστα
1767 651 1986 720 τιμᾶται
2020 647 2092 713 ὦς
2183 641 2336 723 γυνὴ,
2362 646 2394 714 ἡ
2423 642 2510 700 ἐπὶ
2537 665 2642 710 τοις
2665 648 2910 722 τυχοῦσιν
2935 643 3256 723 ἀχθομένη.

2945 777 2999 818 2.

2267 865 2502 924 Pindari
2525 871 2702 927 schol.
2736 867 2907 943 Pyth.
2945 889 3004 941 α,
3035 868 3104 941 75
3140 890 3153 924 :
3185 866 3456 946 χαρίζεσθαι
3471 870 3550 947 γὰρ
3565 893 3633 928 κυ-

2185 953 2306 1030 ρίως
2329 955 2388 1012 τὸ
2417 956 2768 1024 συνουσιάζειν
2795 955 3033 1034 λέγεται,
3063 955 3229 1036 ὥσπερ
3251 961 3316 1018 Θ.
3344 959 3389 1015 ἐν
3407 960 3469 1017 Μ.
3494 959 3634 1034 εἰσάγει

2182 1041 2272 1098 τὸν
2310 1043 2658 1116 Αυκαὸηττὸν
2697 1044 2988 1122 (montem
3031 1047 3221 1104 Atticae
3262 1066 3276 1102 ι
3319 1065 3374 1104 v.
3419 1048 3634 1122 Aristoph.

2182 1133 2328 1190 Rau.
2351 1132 2496 1207 996)
2537 1130 2757 1210 λέγοντα

2282 1253 2428 1340 Παρ’
2453 1246 2586 1340 ἐμοὶ
2611 1246 2692 1314 τὰ
2721 1245 2864 1314 λίαν
2896 1247 3166 1342 μειράκια
3189 1242 3462 1342 χαρίζεται

2281 1368 2413 1439 τοῖς
2440 1364 2828 1439 ἡλικιώταις.

2190 1513 2215 1539 «ι
2243 1490 2620 1561 Lycabettum
2666 1491 2755 1545 vel
2797 1492 3008 1545 montis
3045 1489 3260 1564 genium
3298 1487 3548 1561 intelligas,
3595 1495 3640 1538 ut

2183 1578 2417 1634 fortasse
2448 1577 2843 1634 Cnoethideum
2901 1577 3056 1653 apud
3101 1575 3348 1633 Photium
3373 1569 3636 1649 (Κνοιθιδιῦς·

2182 1662 2296 1742 ὅρος
2321 1667 2414 1734 τῆς
2441 1661 2739 1740 Ἀττικῆς),
2762 1666 2854 1722 vel
2881 1665 3119 1741 lupanar
3153 1665 3253 1719 fuit
3279 1665 3333 1718 in
3367 1661 3638 1736 Lycabetto,
3674 1677 3675 1682 ¹

2183 1773 2213 1809 a
2241 1754 2500 1810 masculis
2521 1756 2724 1810 scortis
2742 1753 3179 1828 frequentatum.
3205 1777 3228 1802 ν
3251 1753 3297 1806 E
3320 1752 3392 1805 M.

2936 1857 2997 1917 3.

2261 1971 2464 2031 Athen.
2491 1991 2584 2045 ιι,
2613 1992 2676 2048 p.
2704 1972 2855 2044 481,
2878 1975 2981 2029 1)·
3003 1969 3325 2049 Νίκανδροςδ
3339 1960 3600 2076 ’ΐθυατειρη
3589 1983 3642 2030 ος,

2179 2056 2240 2116 τὸ
2271 2057 2483 2137 χωρὶς
2511 2057 2730 2118 ὠτίων
2769 2056 3106 2137 ποτήριον
3129 2053 3428 2132 ὠνομακέναι
3455 2047 3642 2120 Θεόπομ-

2181 2167 2278 2202 πον
2303 2149 2355 2204 ἐν
2381 2144 2572 2224 Μήδῳ.

2753 2242 2828 2302 Χ.
2875 2241 3174 2304 ΝΕΜΕΑ.

2182 2354 2492 2411 Meretricis
2512 2372 2722 2412 nomen
2749 2355 2970 2412 Atticae.

2945 2486 3002 2524 1·

2263 2583 2466 2640 Athen.
2511 2600 2602 2652 11,
2649 2601 2711 2657 p.
2739 2589 2892 2654 470,
2929 2583 3002 2656 F,
3042 2581 3114 2638 de
3151 2578 3349 2655 poculo
3387 2573 3616 2632 Thericleo

2182 2667 2497 2746 μνημονεύει
2525 2667 2579 2725 δὲ
2613 2671 2706 2739 τῆς
2733 2664 2944 2734 κύλικος
2973 2669 3049 2728 Θ.
3081 2665 3174 2745 μὲν
3207 2668 3255 2724 ἐν
3277 2661 3439 2743 Νεμέᾳ
3458 2661 3595 2722 οὕτως·

2328 2811 2389 2851 α.
2437 2788 2632 2876 Χώρει
2697 2783 2767 2850 σὺ
2826 2776 3049 2878 δεῦρο,
3122 2782 3450 2875 Θηρικλέους
3491 2773 3647 2842 πιστὸν

3470 2883 3646 2947 τέκνον
3637 2871 3646 2909 ¹

2323 3004 2588 3090 γενναῖον
2623 2988 2878 3081 εἰδος,”
2845 2998 3041 3088 ονομσί
3071 3022 3162 3063 σοι
3189 2992 3253 3060 τί
3283 2990 3517 3082 θώμεθας

2325 3098 2416 3195 ἆρ’
2454 3096 2506 3167 εἷ
2531 3127 2756 3194 φυσεως
2783 3102 3144 3195 κάτοπτρον,
3178 3098 3248 3173 ἣν
3279 3104 3472 3188 πλῆρε
3425 3140 3471 3171 ς
3451 3083 3654 3179 δοθπςὶ

2326 3200 2498 3275 οὐδέν
2534 3214 2677 3275 ποτ’
2711 3204 2894 3277 ἄλλο.
2926 3218 3104 3301 Δεῦρο
3133 3199 3246 3285 δη,
3280 3209 3452 3297 γεμιῶ
3479 3204 3523 3263 σ’
3555 3196 3652 3287 ἐγὼ,

2233 3308 2272 3379 5
2324 3324 2502 3406 γραῦ,
2547 3316 2817 3387 Θεολυτη
2861 3307 3046 3407 γραῢὶ
3094 3316 3157 3397 β.
3189 3309 3268 3379 'li
3297 3334 3366 3401 με
3401 3308 3567 3377 καλεῖς
3588 3299 3656 3372 σὺ,
3674 3388 3675 3391 ¹

3433 3410 3612 3501 φίλτατ
3615 3426 3675 3484 ε;,

2327 3550 2384 3589 α.
2441 3517 2522 3590 ἵν’
2567 3523 2971 3615 ἀσπάσωμαι·
3021 3515 3192 3617 δεῦρο
3241 3524 3368 3613 παρ’
3417 3515 3528 3606 ἐμὲ,
3560 3522 3658 3573 θεῡ·

3523 3617 3655 3757 lut-⁶¹.

2322 3734 2484 3827 παρὰ
2511 3734 2615 3801 τὸν
2648 3736 2777 3800 νέον
2805 3727 3162 3815 ξύνδουλονῖ.
3203 3728 3438 3797 οὑτωσί.
3423 3708 3642 3792 ’καλῶ-,ἶ

2325 3843 2387 3924 β.
2415 3841 2668 3931 Σπινθὴρ
2697 3838 2910 3923 τοίλαν,
2935 3844 3145 3932 πειρᾷς
3176 3861 3287 3929 με;
3269 3826 3422 3899 ‘vall
3443 3856 3494 3896 α.
3511 3828 3659 3891 Τοιου·

3507 3957 3565 3997 το
3587 3926 3658 4004 τί;

520 4048 3658 4083 m———ffl———j

576 4240 649 4252 —
676 4212 907 4271 Puniam
930 4220 985 4271 tc
1012 4228 1119 4285 ego
1269 4130 1322 4181 5·

507 4304 563 4353 et
580 4303 741 4354 tuum
762 4298 938 4355 Attin.

1152 4368 1434 4425 MEDUS.

1252 4459 1301 4510 1.

506 4544 663 4601 Sicut
686 4542 819 4598 olim
838 4540 1181 4600 Callistratus
1202 4541 1435 4615 placavit
1458 4542 1602 4600 lilios
1624 4544 1972 4611 (ii-meorum,

504 4630 801 4689 numulum
854 4644 1045 4685 carum
1088 4629 1452 4701 distribuam,
1496 4630 1715 4703 quando
1764 4631 2076 4687 societatem

1764 4717 2075 4788 [quaesivit3

503 4802 796 4876 solumque
822 4818 938 4861 non
980 4802 1215 4877 placavit
1252 4810 1473 4861 tenuem
1510 4818 1800 4877 personam
1848 4803 2075 4861 Rhada·
2122 4844 2127 4857 .

1716 4888 2039 4958 [manilium
2061 4932 2075 4958 ‚

503 4977 767 5051 Lysandri
794 4976 1063 5046 (fllium),
1088 4977 1404 5051 priusquam
1440 4978 1491 5035 ci
1524 4977 1802 5131 donassct[
1814 4976 2076 5117 ¹poculum

1262 5070 1318 5121 2.
1834 5070 2074 5136 epastcn.

506 5148 665 5221 Apud
692 5164 782 5205 mc
806 5148 961 5207 valde
982 5150 1369 5208 adolescentuli
1390 5148 1765 5222 gratificantur

502 5236 821 5309 aequalibus.

2175 4196 2444 4254 Poculum
2461 4195 2580 4254 sino
2604 4194 2884 4253 auriculis
2939 4131 2994 4182 3·

2797 4286 3083 4343 NEMEA.

2277 4474 2334 4515 a.
2377 4460 2500 4515 liluc
2523 4377 3040 4527 accedc‚The1-i¹clis
3061 4455 3140 4511 fid
3205 4452 3400 4529 proles!

2277 4545 2475 4601 nobilis
2501 4544 2702 4611 forma,
2721 4542 2871 4617 quod
2887 4542 2986 4598 tibi
3017 4558 3222 4599 nomen
3249 4528 3588 4611 imponamus?

2275 4646 2346 4688 an
2373 4639 2584 4688 naturae
2607 4629 2893 4704 speculum
2913 4646 2992 4701 es,
3025 4630 3074 4687 si
3099 4629 3323 4703 plenum
3347 4614 3616 4697 porrigetis?

2276 4720 2410 4777 nihil
2432 4719 2601 4779 aliud.
2625 4723 2754 4777 Huc
2781 4734 2955 4777 sanc.
2986 4718 3230 4792 implebo
3255 4724 3310 4773 te
3333 4728 3446 4785 ego,

2204 4814 2239 4863 5
2274 4823 2434 4876 anus,
2458 4808 2727 4881 Theolyte
2753 4812 2926 4866 anus!
2967 4808 3023 4865 b.
3053 4804 3198 4879 Quid
3235 4818 3322 4861 me
3349 4812 3518 4947 vocas?
3527 4799 3664 4933 ἓξὲξ

2275 4996 2327 5037 a.
2353 4983 2432 5038 Ut
2457 4988 2514 5037 tc
2539 4996 2737 5036 amem.
2773 4983 2898 5037 Huc
2931 4979 3000 5037 ad
3025 4994 3155 5044 mc,
3177 4974 3454 5045 Theolyte‚

2277 5066 2346 5122 ad
2373 5082 2578 5123 novum
2595 5070 2951 5125 conservum·
2980 5065 3098 5121 sic.
3084 5069 3098 5103 ¹
3125 5064 3302 5121 benc.
3290 5064 3302 5101 l

2281 5150 2334 5206 b.
2368 5151 2559 5209 Audax
2591 5152 2853 5224 igniculo,
2898 5166 3032 5209 num
3066 5157 3246 5207 tentas
3299 5146 3418 5201 me?
3455 5134 3588 5193 sane!
3625 5140 3660 5178 ὅ

3305 5224 3466 5299 [Quid
3487 5222 3572 5278 hoc
3590 5216 3648 5267 est
