3809 5850
462 485 578 536 210

467 696 708 762 vellent,
732 692 817 746 vel
846 691 1162 746 daemonem
1191 688 1361 743 istum
1387 687 1761 744 Homericum
1790 682 2024 762 (odyss.

470 803 489 839 ι
512 803 561 852 1,
588 781 697 852 307
720 779 762 854 ),
794 797 965 852 quem
996 776 1243 834 eundem
1266 793 1397 830 cum
1433 774 1585 830 Pane
1624 773 1885 829 habitum
1913 789 2027 828 esse

464 869 637 926 tradit
654 864 1049 925 Artemidorus
1068 864 1339 922 Onirocr.
1370 880 1430 931 2,
1451 862 1547 932 37,
1571 871 1818 934 utraque
1844 860 2028 916 forma

460 955 784 1032 promiscue
804 953 895 1008 usi
918 951 1187 1006 videntur
1212 968 1332 1004 non
1366 949 1579 1021 reliqui
1612 947 1791 1003 modo
1810 947 1992 1004 Graeci
2006 987 2024 1017 ,

460 1043 563 1100 sed
598 1043 709 1116 ipsi
763 1041 934 1096 etiam
979 1039 1371 1094 Athenienses.
1424 1034 1645 1092 Eodem
1670 1043 1859 1090 autem
1896 1032 2028 1105 jure

463 1129 751 1205 Ephialtes
776 1125 1106 1199 Phrynicho
1122 1165 1141 1197 ‚
1160 1142 1277 1198 quo
1308 1123 1507 1179 Lamia
1530 1122 1739 1179 Crateti
1766 1120 2024 1194 aliisque,

454 1218 663 1276 -sabulae
715 1215 811 1271 vel
865 1232 1108 1283 nomen,
1150 1212 1244 1268 vel
1297 1221 1722 1286 argumentum,
1770 1208 2029 1284 praebue-

460 1309 554 1363 rit.
598 1307 671 1362 Et
701 1302 1068 1378 conjungitur
1102 1301 1322 1356 Incubo
1364 1317 1499 1354 cum
1551 1299 1749 1356 Lamia
1792 1297 2028 1372 aliisque

458 1391 931 1450 terriculamentis
953 1387 1109 1466 apud
1134 1387 1503 1458 Strabonem,
1518 1387 1619 1459 qui
1634 1387 1715 1442 sic
1741 1404 1797 1458 1,
1818 1405 1880 1461 p.
1917 1404 2024 1461 19:

454 1478 613 1538 παισὶ
657 1477 1017 1558 προσφέρομεν
1168 1475 1243 1541 εἷς
1275 1471 1581 1551 ἀποτροπὴν
1620 1469 1737 1537 τοὺς
1776 1469 2028 1550 φοὸεροὺς

460 1567 737 1644 (μύθους)·
759 1565 797 1638 ἥ
820 1587 879 1624 τε
906 1563 1009 1644 γὰρ
1036 1561 1227 1638 Λάμια
1252 1558 1411 1636 μῦθός
1448 1561 1598 1636 ἔστι,
1632 1558 1723 1618 καὶ
1746 1562 1781 1630 ἡ
1810 1558 2027 1638 Γοργὼ,

458 1655 550 1712 καὶ
579 1657 607 1713 δ
635 1651 958 1734 Ἐφιάλτης,
988 1649 1079 1710 καὶ
1112 1653 1149 1719 ἡ
1178 1645 1527 1728 Μορμολύκη.
1551 1651 1669 1706 Nec
1694 1648 1942 1706 defuisse
1965 1651 2026 1704 in

458 1745 655 1800 fabula
682 1744 753 1800 de
774 1742 1036 1816 Ephialte
1052 1781 1069 1815 ,
1100 1757 1229 1813 quae
1251 1739 1468 1795 comice
1486 1737 1755 1794 exornari
1776 1747 2025 1812 possent,

458 1833 554 1891 vel
582 1831 897 1909 SophronIs
917 1832 1079 1885 locus
1100 1827 1275 1887 docet
1296 1843 1394 1900 ap.
1414 1827 1668 1882 Demetr.
1697 1827 1783 1880 De
1810 1825 2024 1882 elocut.

454 1924 494 1998 §
522 1921 651 1992 154,
674 1922 775 1978 ubi
806 1919 1109 1994 Ephialten
1154 1925 1357 1970 narrat
1385 1914 1457 1970 ab
1494 1913 1740 1970 Hercule
1777 1911 2024 1968 suffoca·
2099 1955 2104 1960 .

454 2024 607 2069 tum.
629 2033 655 2064 ι
676 2011 725 2065 E
742 2010 828 2066 M.
842 2002 1237 2082 Apollodorus
1258 2021 1285 2058 1
1299 2042 1318 2073 ,
1335 2001 1396 2076 6,
1424 2001 1495 2060 de
1518 2000 1855 2078 Gigantibus
1884 2019 1899 2057 ε
1923 2000 2026 2058 τῶν

462 2095 518 2156 δὲ
540 2098 735 2156 λοιπῶν
772 2093 1041 2155 Ἀπόλλων
1073 2090 1171 2168 μὲν
1192 2087 1481 2172 Ἐφιάλτου
1506 2087 1597 2148 τὸν
1619 2085 1889 2170 ἀριστερὸν
1913 2087 2026 2148 ἐτό·

466 2183 642 2254 ξευσεν
683 2181 971 2264 ὀφθαλμὸν,
1016 2179 1292 2256 Ἡρακλῆς
1324 2177 1380 2238 δὲ
1416 2177 1505 2236 τὸν
1549 2175 1735 2246 δεξιόν.
1764 2179 2030 2236 Ceterum

462 2275 799 2331 verosimile
839 2283 943 2344 est,
970 2281 1195 2328 veteres
1240 2287 1359 2325 non
1396 2268 1685 2326 diversum
1718 2285 1751 2323 a
1784 2263 2030 2342 Gigante

461 2363 807 2419 incubonem
833 2361 1003 2416 istum
1032 2359 1393 2417 existimasse.

713 2524 722 2531 ·
1218 2485 1277 2542 3.

393 2641 406 2653 .
547 2593 751 2652 Athen.
788 2598 817 2658 4
839 2633 856 2662 ,
880 2610 941 2666 p.
996 2589 1129 2658 184,
1174 2590 1223 2644 E
1254 2607 1268 2642 ε
1302 2581 1573 2663 ἐμφανίζει
1606 2581 1659 2640 δὲ
1791 2579 1885 2654 τὴν
1911 2580 2031 2660 περὶ

462 2683 616 2739 τοῦτο
637 2678 697 2738 τὸ
730 2685 953 2758 πρᾶγμα
998 2673 1123 2753 (τὴν
1154 2667 1477 2749 αὐλητικὴν)
1518 2669 1750 2742 σπουδὴν
1911 2671 2024 2748 Φρ.

456 2765 741 2848 Ἐφιάλτῃ·

560 2869 650 2932 Οὐ
678 2861 916 2931 τουτονὶ
948 2863 1151 2955 μέντοι
1190 2859 1263 2927 σὺ
1294 2853 1609 2952 κιθαρίζειν
1640 2858 1791 2924 ποτὲ

562 2976 761 3041 αὐλεῖν
785 2960 846 3039 τ’
874 2961 1181 3047 ἐδίδαξας.

462 3104 549 3159 De
580 3102 781 3158 Conno
822 3101 913 3174 agi
955 3096 1227 3170 conjicias
1260 3091 1579 3153 citharoedo
1599 3136 1615 3164 ,
1645 3091 1891 3151 Socratis
1917 3110 2032 3151 ma·

462 3188 676 3264 gistr03
703 3206 758 3247 v,
790 3188 935 3244 Plat.
964 3184 1215 3258 Euthyd.
1246 3204 1312 3259 p.
1344 3184 1567 3257 272,st

1218 3304 1273 3363 [ι.

542 3410 731 3469 Schol.
766 3410 1157 3485 Aristophanis
1178 3413 1285 3469 Av.
1325 3428 1470 3484 ¹²97
1502 3429 1514 3463 ε
1545 3405 1840 3473 κόὸαλός
1866 3429 1924 3463 τε
1955 3396 2030 3464 εἶ-

462 3520 547 3556 ναι
576 3494 788 3575 ἐλέγετο
814 3495 907 3555 καὶ
934 3496 1261 3575 πτωχαλα
1281 3494 1400 3565 ζὼν
1420 3540 1437 3569 ,
1462 3498 1531 3562 ὡς
1554 3497 1665 3574 Φρ.
1683 3496 1736 3553 ἐν
1762 3493 2028 3573 Ἐπιάλτῃ

464 3586 628 3663 (sic).
660 3584 934 3645 «Midiam
963 3586 1125 3644 dicit.
1154 3588 1237 3642 De
1256 3585 1464 3643 eodem
1486 3586 1669 3643 schol.
1696 3586 1934 3641 Luciani
1957 3584 2032 3640 ad

460 3671 595 3729 Jov.
634 3686 777 3751 trag.
805 3694 863 3746 α,
893 3694 956 3750 p.
980 3673 1095 3749 696
1126 3676 1245 3729 sive
1269 3694 1333 3749 p.
1377 3672 1485 3730 186
1511 3676 1635 3731 Jac.
1664 3692 1678 3732 τ
1708 3670 1798 3729 καὶ
1817 3672 1887 3738 ὥς
1914 3692 2030 3729 πο-

462 3760 661 3837 νηρὸν
711 3757 800 3831 δὲ,
847 3758 963 3818 καὶ
996 3757 1321 3832 κόὸαλον,
1370 3758 1638 3817 καὶτῶν
1680 3756 2030 3833 δημοσίων

462 3844 835 3925 νοσφιστὴ.ν
866 3847 976 3925 Φρ.
1014 3844 1105 3903 καὶ
1140 3844 1370 3905 Πλάτων
1398 3847 1487 3922 (v,
1520 3847 1707 3904 Alcib.
1739 3866 1762 3901 1
1790 3865 1849 3921 p.
1886 3846 2026 3921 120)

463 3932 855 3990 διαὸάλλουδιν.
888 3932 1272 4011 Πτωχαλαζὼν
1296 3937 1415 4010 ipse
1448 3936 1654 3991 Athen.
1697 3933 1764 4005 6,
1789 3953 1849 4009 p.
1879 3934 1994 3990 230
2011 3977 2028 4005 ‚

464 4021 528 4092 C,
552 4020 863 4079 secundum
890 4010 1297 4097 Phr'ynichum‚
1330 4033 1396 4079 ut
1425 4020 1674 4079 videtur.
1703 4040 1733 4077 u
1754 4022 1807 4079 E
1832 4022 1921 4077 M.

1212 4132 1271 4192 5.

542 4242 750 4301 Pollux
783 4263 841 4315 7,
872 4244 978 4300 103
1011 4265 1025 4299 :
1056 4242 1159 4301 ἀπὸ
1182 4242 1232 4299 δ’
1264 4242 1511 4323 ἀργυρίου
1535 4243 1746 4322 ἀργυρ
1767 4243 2028 4319 οκόπος,

464 4334 534 4398 ὥς
566 4334 679 4411 Φρ.
714 4334 768 4391 ἐν
800 4330 927 4411 Ἐφ.

1022 4452 1100 4512 11.
1142 4452 1476 4514 ΚΟΝΝΟΣ.

1456 463 1861 528 coMOEmAE
1905 463 2226 526 VETEms
2269 463 2681 538 BELIQUIAE.

458 608 571 662 viri
608 621 817 662 nomen
846 602 1075 670 abierit3
1126 599 1403 655 incubum
1428 608 1621 654 autem
1664 597 1713 652 si
1752 596 2026 654 denotare
2073 615 2079 625 ·

2197 711 2386 784 Etym.
2418 711 2496 769 M.
2519 729 2584 786 p.
2620 710 2772 780 340,
2807 707 2868 785 3,
2893 705 3278 788 Ἐνεργμός
3320 732 3334 768 :
3381 713 3442 770 τὸ
3472 712 3526 770 δ’
3565 713 3682 772 αὐτὸ

2117 796 2210 854 καὶ
2229 793 2418 876 ἱνερξις
2431 839 2450 868 ,
2481 800 2686 876 κροῧμα
2710 795 3090 878 κιθαριστικόν.
3123 797 3406 878 Εὐφρόνιος
3425 797 3484 858 δὲ
3527 800 3612 860 τὸν
3633 805 3681 862 ἐν

2119 883 2256 964 με’σῃ
2284 887 2353 964 τῇ
2383 883 2574 964 κιθάρα
2600 883 2968 945 πασσαλίσκον
2985 930 3004 960 ,
3035 881 3099 943 δι’
3125 873 3186 944 οἶ
3207 888 3242 956 ἡ
3271 884 3438 967 χορδὴ
3467 887 3682 966 διήρτη-

2117 995 2226 1032 ται.
2255 973 2368 1052 «Dp.
2401 998 2428 1024 ι
2452 973 2478 1007 *
2511 970 2879 1044 Κοινοτίδητον
2914 971 3183 1054 ἐνεργμόν·
3224 999 3248 1024 ι-
3278 977 3384 1036 Ms.
3431 981 3678 1036 Dor-vill.

2119 1061 2276 1138 apud
2300 1060 2589 1120 Gaisford.
2617 1061 2696 1118 ad
2722 1063 2960 1119 Hesiod.
2985 1082 3046 1139 p.
3083 1082 3219 1135 ιη,
3255 1089 3284 1114 ι
3325 1063 3354 1094 '²
3395 1064 3684 1132 Καννωτίδς

2117 1147 2168 1206 τ“
2204 1146 2395 1228 inps,
2428 1173 2454 1201 ι
2487 1167 2557 1206 ex
2593 1169 2714 1224 quo
2737 1149 2916 1210 Gaisf.
2948 1151 3182 1226 quidem
3206 1153 3342 1210 fecit
3361 1153 3471 1230 Φρ.
3511 1152 3684 1234 Κόννῳ

2117 1236 2183 1295 τί
2221 1237 2358 1314 δαίς
2403 1236 2510 1296 τὸν
2551 1237 2908 1318 ἑνεργμόν.
2937 1240 3051 1298 Sed
3074 1251 3263 1316 poetae
3281 1243 3464 1302 verba
3501 1247 3688 1322 potius

2118 1329 2197 1385 sic
2220 1327 2523 1386 scribenda
2547 1338 2701 1405 sunt,
2725 1339 2792 1385 ut
2814 1339 3098 1386 monstrat
3127 1329 3274 1388 liber
3292 1332 3389 1389 ille
3420 1351 3436 1391 :

2217 1437 2294 1504 Τί
2323 1431 2390 1504 δὲ
2424 1437 2528 1502 τὸν
2564 1437 2852 1531 ἐγερμόν;

2119 1564 2280 1638 quod
2307 1577 2391 1622 est
2417 1567 2643 1623 initium
2671 1565 2908 1623 iambici
2934 1568 3163 1626 senarii.
3193 1569 3282 1625 De
3302 1567 3556 1624 fonnula
3577 1589 3686 1626 ser·

2117 1655 2304 1709 monis
2321 1673 2377 1713 v.
2407 1656 2606 1712 Matth.
2630 1655 2732 1712 Gr.
2761 1673 2896 1732 pag.
2925 1653 3065 1730 898,
3091 1666 3204 1712 etc.

2200 1875 2443 1953 Hesych.
2473 1874 2605 1936 Ἀεί
2647 1897 2660 1932 :
2705 1874 2821 1936 ἀντὶ
2848 1880 2940 1935 τοῦ
2973 1873 3088 1944 ἕως.
3133 1879 3578 1954 (Importunum
3617 1891 3690 1936 est

2119 1961 2214 2028 ἕως
2249 1985 2263 2019 :
2294 1955 2604 2022 scribamus
2635 1965 2782 2036 ἑνῶς,
2815 1985 2922 2023 uno
2949 1979 3156 2038 tenore,
3197 1972 3462 2023 continuo
3481 2011 3498 2041 ,
3543 1968 3692 2041 quod

2119 2052 2448 2110 addendum
2487 2065 2568 2110 est
2588 2053 2834 2113 Lexicis.
2859 2051 2881 2132 )
2905 2052 3018 2132 Φρ.
3043 2051 3252 2132 Κόννῳ,
3283 2051 3376 2110 καὶ
3409 2055 3692 2132 Εὐριπίδης

2123 2138 2332 2216 Μηδείᾳ
2360 2139 2575 2218 (1215)
2606 2167 2631 2192 ιι
2659 2136 2849 2206 Ἄπαις
2883 2136 2986 2219 γὰρ
3009 2137 3148 2217 δεῦρ’
3176 2137 3258 2197 ἀεὶ
3284 2139 3471 2207 τείνεις
3497 2139 3634 2220 βίον.
3669 2171 3688 2188 ··

2123 2255 2152 2314 ιι
2176 2231 2377 2304 Itaque
2404 2230 2576 2287 etiam
2605 2230 2736 2286 Phr.
2759 2229 2992 2287 videtur
3019 2229 3228 2287 dixisse
3247 2227 3385 2309 δεῦρ’
3411 2228 3523 2292 ἀεί.
3549 2256 3574 2282 ι»
3607 2233 3690 2288 M.

2877 2345 2934 2404 3.

2205 2452 2444 2511 Antiatt.
2480 2473 2542 2530 p.
2589 2474 2684 2530 79,
2711 2473 2770 2523 a,
2818 2451 3193 2529 Ἀμοίθητος
3227 2477 3241 2511 z
3285 2453 3406 2512 ἀντὶ
3435 2457 3536 2513 τοῦ
3563 2457 3692 2530 ἅμα·

2127 2539 2239 2612 θής.
2291 2542 2405 2620 Φρ.
2457 2539 2614 2620 Κόνῳ
2659 2540 2774 2621 (sic
2791 2540 2832 2618 ).
2873 2543 3125 2600 Meinek.
3173 2545 3298 2600 Bist
3347 2544 3486 2600 crit.
3539 2545 3688 2600 Com.

2123 2649 2184 2706 p.
2223 2628 2331 2695 151.
2368 2650 2432 2683 :-
2459 2629 2680 2686 Dubius
2699 2629 2948 2706 haereas,
2975 2641 3170 2686 utrum
3191 2627 3384 2709 Κρόνῳ
3413 2647 3496 2688 an
3521 2629 3694 2710 Κόννῳ

2125 2715 2510 2793 scribendum.
2535 2716 2648 2774 Sed
2675 2717 2920 2774 alterum
2942 2717 3329 2794 probabilius.
3357 2717 3570 2798 Κρόνον
3594 2723 3692 2776 ha-

2125 2806 2225 2862 bes
2271 2805 2430 2881 apud
2473 2806 2811 2862 Erotianum
2857 2805 3040 2865 Gloss.
3103 2809 3387 2883 Hippocr.
3447 2826 3516 2882 p.
3569 2808 3692 2878 376,

2129 2894 2338 2953 Athen.
2362 2913 2420 2969 9,
2442 2911 2502 2969 p.
2527 2891 2596 2965 37
2612 2911 2663 2967 1,
2687 2895 2763 2968 F,
2789 2883 3086 2953 Pollucem
3111 2914 3172 2969 7,
3197 2895 3324 2963 136,
3349 2895 3694 2969 Hesychium

2127 3002 2186 3039 v.
2234 2978 2579 3054 Σεσέλλισαι,
2625 2995 2682 3040 et
2707 2984 2889 3041 schol.
2928 2983 3227 3057 Aristoph.
3264 2986 3373 3039 Av.
3419 2984 3572 3059 989,
3603 2986 3692 3039 ubi

2127 3069 2429 3148 Diopithes
2483 3083 2636 3129 vates
2674 3080 3180 3129 commemoratur.
3229 3072 3307 3127 Ex
3357 3072 3504 3127 loco
3549 3073 3694 3147 apud

2127 3160 2478 3235 Hesychium
2509 3160 2718 3217 Bacchi
2745 3168 2938 3236 partes
2961 3158 3179 3234 aliquas
3197 3157 3366 3216 fixisse
3387 3160 3450 3215 in
3477 3160 3592 3217 hac
3613 3162 3692 3215 sa-

2126 3246 2258 3304 bula
2286 3248 2638 3323 intelligitur.
2662 3272 2687 3297 υ

2655 3366 2762 3427 111.
2813 3368 3143 3428 KPoNoz.

2202 3482 2524 3538 Generatim
2559 3482 2632 3538 de
2667 3482 2781 3537 hoc
2831 3482 3082 3539 dramate
3101 3501 3170 3565 jv.
3209 3480 3387 3537 modo
3435 3482 3596 3539 dicta
3635 3482 3702 3539 ad

2125 3566 2310 3628 Conni
2339 3570 2537 3646 fragm.
2571 3570 2628 3626 3.

2889 3703 2910 3737 1

2203 3796 2396 3853 Schol.
2421 3796 2712 3870 Aristoph.
2743 3794 2852 3854 AV.
2879 3795 2995 3872 988
3021 3815 3034 3851 z
3057 3796 3085 3851 ὃ
3113 3792 3168 3852 δὲ
3191 3793 3474 3864 Διοπείθης
3495 3801 3592 3853 νῦν
3609 3795 3700 3869 μὲν

2127 3882 2518 3961 (κωμῳδεῖται)
2542 3884 2614 3949 ὥς
2633 3882 3015 3962 χρησμολόγος,
3035 3882 3248 3961 ἑτέρωθι
3275 3881 3329 3941 δὲ
3357 3886 3502 3960 (Eq.
3535 3886 3704 3959 1001)

2125 3972 2194 4037 ὡς
2222 3968 2408 4037 κυλλὸς
2442 3968 2535 4029 καὶ
2569 3970 2872 4051 δωροδόκος.
2905 3970 3204 4049 Σύμμαχος
3239 3968 3295 4029 δὲ
3330 3968 3421 4028 καὶ
3459 3971 3704 4047 μανιώδη

2127 4057 2255 4139 φησὶ
2290 4056 2377 4118 τὸν
2404 4059 2684 4134 Διοπείθη,
2709 4059 2799 4119 τὸν
2839 4058 3034 4142 ῥήτορα
3051 4104 3071 4139 ‚
3107 4062 3178 4126 ὡς
3223 4058 3315 4118 καὶ
3341 4058 3708 4131 Τηλεκλείδης

2127 4148 2182 4205 ἐν
2205 4146 2546 4229 Ἀμφικτύοσι
2569 4149 2726 4222 δῆλον
2741 4152 2899 4211 ποιεῖ.
2921 4148 3240 4228 παράκειται
3260 4146 3314 4205 δὲ
3338 4146 3431 4204 καὶ
3455 4146 3526 4217 τὰ
3553 4151 3706 4225 Opu-

2126 4234 2272 4312 νίχου
2297 4234 2586 4313 ἔμπροσθεν
2615 4240 2670 4295 όν
2705 4236 2919 4315 Κρόνῳ;

2223 4346 2380 4443 Axi-kp
2421 4354 2678 4445 χορεύει,
2713 4350 2815 4416 καὶ
2846 4351 2926 4416 τὰ
2962 4361 3066 4418 τοῦ
3101 4351 3232 4417 θεοῦ
3261 4348 3450 4417 καλοί.

2227 4462 2438 4523 Βούλει
2477 4458 2770 4549 Διοπείθη,
2799 4449 3172 4551 μεταδροὶμω
3203 4454 3309 4523 καὶ
3333 4458 3660 4548 τόμπανας

546 4587 668 4641 Hoc
721 4587 951 4641 nomine
992 4587 1163 4641 etiam
1200 4587 1479 4661 Amipsias
1526 4587 1777 4643 fabulam
1830 4587 2030 4643 inscri-
2126 4582 2284 4639 Idem
2315 4588 2475 4659 Vesp.
2507 4584 2646 4660 380,
2681 4584 3076 4652 Διοπείθους
3115 4603 3131 4644 :
3173 4588 3246 4653 ὥς
3273 4583 3606 4665 παράστημα
3655 4604 3704 4639 τι
3735 4640 3737 4657 Ι

463 4674 597 4747 psit.

468 4923 765 4993 Nunquam
786 4928 969 4979 tamen
1000 4922 1146 4979 hunc
1164 4844 1589 4983 tu³citharissare

476 5016 531 5063 et
558 5005 761 5065 fidibus
782 5021 978 5065 cauere
996 5006 1251 5067 docuisti.

2133 4668 2452 4745 (indolem,
2479 4670 2759 4751 animum)
2783 4677 2873 4730 τοῦ
2901 4672 3205 4740 Διοπείθους
3247 4672 3456 4752 ἔχοντος
3493 4672 3704 4747 μανιῶ-

2706 4840 3113 4897 SATURNUS.

2881 4950 2936 5000 1.

2128 5031 2226 5084 vir
2253 5028 2447 5096 saltat,
2476 5036 2530 5084 et
2555 5044 2637 5084 res
2655 5028 2838 5085 divina
2864 5028 3004 5085 bene
3027 5028 3214 5085 habet.

2138 5116 2263 5201 Vin’
2287 5115 2604 5199 Diopitbem
2626 5131 2894 5173 arcessam
2915 5131 3041 5173 curu
3061 5114 3378 5189 tympanis?
