3809 5850
500 402 607 459 1⁰6

639 534 675 607 ἦ
710 527 1182 625 δρεπανουργῶν,
1202 529 1239 603 ἢ
1270 532 1700 622 χαλκοτύπων,
1730 527 1767 603 ἢ
1796 531 2058 620 σπέρμα-

1402 660 1535 718 τος,
1568 634 1607 708 ἢ
1638 645 2051 728 χαρακισμοῦ;

636 746 971 836 αὐτόματοι
1010 739 1125 834 γὰρ
1155 732 1194 805 δ
1202 738 1264 807 ιὰ
1299 751 1421 807 τῶν
1454 733 1709 833 τριόδων
1746 740 2058 832 ποταμοὶ,

1415 853 1694 939 λιπαροῖς
1729 846 2054 913 ἐπίπαστοι

637 952 843 1049 ζωμοῦ
877 958 1129 1049 μέλανος
1156 952 1259 1021 καὶ
1288 948 1636 1047 Ᾰχιλλείοις
1668 947 1922 1045 μάζαις,
1952 979 2058 1018 κο-

1460 1052 1781 1153 χυδοῦντες
1807 1054 2058 1139 ἐπιῧλὺξ

550 1168 589 1239 5
642 1170 765 1238 ἀπὸ
816 1179 944 1239 τῶν
974 1178 1183 1264 πηγῶν
1232 1176 1355 1237 τῶν
1387 1176 1496 1235 τοῦ
1527 1166 1802 1235 Πλούτου
1834 1170 2060 1259 ῥεύσον-

1362 1302 1495 1359 ται,
1528 1286 1691 1368 σφῶν
1716 1276 2055 1367 ἀρύτεσθαι.

634 1380 689 1451 ὸ
734 1386 873 1462 Ζεὺς
908 1376 966 1449 δ’
995 1389 1111 1451 ὕων
1140 1382 1283 1469 οἴνῳ
1318 1382 1539 1471 καπνίᾳ
1590 1380 1753 1447 κατὰ
1798 1391 1908 1448 τοῦ
1955 1406 2058 1448 κε-

1444 1488 1633 1581 ράμου
1672 1490 2057 1576 βαλανεύσει,

636 1600 757 1667 ἀπὸ
802 1607 924 1665 τῶν
962 1590 1032 1664 δὲ
1081 1604 1276 1689 τεγῶν
1330 1597 1537 1689 ὀχετοὶ
1584 1598 1846 1688 βοτρύων
1903 1599 2060 1689 μέτα

1296 1698 1678 1771 ναστίσκων*
1707 1708 2060 1797 πολυτύρων

636 1812 1066 1904 ὀχετεύσονται
1116 1808 1315 1901 θερμῷ
1362 1808 1467 1873 σὺν
1502 1809 1655 1873 ἔτνει
1688 1806 1791 1874 καὶ
1837 1815 2060 1901 λειριο-

1532 1916 2029 2006 πολφανεμώναις
2043 1942 2059 1956 ·

636 2018 717 2089 τὰ
744 2014 815 2089 δὲ
858 2018 935 2098 δὴ
970 2013 1185 2114 δένδρη
1230 2022 1347 2087 τάν
1392 2028 1521 2098 τοῖς
1572 2020 1766 2113 ὄρεσιν
1808 2013 2060 2114 χορδαῖς

1228 2214 1239 2225 .
1542 2132 1757 2204 ὀπταῖς
1792 2126 2061 2219 ἐριφείοις

502 2260 587 2304 ῐο
639 2239 1068 2329 φυλλοροήσει,
1104 2234 1208 2301 καὶ
1252 2225 1569 2311 τευθιδίοις
1606 2236 1932 2315 ἁπαλοῖσι,
1971 2232 2064 2299 κί-

1348 2346 1530 2431 χλαις
1559 2336 1610 2405 τ’
1643 2334 2056 2431 ἀναὲράστοις.

491 2472 870 2531 Probabiliter
908 2470 1161 2527 Ritterus
1188 2470 1249 2525 in
1286 2469 1507 2525 dissert.
1539 2472 1627 2526 De
1664 2469 2060 2543 Aristophanis

490 2564 656 2617 Pluto
698 2580 759 2635 p.
813 2558 887 2632 75
922 2559 1011 2615 his
1048 2558 1306 2615 refellere
1352 2558 1603 2631 aliquem
1652 2568 1814 2631 putat
1862 2556 2058 2615 Πενίαν

490 2649 854 2723 gloriantem,
882 2665 990 2723 per
1027 2664 1085 2703 se
1108 2646 1181 2701 ad
1218 2647 1479 2701 laborem
1509 2645 1764 2718 impulsis
1786 2654 1842 2700 et
1872 2644 2062 2701 ditatis

492 2737 791 2811 agricolis,
828 2734 1105 2810 jugorum
1150 2732 1498 2807 artificibuS,
1564 2732 1735 2789 fabris
1808 2732 2018 2787 aerariis
2039 2774 2058 2807 ,

488 2827 721 2899 aliisque
761 2824 879 2897 ejus
905 2824 1121 2899 generis
1154 2822 1484 2877 hominibus
1519 2839 1531 2875 :
1574 2830 1777 2895 sponte
1804 2822 1957 2875 enim
1983 2823 2063 2876 ait

490 2912 601 2971 sibi
643 2915 901 2970 omniurn
940 2930 1135 2968 rerum
1175 2910 1405 2986 copiam
1433 2929 1465 2966 e
1491 2909 1645 2965 Pluti
1684 2908 1942 2965 fontibus
1976 2908 2064 2964 af·-

488 3001 669 3060 ssuere
702 3023 717 3057 :
750 3019 894 3076 quos
922 3000 1107 3057 fontes
1144 3002 1401 3056 Ritterus
1440 3001 1503 3054 in
1530 2997 1727 3055 Persia
1752 2999 2064 3056 collocatos

486 3107 614 3148 esse
640 3108 673 3148 a
694 3101 869 3165 poeta
892 3089 1115 3164 colligit
1134 3107 1204 3144 ex
1238 3089 1474 3145 nomine
1501 3087 1705 3144 fabulae
1726 3097 1780 3144 et
1819 3087 1956 3160 quia
1981 3087 2062 3142 ibi

488 3179 746 3252 ingentes
771 3177 897 3233 auri
939 3175 1233 3232 thesauros
1270 3176 1481 3231 servari
1518 3176 1724 3250 vulgus
1750 3175 2062 3231 Athenien-

486 3267 633 3332 sium
662 3264 933 3321 credebat
950 3305 969 3334 ,
994 3265 1200 3319 merito
1228 3264 1428 3320 irrisus
1457 3263 1535 3320 ob
1564 3281 1725 3338 spem
1760 3263 2062 3321 absurdam

488 3354 558 3409 iis
580 3351 864 3428 potiundi.
901 3355 1081 3409 Versu
1112 3371 1134 3408 1
1165 3353 1301 3410 libri
1339 3371 1521 3436 pravo
1545 3361 1783 3408 accentu
1818 3347 2020 3428 ἀρότων
2043 3373 2058 3408 :

486 3444 739 3518 primum
792 3441 944 3498 enim
992 3441 1053 3498 h.
1110 3440 1151 3496 l.
1208 3459 1465 3516 personae
1511 3451 2058 3511 commemorantur,

486 3531 693 3600 deinde
712 3549 803 3588 res
824 3549 1047 3588 corum.
1080 3529 1336 3588 Verbum
1373 3527 1665 3605 ζυγοποιεῖν
1692 3531 1829 3585 citat
1858 3530 2063 3586 Pollux

480 3643 552 3696 7,
601 3640 625 3676 1
642 3619 733 3678 15.
754 3623 821 3678 V.
850 3617 883 3675 3
904 3630 959 3675 et
985 3623 1019 3684 4
1062 3629 1309 3694 propter
1333 3617 1576 3696 κοχυδεῖν
1606 3615 1773 3674 affert
1798 3617 2055 3674 Eustath.

490 3712 561 3767 Il.
604 3726 667 3783 p.
718 3707 893 3781 1095,
944 3724 1037 3780 19.
1085 3706 1240 3764 Ibid.
1290 3706 1424 3762 libri
1454 3705 1817 3762 incommode
1858 3701 2060 3762 ἐπιπά-

488 3817 647 3861 στοις.
671 3795 865 3852 Schol.
897 3795 997 3850 Ar.
1024 3795 1129 3866 Eq.
1158 3792 1269 3849 103
1286 3837 1304 3867 ,
1330 3790 1595 3850 ἐπίπαστα
1624 3813 1637 3848 :
1668 3790 1737 3850 τὰ
1761 3790 2060 3850 ἐπιπασσό-

490 3903 623 3957 μενα
654 3883 733 3959 τῷ
764 3877 897 3936 ἔτνει
933 3877 1154 3959 ἄλευρα.
1182 3882 1383 3936 Malim
1428 3875 1672 3958 ἁλμυρὰ,
1714 3891 1781 3936 ut
1808 3882 1952 3937 alter
1979 3881 2060 3936 ibi

1472 392 1883 453 coMOEmAE
1928 390 2260 451 VETERlS
2303 392 2712 467 stEfflQmAE.

2150 527 2318 600 glos&
2355 527 2609 604 Victor.]
2637 525 2866 603 ἁλμυρά.
2902 528 2984 585 Cf.
3017 530 3258 601 Hesycb.
3289 531 3332 599 f,
3353 550 3406 605 p.
3439 534 3644 607 1374,et

2151 616 2224 672 de
2239 613 2543 691 Ἀχιλλείοις
2565 616 2754 689 μάζαις
2781 618 2882 689 Eq.
2909 616 3046 689 819.
3084 618 3148 671 V.
3189 636 3219 686 7
3248 618 3373 673 libri
3395 621 3526 698 βοτρ.
3553 626 3642 696 μετ’

2151 702 2458 776 ἀμητίσκων
2507 701 2599 760 καὶ
2655 701 2940 761 νασίσκων.
2979 703 3132 759 Illud
3177 723 3242 759 ex
3286 707 3644 765 Metall‘icorum

2150 794 2280 848 loco
2301 792 2570 865 parallelo
2591 792 2874 867 irrepsisse
2895 791 3042 847 vidit
3059 792 3363 868 Schweigb.
3388 796 3513 850 Mihi
3529 798 3643 853 alie-
3720 864 3721 869 ἵ

2148 900 2288 935 num
2332 882 2514 936 visum
2561 892 2644 936 est
2689 877 2996 959 πολυτύρων
3013 923 3034 951 ,
3095 882 3347 955 vertique
3387 886 3524 955 quasi
3561 888 3642 940 Ph.

2150 967 2382 1024 dixisset
2398 988 2550 1025 ναστ.
2573 965 2619 1024 θ’
2635 965 2922 1044 δλοπύρων.
2935 968 3117 1023 Etiam
3142 964 3274 1037 μέτα
3287 970 3411 1025 dedi
3430 990 3524 1045 pro
3541 971 3648 1046 μετὰ

2149 1058 2521 1116 inconcinna.
2567 1058 2637 1114 V.
2673 1055 2710 1110 8
2757 1056 2936 1133 θερμῷ
2973 1055 3282 1115 Villebrun.
3318 1068 3376 1115 et
3415 1060 3524 1131 alii,
3563 1080 3647 1134 pro

2149 1143 2350 1225 θερμοί.
2376 1142 2970 1224 Δειριοπολφανεμῶνας
2999 1146 3243 1203 Casaub.
3277 1145 3348 1203 ad
3387 1148 3563 1204 Athen.
3601 1156 3646 1217 4,

2148 1254 2210 1309 p.
2243 1233 2377 1309 158,
2400 1236 2470 1305 B,
2495 1235 2902 1309 interpretatur
2915 1232 3198 1310 polphum
3219 1246 3530 1309 apparatum
3548 1255 3648 1291 cum

2152 1324 2284 1379 liliis
2325 1333 2385 1379 et
2426 1324 2745 1392 anemonis;
2796 1322 2898 1378 sed
2947 1325 3076 1396 quis
3125 1322 3296 1379 fando
3348 1324 3566 1395 audivit,
3607 1327 3649 1378 in

2151 1413 2294 1469 cibis
2311 1429 2428 1468 esse
2450 1411 2612 1467 lilia?
2634 1428 2814 1486 quare
2835 1406 3027 1487 λείριον
3053 1408 3251 1490 πολφὸν
3277 1410 3557 1487 intelligam
3576 1414 3651 1468 λει·

2149 1496 2386 1577 ριόεντα,
2411 1500 2716 1555 candidum
2755 1509 2815 1554 ut
2856 1500 3008 1555 lilia.
3040 1494 3313 1574 Ἀνεμώνη
3342 1500 3498 1557 etiam
3520 1496 3651 1573 μάζης

2150 1576 2282 1652 εἶδος
2297 1596 2378 1643 est
2405 1586 2562 1661 apud
2585 1587 2936 1660 Hesychium
2955 1586 3018 1646 h.
3040 1604 3102 1645 ν.
3130 1598 3190 1643 et
3207 1588 3478 1645 Pollucem
3497 1588 3547 1656 6,
3573 1589 3649 1658 76,

2151 1686 2215 1732 ut
2231 1677 2406 1735 Mein.
2427 1676 2745 1735 annotavit.
2771 1680 2838 1734 V.
2867 1695 2924 1749 9.
2941 1671 3148 1752 δένδρη,
3165 1693 3202 1731 a
3219 1672 3432 1753 δένδρος.
3451 1676 3650 1733 Gramm.

2152 1765 2404 1825 Crameri
2431 1765 2645 1821 Anecd.
2667 1764 2777 1819 Ox.
2809 1782 2862 1834 1,
2885 1781 2944 1838 p.
2966 1781 3078 1835 ²77
3113 1784 3128 1818 ι
3152 1760 3346 1840 γίνεται
3363 1760 3426 1819 τὰ
3443 1763 3506 1829 εἷς
3523 1784 3570 1819 ον
3584 1762 3651 1820 οὗ·

2151 1848 2334 1930 δέτερα
2353 1849 2444 1908 καὶ
2463 1852 2535 1916 εἷς
2557 1872 2630 1923 ος,
2639 1846 2820 1926 ὥσπερ
2842 1846 2901 1906 τὸ
2929 1846 3046 1907 Θύον
3067 1846 3204 1922 θύος,
3229 1862 3336 1907 etc.
3358 1852 3648 1907 Favorinus:

2151 1939 2412 2017 δένδρεσιν
2457 1940 2711 2007 ἀττικῶς,
2766 1934 2989 2017 δένδροις
3033 1940 3238 2005 κοινῶς.
3283 1938 3520 1995 Ceterum
3551 1937 3654 1991 libri

2141 2028 2324 2104 :vulgo
2351 2025 2420 2085 τὰ
2447 2025 2634 2105 δένδρη
2672 2026 2720 2082 τ’
2747 2023 2956 2096 αὐτοῖς,
2997 2026 3096 2082 sed
3137 2027 3182 2083 C
3225 2023 3293 2081 τὰ
3323 2024 3374 2081 δὲ
3415 2025 3594 2101 δένδρη,
3615 2035 3658 2079 et

2149 2134 2394 2191 gramm.
2413 2115 2665 2173 Cramer.
2691 2115 2734 2173 1.
2751 2114 2792 2169 l.
2820 2110 2888 2169 τὰ
2912 2111 2968 2170 δὲ
2987 2111 3050 2182 δὴ
3071 2109 3260 2191 δένδρα
3285 2111 3472 2191 (scrib.
3496 2107 3656 2187 δένδρη)

2151 2205 2246 2261 τάν
2273 2204 2382 2268 τοῖς
2421 2202 2593 2281 ὄρνεσι
2626 2202 2786 2279 (sic).
2825 2203 2892 2258 V.
2936 2220 3008 2257 10
3038 2200 3293 2259 ἁπαλοῖσι
3329 2202 3496 2259 Dobr.
3532 2200 3658 2255 metri

2152 2293 2331 2369 gratia
2358 2312 2468 2368 pro
2503 2288 2748 2355 ἁπαλοῖς.

2907 2422 2968 2461 20

2232 2520 2393 2582 Idem
2425 2518 2519 2590 15,
2543 2537 2601 2594 p.
2625 2516 2767 2589 685,
2792 2520 2843 2574 A
2880 2537 2894 2572 ε
2925 2514 3061 2572 καὶὸ
3089 2514 3176 2575 Φ.
3209 2512 3292 2588 δὲ,
3312 2511 3347 2587 ἢ
3370 2514 3398 2571 δ
3419 2507 3660 2581 πεποιηκὼς

2152 2606 2214 2665 τὸ
2249 2608 2429 2687 δρᾶμα
2456 2604 2575 2673 τοὺς
2603 2604 2813 2685 Πέρσας
2834 2647 2850 2676 ,
2883 2602 3230 2681 μνημονεύων
3261 2603 3348 2661 καὶ
3374 2602 3510 2667 αὐτὸς
3531 2602 3658 2657 ἀνθῶν

2153 2718 2305 2754 τινων
2326 2696 2724 2775 στεφανωτικῶν
2751 2714 2910 2772 φησιν

2301 2795 2354 2879 ὁ
2407 2810 2686 2903 μαλάχας
2729 2812 2834 2901 μὲν
2881 2803 3125 2901 ἐξερῶν,
3169 2808 3469 2875 ἀναπνέων
3505 2796 3554 2868 δ’
3589 2802 3661 2865 ὑά-

3489 2908 3662 2990 κινθον,

2301 3023 2408 3089 καὶ
2442 3028 2846 3117 μελιλώτινον
2878 3028 3112 3106 λαλῶν,
3145 3022 3256 3088 καὶ
3284 3014 3423 3112 ῥόδα
3469 3038 3664 3110 προσσε-

3490 3123 3662 3212 σηρώς·

2304 3235 2352 3304 ὦ
2387 3244 2580 3329 φιλῶν
2629 3235 2739 3329 μὲν
2785 3234 3116 3329 ἀμάρακον,
3144 3240 3472 3328 προσκινῶν
3507 3223 3566 3295 δὲ
3599 3230 3666 3292 σε’·

3537 3341 3667 3411 λινα,

2297 3458 2493 3544 γελῶν
2547 3442 2606 3514 δ’
2665 3449 3024 3514 ἱπποσέλινα
3043 3495 3062 3532 ,
3101 3446 3211 3512 καὶ
3260 3432 3668 3536 κοσμοσάνδαλα

3461 3545 3664 3634 βαίνων,

2207 3657 2247 3728 5
2300 3662 2509 3756 ἔγχει,
2555 3653 2823 3726 κάπιὲόα
2875 3659 3084 3750 τρίτον
3135 3664 3384 3743 παιῶν’,
3419 3661 3490 3732 ὡς
3533 3651 3668 3740 νόμος

3509 3746 3665 3823 ἐστίνῘ

2155 3881 2255 3936 His
2279 3879 2474 3936 nescio
2505 3879 2632 3952 quis
2653 3877 2962 3952 compellat
2984 3897 3213 3934 servum
3241 3896 3276 3934 a
3305 3873 3510 3950 cyathis
3529 3885 3668 3924 venu-

487 3971 668 4028 schol.
704 3987 721 4027 ε
753 3965 867 4033 ἔθος
904 3965 960 4024 δὲ
1003 3957 1145 4046 εἶχον
1178 3967 1349 4026 ποιεῖν
1388 3969 1723 4032 πλακοῦντας
1764 3962 1801 4036 ἢ
1840 3963 2056 4046 ἄρτους,
2152 3969 2358 4025 stulum
2381 3975 2446 4024 ‘et
2471 3966 2772 4025 cinaedum.
2803 3991 2826 4016 ι
2863 3971 3037 4023 Versu
3082 3985 3106 4022 r
3143 3965 3276 4040 μαλ.
3302 3961 3496 4034 ἐξερῶν,
3520 3969 3576 4013 ut
3595 3951 3674 4032 ψὲ-

490 4054 919 4118 similitationem
957 4055 1077 4113 τινὰ
1114 4053 1493 4136 καρυκεύματα
1524 4055 1716 4134 [ἤγουν
1754 4055 2052 4135 ἀρτύματα.
2098 4093 2108 4129 ,
2151 4057 2282 4134 γδαν
2309 4053 2609 4135 ἐρυγγάνειν
2657 4065 2715 4111 et
2743 4054 2890 4129 μῆλα
2925 4052 3295 4132 χρίμπτεσθαι
3328 4051 3503 4107 dictus
3531 4045 3670 4098 homo

594 4235 694 4284 aut
716 4225 1065 4285 falcariorum
1081 4269 1097 4298 ‚
1123 4236 1220 4286 aut
1257 4227 1537 4286 fabrorum
1570 4229 1887 4288 aerariorum
1902 4271 1920 4300 ‚
1963 4237 2060 4287 aut

1306 4317 1551 4386 [seminis
1568 4360 1583 4386 ‚
1610 4327 1706 4376 aut
1730 4318 2057 4390 sepimenti?

594 4412 790 4477 sponte
816 4404 965 4462 enim
994 4420 1089 4478 per
1110 4404 1295 4464 trivias
1317 4405 1488 4474 fluvii,
1512 4406 1803 4480 pinguibus
1828 4407 2057 4480 inspersi

596 4493 765 4550 1113Ζί8
778 4486 993 4560 jusculi
1014 4498 1160 4570 nigri
1182 4512 1241 4556 et
1264 4498 1509 4558 achilleis
1524 4539 1541 4566 ‚
1564 4497 1909 4554 abundanter
1925 4510 2052 4551 cum

602 4628 609 4634 .
1556 4571 1785 4654 strepitu
1808 4580 2054 4638 defluent

516 4677 550 4726 5
596 4679 658 4719 ex
678 4661 922 4719 fontibus
951 4663 1099 4721 Pluti
1118 4706 1134 4732 ‚
1158 4663 1227 4722 ad
1247 4665 1636 4724 hauriendum.

596 4753 739 4808 Tum
762 4754 790 4808 J
796 4751 1012 4824 uppiter
1030 4751 1157 4808 vino
1176 4749 1396 4810 fumoso
1412 4752 1641 4810 domum
1656 4752 1932 4827 impluens
1953 4767 2056 4812 nos

1796 4840 2055 4910 [lavabit‚

488 4923 527 4950 0
595 4930 652 4979 et
672 4937 705 4978 a
728 4921 927 4995 tegulis
950 4923 1167 4980 canales
1200 4939 1325 4982 cum
1345 4925 1463 4981 uvis
1488 4924 1817 4998 triticeisque
1836 4927 2056 4998 placen·

1894 5013 2022 5069 tulis

594 5095 951 5156 demittantur
970 5138 985 5167 ‚
1016 5113 1125 5158 una
1148 5114 1275 5158 eum
1306 5099 1455 5174 pulte
1480 5099 1652 5157 calida
1684 5108 1740 5158 et
1766 5013 1879 5157 lilio¹
1902 5055 2054 5157 simi:

1530 5187 1708 5254 [libus
1737 5187 2050 5254 anemoni83

2253 4229 2474 4285 arbores
2502 4234 2684 4284 autem
2713 4241 2844 4283 sane
2869 4226 2930 4282 in
2954 4219 3238 4282 montibus
3255 4217 3675 4359 botulosbasgfntoz

3431 4309 3451 4375 ἱ
3499 4317 3546 4358 oe
3581 4311 3654 4352 mo

2156 4407 2221 4457 10
2253 4402 2424 4457 instar
2459 4399 2717 4456 foliorum
2765 4395 3094 4468 infundent,
3133 4393 3584 4471 loligunculasque
3613 4391 3676 4436 te·

2955 4523 2960 4534 ·
3003 4487 3206 4553 [netas
3231 4491 3288 4542 et
3314 4479 3500 4540 turdos
3517 4479 3672 4531 tostos.

2905 4579 2959 4630 2.

2257 4663 2306 4718 Ο
2329 4660 2536 4718 malvas
2561 4659 2783 4732 quidem
2821 4667 3076 4716 eructans
3091 4701 3108 4728 ,
3139 4659 3462 4732 spiransque
3491 4643 3677 4787 Ῑιγιεὶὶοἰῐῐ·

3497 4740 3548 4806 [t
3581 4743 3678 4785 um!

2258 4843 2314 4890 et
2333 4833 2698 4890 melilotinum
2719 4833 2979 4907 loquens,
3019 4842 3076 4889 et
3105 4845 3264 4889 rosas
3277 4827 3552 4887 subridens
3567 4865 3580 4890 ,

2259 4922 2622 4994 osculansque
2643 4936 2956 4979 amaracum
2973 4961 2990 4990 ,
3022 4928 3082 4977 et
3105 4918 3474 4977 concumbens
3493 4911 3676 4986 apium.

2255 5018 2372 5066 tum
2411 5010 2746 5067 cachinnans
2787 5007 3156 5083 hipposelina,
3205 5013 3266 5064 et
3307 4992 3680 5062 eosmosandalfl

3397 5096 3416 5161 ῐ
3429 5087 3678 5162 gradiens.
3719 5107 3721 5114 ¹

2191 5195 2238 5244 5·
2257 5186 2485 5244 infunde
2509 5194 2564 5245 et
2583 5187 2828 5246 acclama
2853 5189 3072 5244 tertium
3091 5199 3362 5258 paeanem.
3387 5189 3448 5236 ut
3465 5191 3572 5234 mos
3589 5175 3678 5228 cst·
