3809 5850
441 409 512 460 18
1419 393 1825 454 coMOEmAE
1871 387 2197 450 VETEms
2240 387 2554 461 Rumon!
2568 389 2655 446 (Ε.

437 541 494 585 ct
523 527 736 585 ibidem
765 527 823 597 3,
853 527 884 583 3
921 547 934 581 :
1277 591 1290 608 .

525 627 722 699 Lyda-5.
744 625 1102 681 Meretricem
1131 622 1366 698 indigne
1391 622 1687 698 deperit...
1727 623 2001 678 Mnese'lo-

1357 709 1538 788 [chus.
1571 713 1702 766 Non
1731 721 1794 766 tu
1820 719 2003 766 taces?

511 802 718 874 Ljdus.
759 803 948 874 Atque
992 815 1344 854 acerrumam
1383 816 1398 853 ι
1443 811 1679 854 cestuose
1723 799 2001 868 absorbet,

1355 883 1474 966 [ubi
1493 904 1766 962 quemque
1797 891 2001 961 attigit.

434 997 704 1053 Similiter
726 993 882 1069 apud
905 993 1236 1048 Pausaniam
1255 989 1473 1049 Lacon.
1497 1009 1626 1066 cap.
1663 1009 1759 1065 19,
1787 1009 1881 1061 10,
1903 1009 2003 1048 an·

436 1085 696 1140 cillarum
742 1078 1104 1154 quarundam
1149 1079 1366 1135 fiirialis
1425 1078 1638 1135 dicitur
1675 1079 1904 1134 habitus
1950 1088 2008 1134 ct

437 1172 669 1235 saevitia.
700 1170 792 1225 Sic
823 1170 976 1224 enim
1012 1168 1109 1224 ille
1143 1186 1157 1222 :
1190 1163 1386 1236 ταύτην
1417 1162 1512 1234 τὴν
1542 1161 1768 1231 Πολυξώ
1813 1184 2003 1240 φασιν,

440 1259 794 1332 ἐπιθυμοῦσαν
817 1251 1039 1324 Ἑλένην
1058 1250 1462 1330 τιμωρήσασθαι
1485 1253 1729 1322 τελευτῆς
1748 1253 1839 1321 τῆς
1855 1253 2005 1322 Τλη-

434 1342 694 1420 πολέμου,
722 1341 863 1411 τότε,
893 1343 964 1407 ὥς
989 1339 1176 1398 ἔλαθεν
1211 1337 1378 1410 αὐτὴν
1409 1338 1708 1420 ὑποχείριον
1727 1385 1742 1410 ,
1772 1337 2005 1416 ἐπιπέμ-

437 1433 534 1509 ψαι
565 1433 613 1490 οἱ
642 1429 868 1506 λουμένῃ
913 1426 1336 1508 θεραπαίνας
1381 1425 1788 1506 Ἐριννύσιν
1833 1426 2007 1484 είκα-

435 1515 562 1592 σμέ
572 1540 710 1582 νας·
735 1519 827 1574 καὶ
853 1505 1020 1573 αὗται
1063 1513 1410 1573 διαλαὸοῦσαι
1451 1511 1514 1584 δὴ
1558 1512 1654 1584 τὴν
1684 1511 1909 1584 Ἑλένην
1950 1515 2006 1570 αἱ

436 1613 679 1680 γυναῖκες
723 1603 1057 1682 ἀπάγχουσιν
1103 1601 1188 1660 ἐπὶ
1229 1601 1458 1682 δένδρου.
1495 1601 1762 1676 Ejusdem
1815 1613 2007 1658 autem

433 1695 653 1772 generis
687 1695 836 1752 tituli
874 1691 1286 1752 comoediarum
1315 1703 1446 1748 suut
1481 1689 1650 1764 liujus
1691 1687 1923 1767 Νέμεσις
1952 1700 2009 1748 et

436 1787 639 1862 Νόμοι,
666 1797 777 1843 etc.

979 1863 1056 1918 X.
1097 1861 1459 1944 ΘΡᾼΤΓΑῙ.

517 1972 862 2042 Fragmento
945 1986 968 2022 1
1032 1965 1202 2038 hujus
1265 1966 1467 2022 fabulae
1528 1976 2010 2022 commemoratur

437 2056 756 2113 ostracismi
770 2055 1100 2124 discrimen,
1117 2054 1277 2127 quod
1289 2054 1528 2110 Pericles
1541 2055 1778 2110 evaserit
1801 2075 1814 2108 ι
1834 2055 2012 2128 igitur

439 2148 534 2200 vix
565 2143 806 2201 dubium
829 2153 914 2200 est
939 2144 1080 2218 quin
1107 2143 1199 2199 Cr.
1247 2140 1516 2200 Thressas
1553 2142 1780 2198 circiter
1807 2142 2008 2214 olym-

437 2232 608 2307 piade
647 2232 722 2296 84
771 2233 1002 2288 ineunte
1029 2231 1092 2286 in
1129 2247 1358 2286 scenam
1399 2228 1762 2304 produxerit.
1817 2235 2005 2304 Argu·

437 2332 690 2377 mentum
709 2320 976 2376 dramatis
998 2317 1072 2372 ad
1089 2317 1514 2374 Bendideorum
1529 2335 1689 2373 sacra
1705 2327 2010 2392 spectasse,

439 2409 618 2464 choro
643 2415 936 2463 constante
959 2423 990 2462 e
1015 2406 1266 2461 Thressis
1285 2405 1636 2476 mulieribus,
1665 2424 1790 2478 quae
1817 2423 1888 2460 ea
1912 2424 2011 2461 cu-

439 2505 652 2567 rarent,
703 2495 1086 2571 probabiliter
1132 2495 1382 2567 conjecit
1423 2495 1628 2570 Bergk.
1683 2495 2005 2556 Commeat.

437 2604 498 2658 p.
533 2603 633 2657 91,
665 2585 768 2640 etsi
794 2583 1108 2640 secundum
1137 2583 1471 2642 Boeckhium
1499 2583 1728 2658 (Indice
1756 2583 1888 2641 lect.
1918 2583 2011 2638 lii·

437 2673 600 2730 bcrn.
635 2673 768 2727 anni
800 2670 970 2740 1828,
997 2690 1059 2746 p.
1101 2688 1168 2726 12
1193 2669 1210 2746 )
1240 2673 1288 2726 is
1310 2672 1494 2726 cultus
1519 2669 1750 2726 demum
1785 2671 2005 2747 olymp.

439 2779 514 2833 92
553 2761 786 2834 publice
821 2771 1086 2834 receptus
1126 2759 1298 2815 fuerit
1328 2759 1562 2816 Athenis
1598 2778 1611 2815 :
1646 2777 1824 2832 quum
1853 2761 2005 2814 enim

437 2850 738 2904 verisimile
765 2850 858 2922 sit,
901 2859 1066 2904 antea
1089 2847 1450 2922 peregrinam
1478 2847 1746 2904 Bendidis
1771 2848 2011 2922 religio-

437 2956 568 2994 nem
595 2938 814 2993 animos
842 2936 1054 2994 civium
1081 2936 1274 2997 multis
1313 2936 1500 2993 modis
1527 2938 1917 3011 occupavisse,
1950 2936 2011 2992 id

437 3030 624 3102 ipsum
650 3044 884 3081 movere
902 3026 1092 3101 potuit
1115 3024 1410 3083 Cratinum
1426 3066 1442 3093 ,
1465 3034 1532 3079 ut
1563 3042 1737 3099 opere
1768 3043 1870 3080 suo
1909 3025 2012 3099 gli-

438 3124 691 3169 scentem
733 3112 994 3169 barbarae
1033 3111 1448 3187 superstitionis
1499 3128 1752 3167 amorem
1800 3114 2009 3167 restin-

436 3211 655 3277 gueret.
677 3198 729 3255 E
755 3202 935 3258 blein.

1200 3299 1250 3335 ι.

518 3386 668 3442 Plut.
709 3386 840 3440 Vita
869 3383 1095 3440 Periclis
1118 3403 1172 3441 c.
1219 3381 1288 3438 13
1323 3402 1336 3437 :
1385 3379 1444 3439 τὸ
1473 3381 1520 3439 δ’
1556 3381 1736 3461 ᾠδεῖον
1759 3426 1774 3452 ,
1815 3385 1883 3461 τῇ
1917 3381 2014 3457 μὲν

436 3470 579 3537 ἐντὸς
605 3468 834 3528 διαθέσει
862 3468 1148 3549 πολύεδρον
1169 3466 1261 3527 καὶ
1288 3468 1645 3543 πολύστυλον,
1671 3474 1740 3549 τῇ
1764 3468 1808 3527 δ’
1837 3468 2015 3549 ἐρέψει

435 3558 730 3637 περικλινὲς
759 3558 850 3616 καὶ
877 3556 1128 3625 κάταντες
1147 3559 1208 3615 ἐκ
1236 3565 1358 3631 μιᾶς
1381 3560 1608 3637 κορυφῆς
1631 3558 2010 3635 πεποιημένον,

437 3645 612 3705 εἰκόνα
630 3644 843 3722 λέγουσι
871 3643 1112 3723 γενέσθαι
1131 3644 1222 3702 καὶ
1248 3647 1466 3721 μίμημα
1488 3649 1581 3715 τῆς
1603 3646 1862 3724 βασιλέως
1880 3668 2009 3715 σκη·

445 3738 569 3809 νῆς,
615 3736 1013 3798 ἐπιστατοῦντος
1063 3731 1154 3790 καὶ
1179 3730 1362 3810 ’τούτῳ
1404 3733 1738 3810 Περικλέους.
1794 3733 1890 3791 Διὸ
1923 3732 2015 3791 καὶ

441 3820 602 3876 πάλιν
633 3822 734 3900 Κρ.
764 3821 818 3877 ἐν
847 3817 1112 3897 Θρᾴτταις
1131 3816 1304 3885 παίζει
1327 3816 1456 3896 πρὸς
1479 3818 1652 3877 αὗτόν·

537 3930 592 4000 ὁ
621 3934 1056 4025 σχινοκέφαλος
1091 3932 1230 4008 Ζεὺς
1265 3926 1362 3997 ὁδὶ
1386 3936 1810 4027 προσέρχεται,

537 4045 570 4104 ὁ
607 4038 972 4132 Περικλέης,
1010 4033 1265 4117 τῴδεῖον
1299 4037 1397 4103 ἐπὶ
1437 4048 1544 4105 τοῦ
1579 4040 1814 4131 κρανίου

536 4146 721 4237 ἔχων,
765 4138 976 4217 ἐπειδὴ
1003 4145 1372 4236 τοῦστρακον
1411 4143 1789 4237 παροίχεται.

439 4276 505 4330 V.
561 4292 580 4327 ι
615 4272 787 4331 codd.
817 4269 925 4347 ὅδε,
961 4273 1122 4347 quod
1145 4292 1366 4329 versum
1401 4274 1680 4345 destituit;
1709 4296 1765 4335 v,
1794 4296 1827 4332 2
1855 4278 1883 4333 ὁ
1907 4278 2005 4333 ad·

441 4360 586 4415 didit
619 4362 790 4417 Mein.
821 4360 910 4417 Ad
951 4381 1093 4435 σχιν.
1125 4361 1200 4415 cf.
1235 4362 1380 4417 Plut.
1411 4363 1451 4417 l.
1479 4364 1522 4420 1.
1553 4382 1680 4438 cap.
1705 4362 1738 4418 3
1771 4384 1785 4419 :
1813 4364 1861 4421 οἱ
1890 4362 2007 4423 Ἀτ-

2090 519 2303 599 τὴν’γὰρ
2322 518 2540 578 σκίλλαν
2562 517 2817 594 (scillam
2838 519 3181 574 maritimam
3200 519 3396 588 Linn.,
3414 535 3663 592 german.

2092 613 2187 665 die
2204 611 2471 674 Zwiebel,
2500 607 2737 663 herbam
2758 608 2948 681 capite
2970 625 3175 682 magno
3204 619 3261 662 ct
3282 607 3663 682 longiusculo,

2094 698 2263 772 quale
2293 697 2521 753 Periclis
2552 696 2657 752 fuit
2684 693 2705 768 )
2736 691 2875 750 ἔστιν
2900 690 2986 750 ὅτε
3012 691 3105 750 καὶ
3122 700 3301 770 σχῖνον
3330 693 3664 767 ὀνομάζουσι.

2094 785 2377 839 Memorat
2411 792 2469 839 ct
2496 779 2705 838 Pollux
2736 799 2791 850 a,
2835 779 2932 846 43.
2974 783 3155 852 Quem
3198 801 3381 856 quum
3408 782 3663 843 Odeum,

2093 871 2371 946 proximis
2410 881 2541 926 ante
2579 869 2743 925 annis
2774 869 2846 924 ab
2876 869 3002 943 ipso
3046 869 3365 939 conditum,
3391 869 3453 925 in
3482 871 3667 943 capite

2098 967 2315 1032 gestare
2334 957 2501 1026 dicit,
2542 957 2791 1032 respexit
2810 955 3047 1012 fortasse
3066 955 3143 1011 ad
3172 957 3394 1030 galeam
3414 956 3665 1028 Periclis,

2097 1047 2279 1121 qualis
2314 1048 2374 1101 in
2401 1045 2530 1118 ejus
2564 1041 2847 1122 προτύποις
2874 1045 3243 1118 conspicitur,
3277 1055 3521 1119 propter
3546 1045 3671 1098 lon·

2094 1134 2409 1208 gitudinem
2460 1133 2659 1208 capitis
2717 1132 3011 1207 vulgarem
3066 1121 3307 1188 niodum
3368 1131 3669 1188 excedens.

2097 1222 2245 1278 Plut.
2284 1221 2325 1278 l.
2351 1222 2394 1280 l.
2432 1241 2446 1277 ι
2479 1218 2592 1278 ὅθεν
2627 1219 2684 1276 αἱ
2712 1217 2808 1294 μὲν
2838 1215 3029 1284 εἰκόνες
3054 1220 3211 1275 αὐτοῦ
3240 1213 3430 1296 σχεδὸν
3458 1215 3667 1274 ἅπασαι

2098 1306 2313 1386 κράνεσι
2340 1305 2704 1385 περιέχονται,
2741 1303 2817 1380 μὴ
2859 1303 3221 1382 βουλομένων,
3248 1307 3321 1370 ὣς
3358 1301 3529 1373 ἔοικε,
3566 1305 3670 1358 τῶν

2096 1396 2343 1472 τεχνιτῶν
2398 1393 2727 1462 ἐξονειδίζειν.
2756 1396 2807 1448 Ε
2851 1395 3030 1454 Mein.
3074 1389 3415 1469 Τοῦστρακον
3436 1435 3455 1468 ,
3490 1404 3671 1447 ostra-

2096 1485 2335 1542 eismum
2350 1527 2367 1561 ‚
2394 1485 2494 1559 qui
2517 1481 2825 1559 aliquando
2846 1479 3213 1557 impendebat
3234 1481 3463 1538 Pericli.

2851 1607 2907 1644 ⁸2.

2178 1701 2371 1758 Schol.
2416 1703 2613 1775 Eurip.
2662 1699 2885 1756 Hecub.
2936 1718 3043 1773 797
3090 1697 3245 1772 (821)
3280 1718 3293 1753 :
3335 1696 3419 1754 ὅτι
3456 1696 3511 1755 δὲ
3560 1698 3675 1754 ε’κι-

2096 1785 2232 1843 νεῖτο
2263 1785 2367 1863 (τὰ
2395 1787 2661 1846 Δαιδάλου
2691 1785 2855 1864 ἔργα)
2882 1784 2973 1843 καὶ
2997 1783 3170 1864 προΐει
3193 1783 3371 1863 φωνὴν
3387 1827 3403 1856 ,
3432 1783 3589 1850 αὐτός
3616 1807 3671 1841 τε

2100 1871 2389 1952 Εὐριπίδης
2408 1875 2461 1932 ἰν
2490 1875 2747 1953 Εὐρυσθεῖ
2774 1872 2936 1952 λέγει,
2964 1870 3055 1930 καὶ
3087 1873 3187 1952 Κρ.
3208 1874 3262 1930 ἐν
3284 1873 3391 1950 Θρ.

2309 1987 2371 2055 α.
2410 1990 2565 2057 Πανὶ
2595 1983 2785 2056 κάδον
2819 1981 2991 2082 δεῦρο
3030 1988 3341 2072 βάστασόν
3374 2015 3538 2058 τινα.

2211 2101 2271 2180 β.
2310 2085 2543 2188 Πότερα
2574 2101 2841 2187 χαλκοῦν
2876 2091 2912 2166 ἢ
2969 2089 3241 2176 ξύλινον;
3276 2119 3337 2162 α.
3390 2093 3493 2160 καὶ
3534 2122 3677 2186 χρο-

3118 2193 3311 2290 [σοῦν.
3332 2198 3433 2266 ἐὰν
3454 2211 3674 2294 προσῇ.

2200 2311 2259 2390 β.
2298 2299 2619 2396 Οὐδαμῶς,
2634 2299 2866 2381 ξύλινος
2880 2296 2939 2369 δ’
2961 2305 3177 2381 ἐκεῖνος
3196 2298 3344 2397 [νῦν
3364 2299 3549 2380 ἄλλος
3582 2307 3677 2370 σοί

3364 2403 3555 2502 [ποτ’
3584 2409 3679 2489 ἦν,

2197 2511 2361 2581 ἀλλὰ
2393 2521 2658 2608 χαλκοῦς
2689 2515 2770 2578 ὢν
2800 2508 3055 2606 ἀπέδρα.
3089 2540 3149 2580 α.
3174 2513 3421 2605 Πότερα
3460 2506 3683 2580 δαιδά-

2198 2621 2237 2692 ἥ
2269 2644 2363 2696 τις
2394 2615 2647 2706 ἔκλεψεν
2682 2618 2903 2702 αὖτόν;
3348 2611 3539 2710 [λειος
3576 2617 3679 2702 ἦν,

2099 2750 2285 2808 Codd.
2314 2747 2389 2806 Π.
2420 2744 2579 2804 κακὸν
2610 2745 2663 2805 δ.
2696 2744 2918 2821 μαστάω
2944 2769 2995 2806 τ.
3026 2744 3151 2804 ποτὲ
3175 2767 3236 2824 χ.
3266 2745 3303 2816 ἢ
3334 2743 3383 2814 ξ.
3421 2745 3515 2804 καὶ
3544 2747 3679 2825 χρύ-

2102 2857 2217 2895 σεον
2246 2837 2469 2914 προσῆν.
2497 2835 2607 2892 οὐδ.
2642 2833 2691 2903 ξ.
2712 2835 2792 2894 ἔκ.
2815 2835 2911 2870 '‘⁴¹¹⁴'‘
2938 2832 3151 2894 ἀλλὰ...
3192 2834 3417 2911 ἀπέδρα.
3452 2833 3681 2913 πότερα,
3785 2839 3786 2842 ’

2102 2937 2215 2985 etc.
2251 2924 2533 2982 Dobraeus
2554 2923 2629 2981 ad
2664 2923 2956 2999 Aristoph.
2990 2923 3141 2983 Nub.
3184 2922 3300 2981 518
3330 2918 3398 2979 καί
3508 2954 3597 2967 —-
3622 2946 3679 2981 α.

2104 3011 2194 3069 καὶ
2216 3046 2292 3056 -
2328 3013 2521 3089 προσῇ.
2553 3041 2633 3055 -
2668 3008 2777 3077 ξύλ.
2829 3008 2875 3066 δ’
2920 3008 3111 3075 ἐκεῖνός
3141 3008 3285 3087 [σου
3321 3010 3558 3088 χαλκοῦς
3596 3010 3685 3085 μοί

2104 3096 2221 3155 ποτ’
2248 3089 2329 3169 ἦν.
2346 3098 2369 3175 ]
2388 3100 2519 3155 Haec
2538 3097 2932 3171 incommoda,
2957 3098 3165 3171 quibus
3182 3116 3286 3154 nos
3296 3098 3685 3154 subvenimus.

2105 3188 2416 3243 Annotavit
2467 3187 2672 3259 Mein.,
2714 3186 2829 3240 hoc
2880 3185 3261 3259 fragmentum
3306 3186 3688 3241 memorabile

2106 3292 2221 3330 esse
2243 3284 2570 3349 propterea,
2589 3272 2749 3347 quod
2778 3292 2849 3328 ex
2876 3290 2945 3327 eo
2966 3274 3411 3349 intelligebatur,
3426 3276 3691 3329 comicos

2104 3373 2303 3437 poetas
2325 3364 2495 3420 etiam
2517 3360 2838 3438 Eupolideo
2864 3371 3048 3417 metro
3081 3380 3216 3416 usos
3235 3380 3354 3417 esse
3384 3362 3445 3415 in
3482 3362 3685 3417 diver-

2106 3451 2236 3509 biis.
2264 3452 2427 3507 Idem
2448 3450 2593 3507 adv.
2622 3456 2971 3523 4comparat
2984 3450 3228 3505 Dionem
3242 3448 3439 3520 Chrys,
3456 3450 3561 3505 Or.
3589 3450 3687 3519 37,

2104 3556 2167 3610 p.
2202 3536 2308 3593 105
2352 3538 2424 3595 R.
2457 3556 2470 3591 :
2499 3537 2527 3593 ὃ
2556 3532 2609 3591 δὲ
2655 3533 2864 3610 ἀνδριὰς
2902 3534 3007 3590 τῶν
3048 3533 3315 3593 Δαιδάλου
3359 3532 3685 3608 ποιημάτιον

2108 3621 2288 3701 ἔτυχεν
2310 3620 2382 3679 ὧν
2412 3619 2503 3680 καὶ
2524 3619 2697 3679 λαθὼν
2720 3622 2855 3697 ὑμᾶς
2882 3618 3104 3699 ἀπέδρα.

2865 3732 2917 3790 3.

2187 3842 2389 3897 Pollux
2412 3860 2473 3915 9,
2506 3857 2576 3914 91
2617 3858 2632 3897 ε
2674 3836 2835 3903 οὕτως
2860 3835 2923 3895 ἂν
2949 3835 3040 3895 καὶ
3086 3838 3190 3917 Κρ.
3222 3838 3276 3895 ἐν
3312 3838 3423 3915 Θρ.
3458 3836 3689 3915 εἰρηκὼς

2107 3925 2187 3997 εἴη
2212 3925 2299 3983 τὸν
2326 3924 2521 4003 χρυσὸν
2548 3924 2760 4003 χρυσία·

2206 4040 2324 4116 ὅτι
2358 4044 2495 4119 τοὺς
2520 4042 2771 4134 κόρακας
2800 4041 2917 4123 τάξ
2945 4040 3257 4129 Αἰγύπτου
3286 4042 3511 4131 χρυσία
3544 4045 3694 4106 κλέ-

3094 4170 3362 4221 πτοντας
3396 4172 3689 4215 επαυσεν.

2104 4278 2288 4351 Vulgo
2308 4273 2559 4347 κόλακας,
2584 4276 2747 4350 quod
2772 4286 3095 4333 correctum
3118 4276 3179 4329 in
3206 4274 3410 4330 codice
3428 4277 3461 4330 J
3464 4294 3687 4351 unger-

2104 4366 2319 4433 manni,
2346 4366 2447 4437 qui
2474 4366 2645 4420 etiam
2672 4362 2929 4420 ἔπαυσαν.
2955 4363 3159 4437 Bergk.
3190 4362 3411 4420 Comm.
3438 4381 3504 4436 p.
3550 4362 3693 4430 105,

440 4446 574 4503 τικοὶ
591 4446 804 4516 ποιηταὶ
820 4446 1195 4525 σχινοκέφαλον
1216 4446 1370 4505 αὐτὸν
1401 4449 1744 4525 (Periclem)
1767 4448 2006 4507 ἐκάλουν·
2054 4430 2063 4501 l
2103 4449 2335 4508 ἔπαυσα.
2371 4476 2395 4503 ι
2423 4454 2705 4507 Revocari
2736 4448 2962 4507 ἔπαυσεν
2998 4467 3013 4506 :
3052 4450 3272 4509 Chorus
3310 4451 3581 4523 loquitur
3618 4451 3697 4507 de.

1041 4614 1397 4669 TERESSAE.

513 4782 694 4840 Scillae
719 4784 893 4855 capite
911 4786 1164 4856 ,luppiter
1189 4706 1298 4843 lia<-
1322 4787 1555 4854 accedit,

515 4869 769 4939 Pericles,
795 4870 1006 4929 Odeum
1027 4872 1084 4927 in
1107 4873 1306 4929 vertice

516 4957 740 5023 habens,
769 4972 832 5013 ex
852 4972 959 5029 quo
981 4965 1178 5013 testam
1203 4960 1408 5017 vitavit.

448 5172 456 5184 .
494 5131 628 5187 Pani
657 5130 866 5187 cadum
899 5133 1138 5205 aliquem
1165 5050 1322 5189 afffer.

2106 4618 2159 4673 b.
2200 4622 2523 4684 AEneumne‚
2540 4634 2611 4673 an
2629 4617 2905 4689 ligneum?
2924 4630 2976 4673 a.
2995 4618 3171 4671 Immo
3184 4628 3430 4676 aureum,
3450 4614 3697 4671 siadest.
3781 4632 3782 4647 *

2108 4707 2160 4761 b.
2195 4706 2451 4771 Minime,
2476 4705 2571 4761 sed
2600 4706 2814 4777 ligneus
2840 4704 2933 4760 illc
2958 4702 3143 4771 [nunc
3166 4710 3251 4758 est
3277 4720 3288 4755 :
3324 4701 3497 4758 alium
3526 4702 3700 4759 liabe-
3780 4696 3782 4721 ¹

2717 4814 2725 4821 ·
3382 4788 3481 4844 bas
3500 4788 3637 4844 olim
3660 4792 3701 4855 ,ξ

2107 4877 2201 4935 scd
2222 4894 2408 4935 aeneus
2424 4893 2597 4949 quum
2609 4886 2771 4943 esset,
2786 4878 3017 4949 aufugit.
3040 4892 3091 4932 a.
3112 4880 3258 4933 Num
3270 4874 3699 4942 daedaleusfuit‚

2110 4982 2179 5021 an
2204 4966 2402 5038 aliquis
2424 4980 2551 5021 eum
2578 4964 2791 5023 furatus
2818 4970 2934 5022 est?

2864 5059 2919 5108 3.

2062 5161 2067 5187 ι
2109 5140 2247 5209 Ouia
2270 5154 2459 5197 corvos
2474 5154 2673 5197 aurum
2696 5155 2760 5196 ex
2790 5142 3013 5212 AEgypto
3028 5139 3275 5199 furantes
3296 5140 3579 5199 cohibuit.
