3809 5850
1560 430 1956 495 STRATTlS.

130 576 311 650 Vulgo
340 572 494 653 δείνῳ
516 571 636 651 περὶ
664 570 811 629 κάτω
834 590 975 647 τετρ.
998 568 1178 627 codd.
1208 569 1301 623 vL
1320 564 1589 645 περικάτω
1612 586 1697 621 τε·

3241 438 3353 491 297

1794 562 2172 619 Philochorus
2219 560 2376 635 apud
2435 561 2614 619 schol.
2679 560 2978 634 Sophoclis
3037 559 3185 615 ond.
3228 558 3353 618 Col.

128 660 403 741 τρημὲνῳ,
432 662 577 717 illud
606 671 778 716 recte.
832 660 1093 715 Ceterum
1130 654 1267 711 δῖνον
1296 654 1702 729 Aristophanes
1796 656 1942 716 1041
1979 648 2114 725 (ubi
2143 668 2199 708 v.
2223 646 2468 723 Reisig.)
2497 646 2735 703 definire
2761 666 2882 702 non
2910 665 3178 722 possum3
3219 646 3359 699 illud

132 752 345 824 aliique
374 752 576 807 dicunt
620 768 635 803 ι
684 766 741 803 v.
772 747 923 803 Nub.
968 746 1105 815 374,
1127 747 1296 818 Vesp.
1330 742 1471 816 596,
1498 752 1554 799 et
1586 742 1701 796 hoc

132 838 259 911 ipso
288 840 419 893 loco
462 836 718 894 Athenaei
741 832 1091 890 Archedicus
1118 832 1390 887 comicus.

888 957 945 1017 3.

216 1078 498 1149 Harpocr.
520 1094 583 1149 p.
614 1073 753 1143 130,
775 1090 805 1143 7
838 1091 850 1125 :
876 1071 1113 1129 Μυσῶν
1144 1066 1391 1127 λείαν...
1420 1066 1704 1145 κέχρηνται

133 1160 189 1218 δὲ
220 1165 285 1239 τῇ
308 1160 570 1241 παροιμία
600 1159 751 1217 ἄλλοι
774 1181 831 1216 τε
859 1156 949 1215 καὶ
970 1159 1101 1236 Στρ.
1130 1158 1185 1213 ἐν
1214 1155 1455 1234 Μηδείᾳ,
1487 1156 1577 1213 καὶ
1606 1154 1707 1214 Σι-

132 1250 363 1323 μωνίδης
391 1252 447 1307 ἐν
476 1247 735 1323 Ἰάμὸοις.
764 1248 1091 1321 Contempti
1123 1246 1353 1301 fuerunt
1388 1246 1531 1319 Mysi
1552 1264 1707 1320 pro-

132 1353 263 1413 pter
296 1341 575 1414 ignaviam
611 1359 626 1393 :
666 1340 745 1395 ita
771 1338 1057 1411 Mysorum
1092 1334 1287 1410 praeda
1312 1334 1467 1391 dicta
1506 1344 1705 1389 est-res

132 1430 339 1483 nullius
368 1430 545 1502 pretii
596 1447 609 1481 :
654 1446 711 1482 v.
756 1444 895 1483 ann.
935 1424 1011 1480 ad
1039 1426 1179 1481 Eur.
1208 1423 1381 1479 Rhes.
1411 1420 1551 1491 243,
1584 1422 1707 1477 Cic.

132 1518 241 1571 Pro
272 1518 481 1573 Flacco
510 1514 587 1573 65
606 1556 625 1585 ‚
658 1524 715 1571 et
741 1513 833 1570 Ad
855 1514 1131 1586 Quintum
1156 1510 1285 1566 frat.
1328 1529 1377 1581 1,
1408 1529 1462 1579 1,
1492 1508 1603 1568 16.-

648 1643 730 1703 xl
740 1687 755 1701 .
802 1638 1198 1701 ΠΟΤΑΜῙΟΙ.

214 1798 239 1821 ι
278 1776 445 1829 Hanc
468 1772 719 1828 fabulam
768 1780 901 1827 ante
934 1771 1153 1844 olymp.
1182 1786 1283 1843 92,
1315 1776 1347 1837 4
1394 1766 1551 1843 (408
1577 1780 1707 1825 ante

136 1862 265 1918 Chr.
302 1860 459 1935 nat.)
491 1872 677 1915 actam
713 1878 827 1915 esse
876 1858 1212 1932 intelligitur
1248 1874 1281 1912 e
1322 1857 1545 1913 scholiis
1578 1858 1706 1913 Ari-

134 1948 319 2021 stoph.
360 1948 513 2003 Pluti
546 1966 567 2001 1
585 1944 693 2019 195
719 1966 735 2000 :
770 1946 799 1999 ὁ
836 1942 1149 2023 Λυκόφρων,
1176 1945 1245 2009 ὡς
1273 1944 1301 1999 δ
1330 1939 1708 2019 Ἐρατοσθένης

138 2034 313 2109 φησὶν,
356 2032 507 2113 ᾠήθη
548 2035 755 2110 πρῶτον
797 2038 976 2091 τοῦτον
1009 2028 1504 2109 (Aristophanem)
1550 2030 1709 2107 δᾷδας

136 2120 406 2195 ᾔτηκέναι.
436 2118 695 2190 πεποίηκε
729 2116 783 2176 δὲ
820 2118 910 2176 καὶ
940 2120 994 2176 ἐν
1032 2116 1532 2191 Ἐκκλησιαζούσαις
1562 2116 1706 2179 αὐτό.

137 2207 264 2264 ἀλλὰ
284 2206 393 2285 γὰρ
416 2208 577 2285 Στρ.,
597 2204 700 2285 πρὸ
724 2205 1033 2285 ἀμφοτέρων
1053 2204 1249 2263 τούτων
1273 2206 1528 2281 (Plutum
1547 2207 1705 2281 prio-

136 2317 247 2353 rem
268 2308 331 2355 et
348 2298 759 2354 Ecclesiazusas
777 2296 943 2373 dicit)
966 2292 1084 2359 τοὺς
1108 2293 1410 2370 Ποταμίους
1428 2294 1709 2367 διδάσκων,

138 2387 202 2449 εἰς
222 2384 519 2443 Φιλύλλισν
547 2382 793 2463 ἀναφέρει
812 2381 871 2441 τὸ
897 2390 1144 2463 πρᾶγμα.
1175 2382 1261 2442 Cf.
1280 2382 1354 2440 fr.
1385 2402 1441 2459 1,
1471 2394 1530 2442 et
1556 2382 1706 2440 Clin-

138 2478 253 2530 10111
298 2478 459 2535 Fast.
494 2475 719 2532 Hellen.
750 2492 816 2547 p.
856 2473 960 2529 103
998 2476 1109 2531 Kr.
1153 2472 1371 2529 Titulus
1416 2471 1711 2529 comoediae

140 2564 346 2619 inditus
364 2581 403 2619 a
428 2563 727 2631 Potamiis,
750 2561 933 2633 phylae
957 2560 1253 2619 Leontidis
1276 2558 1551 2634 δημόταις,
1566 2579 1712 2634 quos

141 2654 275 2709 male
300 2652 587 2708 audivisse
620 2668 691 2705 eo
734 2651 997 2724 nomine,
1041 2648 1200 2723 quod
1229 2648 1395 2705 facile
1433 2648 1596 2705 falsos
1623 2650 1709 2705 ci-

140 2758 225 2794 ves
248 2742 305 2794 in
326 2740 555 2795 tabulas
579 2737 890 2805 referrent,
922 2754 991 2792 ex
1012 2738 1472 2812 Harpocratione
1489 2756 1549 2811 p.
1582 2734 1712 2807 156,

152 2848 235 2900 19,
267 2828 573 2884 adnotavit
604 2825 925 2881 Hemstcrh.
955 2825 1191 2879 Photius
1214 2842 1447 2898 quoque
1476 2844 1537 2899 p.
1565 2823 1677 2892 445
1696 2869 1711 2894 ,

150 2934 211 2968 10
243 2937 255 2970 :
288 2911 676 2992 ἐκωμῳδοῧντο
694 2907 751 2968 δὲ
774 2912 844 2976 ὥς
869 2908 1056 2990 ῥᾳδίως
1082 2910 1351 2989 δεχόμενοι
1380 2908 1496 2978 τοὺς
1522 2933 1713 2992 παρεγ-

144 3001 389 3080 Ὑὲἇῗωῦ
414 3011 477 3058 et
502 3001 760 3056 ‘simfliter
773 3000 975 3056 suidas
992 3019 1047 3059 v·
1077 3002 1713 3078 Apuqoepveu.Atlonge
1746 3015 1753 3106 l
1801 3051 1968 3106 verba
2009 3050 2363 3124 comparavit
2399 3049 2891 3105 Winkelmannus.
2928 3071 2950 3096 ι
2977 3047 3066 3104 M.

144 3091 295 3146 aliter
322 3093 383 3145 in
426 3089 823 3162 Etymologico
864 3091 943 3143 M.
970 3108 1029 3164 p.
1075 3089 1209 3160 738,
1259 3097 1361 3162 47,
1404 3090 1649 3146 Potamii
1678 3109 1713 3146 a

142 3180 376 3234 Cornicis
414 3177 565 3232 irrisi
607 3175 875 3232 dicuntur
910 3188 1251 3251 propterea,
1292 3177 1453 3252 quod
1479 3174 1597 3242 τοὺς
1620 3178 1711 3254 ἐγ-

144 3263 355 3344 γράφους
390 3266 633 3340 (vitiose
656 3265 789 3322 Lex.
813 3265 963 3320 rhet.
986 3284 1049 3340 p.
1082 3264 1217 3336 677,
1242 3286 1309 3322 21
1343 3265 1438 3323 ed.
1464 3263 1710 3326 Porson.

145 3353 425 3428 ἀγράφους)
454 3350 642 3426 νόμους
662 3351 824 3407 facile
854 3353 1198 3426 receperint.
1235 3356 1394 3409 Duos
1421 3354 1589 3426 hujus
1616 3374 1715 3410 no·

144 3445 296 3498 minis
326 3459 517 3516 pagos
550 3441 711 3495 novit
754 3440 987 3494 Homeri
1015 3440 1197 3498 schol.
1228 3441 1393 3500 Iliad.
1431 3448 1525 3512 24,
1562 3441 1709 3510 545:

148 3526 256 3604 παρ’
270 3524 567 3598 Ἀθηναίοις
590 3523 691 3582 εἶσὶ
702 3523 793 3582 δύο
812 3523 967 3599 δῆμοι
987 3525 1271 3602 Ποτάμιοι,
1286 3517 1357 3584 ὧν
1376 3530 1405 3584 ὁ
1424 3527 1520 3603 μὲν
1546 3527 1713 3586 καθύ-

148 3621 333 3690 περθεν,
382 3618 417 3672 ὁ
460 3611 517 3670 δὲ
559 3611 832 3690 ὑπένερθεν
871 3612 1205 3688 ὀνομάζεται.
1248 3617 1521 3674 Mendose
1560 3620 1715 3694 apud

148 3705 319 3763 Schol.
370 3703 633 3761 Platonis
668 3720 733 3775 p.
780 3702 879 3776 98,
910 3701 1175 3772 Suidam,
1222 3705 1489 3761 Photium
1520 3725 1573 3760 ν.
1609 3702 1713 3763 Λί-

148 3812 241 3860 νον,
264 3794 527 3866 aliosque
548 3791 743 3846 titulus
770 3790 1017 3864 scriptus
1042 3803 1127 3848 est
1158 3789 1424 3866 Ποταμοί.
1462 3812 1491 3847 n
1522 3795 1572 3848 E
1598 3795 1689 3852 M.

910 3929 965 3968 1.

214 4026 410 4083 Schol.
456 4027 553 4080 Ar.
584 4023 735 4078 Pluti
782 4019 964 4095 1195,
1014 4021 1085 4078 de
1122 4023 1366 4096 facibus,
1408 4025 1513 4080 sub
1544 4023 1713 4082 finem

150 4114 431 4168 cmnoediae
464 4113 525 4166 in
565 4129 795 4170 scenam
838 4111 1171 4185 postulatis,
1198 4124 1333 4188 post
1368 4114 1465 4170 illa
1508 4116 1717 4189 quaein

148 4201 561 4276 prolegomenis
580 4201 767 4274 posita
797 4218 809 4254 :

234 4309 413 4407 Ῠμεῖς
446 4341 518 4381 τε
551 4315 771 4394 πάντες
802 4315 946 4399 ἔξιτ’
979 4315 1075 4382 ἐπὶ
1106 4317 1179 4382 τὸ
1208 4317 1446 4403 Πύθιον,

234 4424 359 4488 ὅσοι
391 4421 689 4512 πάρεστε,
725 4425 807 4512 μή
837 4417 1128 4499 lugdun-eq
1159 4415 1491 4513 λαμπάδας
1509 4475 1527 4506 ,

238 4521 381 4615 μηδ’
412 4521 579 4592 ἄλλο
606 4519 797 4618 μηδὲν
826 4527 1113 4619 ἐχόμενον
1140 4521 1518 4594 thannim!

164 4677 184 4698 ι
216 4655 473 4726 Pythium
490 4656 780 4712 Strattidis
802 4666 995 4712 utrum
1017 4655 1440 4732 intelligendum
1460 4659 1531 4712 sit
1550 4659 1719 4732 Apol·

158 4738 269 4796 linis
294 4743 491 4800 sanum
520 4745 583 4798 in
610 4744 789 4812 urbe,
830 4762 901 4799 an
946 4745 1186 4800 alterum
1227 4745 1469 4814 OEnoae,
1503 4745 1574 4800 de
1598 4765 1714 4819 quo

1480 4859 1522 4866 .—

768 4907 955 4962 POTA
967 4907 1093 4960 Mn.

166 5077 367 5148 Vosque
400 5094 592 5136 omnes
625 5079 765 5134 exite
800 5075 869 5134 ad
896 4999 1184 5152 Pythium,

168 5171 418 5236 quotquot
448 5165 677 5232 adestis,
703 5181 805 5220 nec
833 5166 1072 5238 sumptis
1096 5164 1323 5231 faciliuS‚

170 5263 327 5320 neque
348 5250 499 5317 aliis,
524 5267 645 5324 quae
674 5251 947 5324 pertinent
981 5249 1047 5306 ad
1088 5251 1430 5322 l‘liilyllium!

1790 749 1980 795 tamen
2006 756 2146 794 vero
2169 737 2393 793 videtur
2431 738 2689 793 similius.
2731 737 2991 791 Meminit
3026 735 3144 807 ejus
3173 734 3360 805 Pythii

1788 826 1970 884 Thuc.
2007 844 2068 903 2,
2115 822 2221 892 15,
2262 834 2320 879 et
2354 823 2413 894 6,
2453 820 2547 894 54,
2591 824 2692 879 ubi
2720 842 2772 878 ν.
2817 823 3057 892 Duker.,
3086 832 3146 876 et
3192 818 3361 875 Isaeus

1788 930 1851 987 p.
1876 910 1976 989 55,
2005 918 2094 979 14.
2127 938 2150 962 υ
2179 910 2493 966 Hemsterh.
2531 936 2557 961 «ι
2581 914 2668 967 De
2693 908 2902 983 Pythio
2928 910 2987 963 in
3013 909 3157 964 urbe
3180 924 3362 982 prope

1795 1002 2070 1077 templum
2095 996 2258 1055 Jovis
2279 1000 2529 1073 Olympii
2547 1040 2565 1069 ,
2601 1000 2661 1055 in
2685 998 2982 1073 tripodum
2997 1038 3016 1065 ‚
3047 1016 3172 1071 quae
3195 996 3363 1051 dice-

1792 1089 1983 1158 batur,
2032 1089 2125 1143 via
2169 1088 2278 1143 sito
2298 1126 2316 1156 ,
2370 1106 2427 1146 v.
2479 1106 2604 1163 quae
2658 1086 2824 1143 affert
2873 1087 3230 1143 Schoemann.
3289 1082 3364 1139 ad

1795 1175 1995 1231 Isaeum
2021 1194 2081 1249 p.
2117 1173 2255 1232 311.
2288 1199 2310 1225 n
2347 1174 2434 1232 M.

1871 1400 2106 1455 Photius
2129 1419 2190 1474 p.
2223 1405 2364 1471 224,
2390 1397 2496 1467 23,
2519 1394 2719 1455 Λίνον
2745 1393 2901 1474 λίνῳ
2923 1394 2952 1426 ⁴¹
2972 1394 3319 1461 συνάπτεις
3349 1417 3360 1450 :

1792 1483 1879 1541 ἐπὶ
1904 1488 2007 1542 τῶν
2035 1484 2102 1543 τὰ
2127 1482 2264 1543 αὐτὰ
2287 1483 2374 1541 διὰ
2400 1485 2503 1541 τῶν
2535 1484 2708 1541 αὐτῶν
2739 1484 2960 1559 (malim
2994 1480 3080 1540 διὰ
3105 1482 3171 1540 τὰ
3199 1482 3364 1559 αὐτὰ)

1794 1570 2054 1651 δρώντων.
2088 1572 2219 1650 Στρ.
2257 1572 2310 1629 ἐν
2349 1569 2660 1646 Ποταμίοις.
2715 1572 2944 1643 81111135,
2968 1569 3165 1629 Λίνον
3209 1568 3367 1649 λίνῳ

1792 1680 1907 1718 συν
1922 1658 2149 1726 άπτιις
2170 1678 2185 1719 :
2209 1659 2293 1717 tut
2318 1660 2422 1716 τῶν
2437 1656 2506 1717 τὰ
2525 1658 2682 1734 ὅμοια
2706 1656 3107 1735 ἐπιμιγνύντων,
3133 1654 3168 1728 ἢ
3192 1680 3366 1737 παρα-

1792 1745 2120 1827 κρουομένων
2144 1748 2234 1806 καὶ
2249 1744 2592 1807 ἀπατώντων.
2615 1748 2744 1825 Στρ.
2767 1748 2902 1806 Ποτ.
2935 1748 3054 1817 ld„
3073 1747 3168 1806 Οὔ
3189 1746 3368 1806 λίνον

1791 1834 1958 1914 λίνῳ
1981 1834 2336 1901 συνάπτεις
2368 1856 2382 1891 :
2415 1834 2500 1892 ἐπὶ
2528 1836 2631 1893 τῶν
2660 1833 2728 1891 τὰ
2757 1834 2893 1893 αὐτὰ
2921 1833 2998 1910 μὴ
3030 1832 3115 1893 διὰ
3142 1836 3246 1893 τῶν
3275 1836 3366 1892 αὐ·

1794 1925 1897 1982 τῶν
1928 1926 2078 2002 (scil.
2120 1922 2360 2001 δρώντων
2405 1920 2496 1981 vel
2539 1920 2934 1999 πραττόντων).
2977 1920 3114 1980 οὕτω
3159 1924 3290 2000 Στρ.
3312 1924 3366 1981 ἐν

1796 2011 2112 2089 Ποταμίοις.
2139 2014 2227 2073 Ita
2259 2015 2408 2069 enim
2431 2014 2649 2069 editum
2677 2012 2730 2069 ἐν
2769 2008 3022 2087 Πολιτείᾳ
3051 2012 3370 2068 emendavit

1796 2102 2110 2158 Hemsterh.
2130 2102 2204 2158 ad
2227 2098 2458 2157 Plutum
2480 2120 2540 2175 p.
2572 2107 2642 2170 47
2657 2118 2706 2156 1.
2737 2100 2926 2157 801101.
2954 2101 3196 2155 Platonis
3219 2100 3368 2155 Bek-

1793 2190 1919 2246 ker.
1953 2208 2014 2265 p.
2048 2190 2163 2263 369
2190 2207 2205 2248 t
2241 2186 2502 2267 παροιμία
2523 2186 2611 2244 ἐπὶ
2633 2189 2738 2245 τῶν
2761 2186 2831 2244 τὰ
2858 2184 2992 2244 αὐτὰ
3019 2185 3106 2243 διὰ
3132 2188 3248 2259 τῶν,
3261 2188 3362 2243 αὔ-

1796 2278 1902 2335 τῶν
1937 2276 1972 2347 ἢ
2019 2276 2308 2355 λεγόντων,
2337 2274 2373 2346 ἢ
2413 2274 2670 2355 δρώντων,
2718 2272 2754 2345 ἢ
2798 2272 2867 2333 τὰ
2895 2273 3052 2351 ὅμοια
3091 2276 3162 2341 εἰς
3193 2273 3369 2355 φιλίαν

1798 2364 2189 2426 συναπτόντων.
2239 2362 2504 2441 μέμνηται
2541 2360 2594 2420 δὲ
2624 2362 2786 2433 αὐτῆς
2811 2360 3171 2441 Ἀριστοτέλης
3211 2366 3264 2421 ἐν
3295 2365 3371 2442 τῷ

1794 2453 1845 2529 Υ
1867 2457 1960 2524 τῆς
1987 2455 2232 2525 Φυσικῆς
2256 2450 2585 2529 ἀκροάσεως,
2623 2476 2650 2502 α
2673 2451 2732 2508 οὗ
2751 2449 2852 2527 γὰρ
2878 2450 3018 2508 λίνον
3047 2450 3178 2528 λίνῳ
3201 2450 3366 2508 συνά-
3397 2484 3402 2491 -

1798 2564 1946 2599 πτειν
1971 2542 2108 2614 ἐστὶ,
2143 2568 2168 2593 ι
2196 2540 2286 2600 καὶ
2317 2542 2448 2619 Στρ.
2483 2542 2644 2613 Ποτ.,
2665 2537 2755 2596 καὶ
2785 2538 3013 2597 Πλάτων
3049 2537 3367 2617 Εὐθυδήμῳ.

2561 2667 2618 2727 3.

1877 2784 2087 2842 Athen.
2119 2804 2172 2854 7,
2195 2802 2248 2857 p.
2275 2801 2414 2857 299,
2439 2784 2484 2838 B
2511 2804 2524 2837 ;
2555 2783 2684 2859 Στρ.
2715 2779 2759 2838 δ’
2778 2781 2829 2838 ἐν
2857 2780 2987 2838 Ποτ.
3016 2778 3116 2858 ἔφη
3146 2806 3168 2829 ι
3195 2778 3369 2858 ἐγχέ-

1799 2870 1960 2928 λεων
1978 2871 2054 2928 ἂν
2071 2892 2094 2928 ε
2111 2872 2150 2950 ψ
2169 2870 2278 2934 ιός.
2308 2894 2333 2921 2»
2363 2896 2386 2921 «ι
2408 2872 2680 2928 Similiter
2692 2870 2852 2925 Plato
2875 2868 3120 2943 Euthyd.
3142 2889 3202 2944 p.
3230 2869 3369 2944 298,

1800 2958 1849 3015 C
1876 2979 1889 3016 :
1918 2959 2009 3017 καὶ
2033 2957 2095 3018 σὺ
2122 2959 2225 3038 ἄρα
2249 2957 2470 3038 ἀδελφὸς
2499 2949 2544 3016 εἶ
2566 2961 2670 3016 τῶν
2698 2955 2926 3030 κωὸιῶν,
2955 2959 3056 3013 ubi
3091 2958 3373 3015 Sti-attidis

2256 3239 2390 3298 x11.
2430 3238 2769 3298 nri-1202:
2807 3239 2913 3314 (1).

1882 3431 2074 3489 Schol.
2115 3430 2404 3504 Aristoph.
2449 3431 2618 3504 Vesp.
2672 3429 2820 3494 1346
2849 3447 2864 3486 t
2894 3425 2953 3483 τὸ
2991 3423 3244 3494 λεσὸίζειν
3287 3426 3374 3484 ἐπὶ

1804 3521 2028 3598 αἰσχροῦ
2066 3515 2340 3588 τάττεται,
2395 3514 2575 3586 ἐπειδὴ
2625 3515 2674 3572 οἱ
2709 3513 2926 3574 Λὲσὸιοι
2972 3515 3374 3593 αἷσχρουργοῧσι

1802 3607 1878 3684 τῷ
1902 3604 2156 3679 στόματι,
2173 3602 2604 3680 μολυνόμενοι....
2628 3603 2760 3681 Στρ.
2781 3605 2833 3661 ἐν
2853 3599 3077 3681 Τρωίλῳ
3100 3605 3205 3675 (fr.
3237 3624 3258 3659 1
3281 3604 3370 3678 l...

1803 3693 1893 3750 καὶ
1923 3695 1976 3750 ἐν
2005 3693 2224 3772 Πυτίσῳ
2271 3697 2510 3770 (110111011
2535 3693 2928 3768 depravatum.
2953 3693 3210 3749 Fortasse
3243 3693 3375 3748 titu-

1803 3783 1891 3837 lus
1919 3781 2027 3837 fuit
2051 3779 2300 3851 Πύτινος,
2329 3783 2564 3853 lagena
2591 3801 2611 3834 .·
2639 3801 2694 3840 v.
2726 3781 2802 3837 ad
2829 3779 3052 3838 Cratini
3093 3781 3334 3854 Pytinen
3355 3822 3372 3850 ,

1804 3869 1873 3926 fr.
1912 3887 2004 3927 12.
2043 3867 2346 3925 Dindorfio
2377 3887 2447 3924 ex
2477 3871 2768 3924 Pausania
2791 3870 2881 3925 vel
2912 3869 3137 3926 Cinesia
3164 3887 3377 3924 corru-

1802 3967 1967 4030 ptum
1999 3957 2263 4028 videtur)
2306 3979 2330 4005 c
2353 3951 2500 4031 Ἐγὼ
2525 3954 2571 4011 δ’
2607 3953 2690 4012 ἅτ’
2713 3953 2936 4020 ἐπίνικος
2963 3953 3215 4032 ὀργισθεὶς
3251 3953 3378 4032 ἔφη,

1803 4044 1877 4121 τῷ
1902 4040 2130 4118 στόματι
2151 4041 2330 4121 δράσω
2345 4044 2520 4114 ταῦθ’,
2539 4041 2675 4121 ἅπερ
2698 4042 2778 4100 τοὶ
2799 4041 3036 4102 Aineion.
3064 4041 3161 4099 Sic
3177 4044 3380 4118 vulgus

1804 4133 2086 4188 librorum
2106 4172 2122 4201 ‚
2148 4133 2258 4187 nisi
2284 4132 2442 4205 quod
2471 4142 2668 4186 carent
2698 4131 2880 4187 verbis
2907 4127 2988 4186 τοὶ
3014 4127 3234 4188 Λέσὸιοι
3252 4149 3377 4204 quae

1804 4220 2027 4276 addidit
2065 4221 2300 4276 Florens
2325 4221 2690 4277 Christianus.
2730 4221 2974 4276 Venetus
2998 4217 3170 4294 ἐγῷδα
3192 4216 3376 4274 τούπί-

1803 4329 1941 4371 νικος
1962 4308 2010 4366 ὄ.
2037 4304 2084 4364 ἔ.
2113 4309 2188 4384 τῷ
2215 4327 2294 4364 στ.
2326 4306 2404 4384 δρ.
2425 4304 2564 4364 τοῦθ’
2593 4302 2721 4383 ὅπερ
2744 4309 2834 4362 τοῦ
2869 4305 3091 4382 αἰσχροῦ
3114 4303 3378 4376 τάττεται,

1805 4415 2055 4470 quorum
2085 4406 2374 4471 postrema
2411 4395 2498 4451 510
2531 4395 2794 4460 habuisse
2823 4395 3094 4450 videntur
3121 4395 3181 4448 in
3207 4404 3378 4448 auto-

1802 4485 2023 4559 grapho
2049 4479 2082 4539 8
2101 4479 2232 4558 ὑπὲρ
2254 4485 2345 4539 τοῦ
2374 4503 2430 4537 α.
2458 4479 2722 4540 τάττιται.
2747 4485 2925 4538 Recte
2957 4481 3135 4537 Dind·
3173 4481 3381 4537 delevit

1807 4571 2021 4628 frustra
2083 4565 2408 4646 repetitum.
2463 4570 2726 4629 Ceterum
2786 4570 3060 4626 Dobraeus
3121 4567 3266 4624 Adv.
3324 4585 3379 4636 α,

1806 4677 1870 4732 p.
1903 4665 2016 4740 204
2054 4668 2111 4713 et
2133 4659 2304 4716 Mein.
2343 4654 2472 4734 ὅπερ
2500 4657 2586 4734 χοί
2627 4653 2863 4716 Λέσὸιοι.
2907 4655 3238 4731 Legendum
3287 4673 3375 4710 ar·

1806 4745 2016 4813 bitror,

2565 4933 2614 4980 2.

1812 5015 2012 5070 Linum
2037 5014 2148 5070 lino
2173 5013 2468 5070 connectis.

2571 5109 2620 5156 3.

1814 5189 2196 5259 Anguillurum
2220 5190 2488 5260 patruelis,
