3809 5850
427 404 542 456 2'16

419 525 816 604 προπερισπῶσι
847 527 866 593 (
881 514 941 580 τὸ
960 524 1116 599 ἡμῖν)
1145 524 1198 579 ἐν
1223 522 1450 600 συστολῇ
1479 525 1572 580 τοῦ
1606 544 1686 578 ι...
1719 518 1988 597 Σοφοκλῆς

417 614 653 673 Οἰδίποδι
679 614 840 689 (Tyr.
877 612 1013 682 868,
1037 613 1136 667 ubi
1166 612 1312 667 male
1331 611 1592 667 relictum
1619 610 1775 685 ἡμῖν)
1791 629 1804 643 ·

496 706 684 773 Ὅπως
711 704 860 765 λύσιν
887 704 980 763 τιν’
1000 697 1127 781 ἧμιν
1154 705 1318 781 εὐαγῆ
1352 704 1545 782 πόροις.

419 824 530 900 Φρ.
566 819 757 899 Μύστῃ
781 819 941 897 (sic)·

515 934 866 1029 Εὸουλόμην
895 930 965 1001 ἂν
995 933 1136 1026 ὗμιν
1176 938 1371 1027 ὥσπερ
1403 936 1507 1001 καὶ
1531 944 1832 1028 προτοῦ...

499 1090 522 1113 α
548 1069 636 1121 De
657 1066 771 1119 alio
794 1062 1112 1137 fragmento
1128 1103 1146 1131 ,
1169 1062 1329 1137 quod
1350 1062 1640 1136 probabili
1661 1062 1989 1136 conjectura

417 1154 490 1210 ad
518 1154 722 1227 Mystas
742 1150 1042 1220 referatur,
1071 1170 1128 1209 v.
1154 1152 1343 1207 lncert
1388 1151 1502 1209 fab.
1533 1152 1608 1209 fr.
1642 1159 1735 1218 ¹4·
1767 1178 1789 1199 n·
1815 1152 1867 1207 E
1892 1152 1982 1212 M.

869 1316 1036 1375 vul.
1088 1316 1526 1376 ΠΟΑΣΤΡΙΑΙ.

1175 1477 1228 1515 ι.

496 1572 696 1629 Athen.
733 1568 792 1639 3,
832 1588 894 1645 p.
947 1587 1088 1641 110,
1115 1572 1162 1625 E
1195 1589 1209 1625 ε
1245 1568 1534 1647 αὐτοπύρου
1573 1565 1618 1625 δ’
1647 1566 1804 1646 ἄρτου
1845 1590 1984 1642 μνη-

415 1656 619 1733 μονεύει
661 1653 952 1732 Ἄλεξις,...
983 1657 1094 1735 Φρ.
1122 1652 1167 1713 δ’
1203 1656 1258 1713 ἐν
1313 1653 1658 1735 Ποαστρίαις,
1701 1656 1985 1712 αὐτοπυ-

415 1754 597 1833 ρίτας
624 1750 810 1820 αὐτοὺς
837 1752 1033 1824 καλῶν,
1061 1750 1221 1832 φησὶν

513 1867 983 1963 Λύτοπυρίταισί
1012 1865 1070 1934 τ’
1103 1864 1308 1959 ἄρτοις
1343 1867 1446 1933 καὶ
1474 1873 1700 1935 λιπῶσι
1725 1869 1987 1958 στεμφύ-

1818 1980 1977 2049 λοις.

413 2106 498 2163 Cf.
547 2104 748 2161 Pollux
781 2122 837 2175 7,
867 2102 966 2173 23,
990 2102 1090 2159 ubi
1115 2121 1223 2176 pro
1249 2098 1468 2180 πυρίτας
1491 2111 1640 2159 recte
1681 2102 1786 2157 viri
1826 2101 1981 2158 docti

415 2188 888 2270 αὐτοπυρίτας.
921 2190 1089 2248 Phot.
1114 2190 1380 2249 Διπῶσι
1409 2189 1700 2267 ελιπαροῖς.
1731 2188 1871 2247 cod.
1903 2189 1983 2243 λι-

413 2280 656 2358 παρῶσι,
683 2278 845 2355 quod
873 2278 1195 2337 emendavit
1213 2278 1384 2336 Mein.

1170 2409 1222 2445 2.

493 2504 723 2559 Athen.'
743 2522 833 2571 10,
854 2520 918 2577 p.
943 2508 1083 2571 424,
1105 2503 1148 2559 C
1174 2522 1187 2557 z
1219 2502 1504 2559 καλοῦνται
1529 2499 1583 2557 δὲ
1610 2501 1702 2558 καὶ
1723 2500 1978 2581 (κύλικες)

413 2591 696 2670 ἀρυστῆρες
719 2588 808 2648 καὶ
832 2586 1258 2667 ἀρύστιχοι...
1285 2589 1400 2667 Φρ.
1434 2587 1758 2668 Ποαστρίαις

513 2687 730 2757 Κύλικ’
767 2689 1120 2781 ἀρύστιχον.

415 2817 592 2875 Mein.
626 2816 872 2875 conferri
890 2815 1059 2887 jussit
1082 2815 1315 2871 Charini
1343 2814 1497 2871 Chir.
1526 2813 1726 2889 fragm.
1767 2834 1788 2871 1
1805 2816 1859 2872 3.

1164 2929 1221 2986 3.

491 3043 695 3099 Pollux
745 3060 839 3112 10,
885 3039 1044 3117 159:
1083 3037 1174 3096 καὶ
1203 3039 1710 3118 χοιροτροφεῒον
1735 3038 1809 3112 δὲ,
1853 3041 1908 3098 ἐν
1939 3033 1984 3120 ᾧ

413 3135 581 3208 χοῖροι
608 3125 920 3207 τρέφονται,
950 3131 1021 3194 ὼς
1043 3123 1275 3191 Εὔπολις
1299 3125 1393 3184 καὶ
1421 3127 1529 3205 Φρ.
1559 3128 1631 3186 Π.

1164 3247 1219 3306 4.

493 3357 775 3430 ilarpocr.
808 3373 870 3429 p.
905 3351 1006 3425 75,
1040 3351 1114 3408 23
1139 3395 1156 3425 ‚
1194 3349 1268 3407 de
1297 3351 1580 3407 vocabulo
1612 3347 1823 3422 ἐξούλης
1857 3373 1871 3411 :
1903 3351 1985 3410 ὅτι

410 3440 464 3498 δὲ
490 3440 578 3498 ἐπὶ
601 3439 791 3506 παντὸς
819 3443 909 3498 τοῦ
933 3441 994 3498 ἐκ
1016 3441 1120 3496 τῶν
1145 3436 1289 3496 ἰδίων
1325 3436 1716 3516 ἐκὸαλλομένου
1739 3439 1985 3500 τάττεται

411 3527 642 3606 τοῦνομα
659 3573 678 3602 ,
709 3527 800 3587 καὶ
841 3530 964 3608 οὐχ,
1003 3529 1076 3594 ὥς
1101 3525 1268 3586 οἴεται
1291 3525 1594 3600 Καικίλιος,
1623 3527 1770 3604 (ἐπὶ)
1811 3528 1983 3605 μόνων

409 3621 512 3674 τῶν
541 3619 602 3675 ἐκ
629 3615 918 3689 καταδίκης
965 3613 1298 3696 ὀφειλόντων,
1347 3613 1439 3672 καὶ
1478 3616 1590 3694 Φρ.
1631 3618 1684 3674 ἐν
1713 3618 1791 3676 Π.
1827 3617 1983 3689 δῆλον

409 3706 568 3766 ποιεῖ.
601 3709 774 3764 Forte
801 3707 1016 3764 excidit
1059 3702 1170 3775 ἐπὶ,
1192 3704 1355 3782 quod
1395 3707 1668 3762 sententia
1689 3708 1932 3780 requirit
1966 3728 1980 3764 ε

409 3814 596 3870 neq-ue
623 3797 774 3852 enim
806 3796 918 3850 huc
947 3795 1235 3870 pertinere
1263 3803 1454 3869 potest
1479 3791 1564 3850 ἐπὶ
1592 3813 1978 3870 praegressum.

1173 3904 1224 3960 5.

491 4018 810 4074 Priscianus
836 4019 973 4074 Inst.
1014 4036 1253 4092 gramm.
1290 4017 1384 4087 18,
1415 4019 1534 4076 vol.
1577 4039 1634 4088 2,
1672 4038 1736 4092 p.
1774 4039 1846 4090 70
1887 4021 1979 4084 ed.

411 4106 591 4162 Krehl
624 4124 640 4160 ε
666 4116 744 4173 et,
777 4102 931 4179 quod
952 4111 1154 4160 mirum
1183 4117 1292 4174 cst,
1320 4105 1426 4160 Ιιοσ
1458 4111 1638 4179 ipsum
1665 4103 1794 4163 ἴδιον
1811 4115 1982 4165 etiam

407 4199 615 4263 primoe
641 4205 697 4247 ec
718 4193 980 4252 secunda:
1013 4195 1346 4264 adjungitur
1374 4211 1632 4266 personae
1665 4198 1822 4268 apud
1857 4199 1984 4254 illos

411 4283 475 4358 (i.
501 4299 554 4340 e.
581 4275 842 4357 Graecos)
865 4321 881 4350 ‚
906 4292 1034 4338 ut...
1064 4277 1333 4358 Φρύνιχος
1364 4278 1688 4359 Ποαστρίαις

509 4388 709 4487 ἧσπερ
746 4396 887 4488 ἐμὸν
911 4401 1092 4473 αὐτῆς
1131 4387 1310 4465 ἴδιον.

1167 4583 1222 4632 2.

413 4663 621 4721 Vellem
649 4663 817 4731 vebia,
843 4671 908 4721 ut
929 4671 982 4720 et
1004 4663 1303 4722 antehac...

944 4821 1442 4877 SARRITRICES.

416 5029 654 5085 Panibus
679 5043 815 5100 pure
843 5027 1068 5084 triticeis
1097 4950 1504 5102 pisissuibusque
1524 5031 1644 5086 uvis
1667 5031 1945 5104 expressis.

415 5204 496 5264 Ut
516 5217 699 5260 meum
723 5203 890 5276 ipsius
921 5121 1224 5276 [ιιομι-ῖιιιιῗ.Ι

1410 389 1821 451 COMOEDIAE
1861 385 2197 447 VETERts
2240 386 2649 461 RELtQUtAE.

2086 544 2111 571 «ι
2154 520 2359 595 Scripsi
2420 520 2581 589 αὐτῆς
2622 538 2731 595 pro
2804 514 3032 597 vulgato
3074 518 3217 577 αὐτοῦ
3274 540 3334 577 ex
3376 525 3563 596 Aldina,

2080 635 2206 691 quae
2236 636 2344 691 pro
2370 612 2547 697 ὥσπερ
2575 619 2748 674 habet
2768 612 2916 694 ὅπερ.
2936 642 2962 668 ιι
2987 618 3075 675 M.

2834 729 2891 787 6.

2160 842 2351 899 Schol.
2379 842 2668 917 Aristoph.
2694 843 2901 898 Avium
2938 861 3109 918 1297,
3136 839 3205 900 de
3226 843 3381 899 Midia
3408 860 3421 901 ε
3456 842 3569 913 δηλοῖ
3663 834 3669 857 ι

2081 924 2137 985 δὲ
2186 932 2338 986 τοῦτο
2384 926 2751 1007 Ἀριστοφάνης
2804 930 3015 1005 (immo
3071 926 3304 1007 Πλάτων)
3344 931 3571 1008 Περιαλγεῖ

2081 1040 2105 1066 ιι
2130 1013 2359 1093 χρηστὸν
2384 1012 2460 1091 μὴ
2492 1016 2631 1074 κατὰ
2654 1014 2877 1076 Μειδίαν
2900 1015 3261 1096 ὀρτυγοκόπον.
3290 1042 3314 1069 ι
3338 1016 3459 1092 λέγει
3480 1016 3571 1073 δὲέν

2082 1102 2403 1182 Ποαστρίαις
2455 1105 2486 1160 ὁ
2540 1103 2692 1171 αὐτὸς
2736 1106 2808 1171 ὡς
2844 1103 2937 1163 καὶ
2990 1103 3109 1184 περὶ
3156 1103 3413 1184 ἆλίκτορας
3452 1107 3571 1163 αὐτοῦ
3668 1114 3670 1127 ²

2081 1189 2477 1258 ἐσπουδακότος.
2518 1193 2710 1250 Schol.
2752 1195 2991 1251 Luciani
3040 1198 3185 1252 Jove
3226 1206 3356 1271 trag.
3388 1197 3483 1250 vol.
3519 1214 3571 1263 α,

2079 1298 2139 1352 Ρ·
2169 1280 2284 1355 696
2317 1282 2455 1357 (ὛΟῙ-
2486 1287 2549 1357 4,
2578 1301 2641 1358 p-
2682 1282 2791 1339 186
2822 1281 2981 1358 Jac.)
3014 1302 3027 1337 ι
3061 1280 3274 1348 Μειδίας
3296 1280 3573 1360 ὀρτυγοκόπος

2079 1356 2167 1437 ἦν,
2194 1368 2265 1432 ὡς
2294 1366 2521 1427 Πλάτων
2550 1368 2863 1447 Περιαλγεῖ,
2888 1368 2981 1426 καὶ
3003 1371 3075 1435 ὡς
3098 1368 3309 1447 πονηρὸν
3336 1368 3387 1427 δὲ
3408 1368 3483 1426 χαὶ
3502 1370 3572 1424 χό-
3672 1372 3674 1387 ·

2080 1451 2241 1512 ὅαλον
2262 1454 2351 1511 καὶ
2372 1456 2475 1513 ὢν
2494 1454 2761 1532 δημοσίων
2775 1456 3057 1536 νοσφιστὴν
3078 1456 3326 1537 Φρύνιχος
3354 1455 3430 1515 καὶ
3458 1454 3575 1515 md-

2077 1564 2181 1599 των
2206 1538 2593 1603 διαὸἄλλουσιν.
2616 1546 2790 1620 Apud
2824 1549 3007 1605 schol.
3052 1550 3254 1605 Avium
3294 1547 3419 1603 dure
3444 1546 3575 1602 Mein.

2075 1649 2187 1705 pro
2222 1632 2253 1687 ὁ
2279 1628 2432 1696 αὐτὸς
2457 1634 2763 1708 Phrynichi
2789 1653 3003 1692 nomen
3024 1635 3408 1695 restituendum
3431 1643 3573 1707 putat,
3676 1646 3678 1653 ·

2078 1738 2255 1793 quum
2284 1722 2605 1777 verosimile
2634 1722 2917 1793 videatur,
2946 1722 3184 1801 trajecta
3208 1742 3316 1780 esse
3344 1721 3491 1778 verba
3510 1717 3576 1775 λε’-

2076 1826 2157 1881 γει
2186 1804 2307 1865 δὲ...
2336 1808 2573 1880 tanaus„
2596 1820 2652 1867 et
2683 1812 2745 1866 in
2772 1810 2885 1869 fine
2904 1814 3055 1869 illius
3084 1812 3289 1871 scholii·
3311 1808 3579 1885 reponenda

2074 1906 2207 1971 post
2232 1896 2302 1962 ὣς
2336 1894 2603 1976 Φρύνιχος
2638 1898 2693 1954 ἐν
2733 1896 3019 1979 Ἐφιάλτῃ.
3054 1902 3309 1959 Ceterum
3334 1912 3385 1955 et
3418 1900 3469 1953 in
3500 1914 3578 1951 an-

2075 1985 2375 2041 notatione
2424 2004 2549 2043 mea
2599 1985 2673 2042 ad
2715 1988 2827 2043 hoc
2874 1989 3133 2045 scholion
3174 1986 3495 2045 scribendum
3522 1994 3583 2039 cst
3682 2050 3684 2057 2

2077 2068 2271 2149 Ἆριστ.
2298 2072 2352 2128 ἐν
2382 2070 2701 2151 Περιαλγεῖ,
2731 2073 2927 2131 deletis
2948 2076 3141 2133 verbis
3166 2100 3191 2126 ι
3220 2076 3445 2132 dramate
3470 2072 3575 2126 alias

2075 2160 2273 2235 ignoto
2308 2184 2331 2209 υ
2349 2205 2363 2219 .

2608 2328 2688 2387 IX
2700 2373 2712 2387 .
2761 2328 3117 2391 ΣΑΤΥΡΟῘ.

2158 2468 2428 2549 Σατύρους
2460 2476 2759 2549 satyricam
2785 2476 3035 2533 fabulam
3076 2477 3237 2533 fuisse
3258 2484 3429 2531 censet
3457 2470 3585 2527 Eich-

2076 2559 2287 2617 stadius
2317 2563 2403 2616 De
2441 2561 2625 2619 dram.
2672 2564 3147 2639 comicosatyrico
3175 2583 3228 2639 p.
3257 2562 3348 2619 36.
3376 2560 3451 2617 ef.
3482 2576 3585 2612 ann.

2078 2642 2153 2703 ad
2178 2648 2466 2723 Euripidis
2490 2651 2800 2725 Cyclopem
2836 2662 2895 2709 et
2924 2655 3131 2711 Horat.
3159 2656 3228 2711 Δ.
3256 2652 3315 2706 Ρ.
3343 2642 3583 2705 220-250.

2832 2782 2855 2819 1

2156 2872 2509 2948 Phrynichus
2536 2876 2682 2953 Epit.
2704 2896 2766 2954 p.
2800 2877 2914 2936 266
2937 2879 3029 2938 ed.
3056 2877 3301 2938 Lobeclt.
3327 2891 3341 2933 :
3363 2866 3589 2948 εὐαγγελί-

2077 2961 2235 3034 ζομαι
2340 2961 2564 3038 εὑρίσκω
2586 2963 2723 3022 κατὰ
2742 2964 2952 3037 δοτικὴν
2971 2963 3321 3045 ἡρμοσμένον,
3340 2955 3593 3040 Ἀριστσφᾶ·

2077 3070 2195 3114 νους
2219 3046 2313 3125 μὲν
2342 3047 2477 3108 οὕτω
2502 3049 2741 3129 λέγοντος
2768 3054 2822 3112 ἐν
2854 3061 2960 3120 τοῖς
2982 3053 3254 3115 Ἱππεῦσιν
3276 3051 3465 3130 (292),

2163 3161 2623 3239 Εὐαγγελίσασθαι
2644 3166 2845 3244 πρῶτος
2872 3163 2996 3244 ὑμῖν
3028 3166 3318 3246 βούλομαι,

2084 3270 2357 3350 Φρυνίχου
2396 3273 2451 3332 δὲ
2494 3280 2586 3334 τοῦ
2634 3278 2892 3358 κωμῳδοῦ
2938 3279 2991 3336 ἐν
3036 3281 3149 3344 τοῖς
3191 3272 3435 3353 Σατύροις
3468 3267 3599 3328 οῧῖῦκ

2077 3381 2103 3410 ⁸
2145 3355 2274 3418 Ὅτι
2313 3357 2436 3439 πρὶν
2486 3363 2649 3420 ἐλθεῖν
2688 3365 2845 3422 αὐτὸν
2876 3365 2948 3430 εἷς
2979 3363 3177 3439 βουλὴν
3220 3361 3321 3420 ἔδει
3360 3359 3441 3417 καὶ
3482 3348 3599 3411 ταῦτ’

2078 3443 2471 3524 ἀπαγγείλαντα
2499 3449 2799 3529 εὐαγγέλιον
2829 3450 2956 3531 πρὸς
2983 3449 3073 3510 τὸν
3102 3449 3217 3510 Θεὸν
3248 3447 3409 3520 ἥκειν,
3437 3439 3527 3518 ἐγὼ
3558 3437 3599 3493 δὲ

2078 3531 2310 3612 ἄπέδραν
2336 3537 2529 3596 ἐκεῖνον
2552 3537 2691 3617 δευρὶ
2720 3537 2989 3619 ἄνθρωπον
3016 3538 3107 3611 δή.
3140 3565 3167 3591 α
3192 3541 3277 3596 Ita
3300 3535 3463 3594 edifi‘)
3484 3529 3605 3604 ΡΓῙΠ·

2077 3641 2235 3698 ceps;
2266 3627 2610 3683 recentiores
2627 3629 3112 3704 omittuntst'myy„
3136 3627 3366 3701 ejusque
3389 3623 3503 3676 loco
3524 3615 3601 3669 ha·

2076 3707 2214 3765 bent
2252 3709 2437 3787 πάλιν,
2467 3725 2523 3769 et
2549 3715 2610 3770 in
2647 3713 2761 3771 fine
2800 3713 3064 3794 δευριανὸν
3126 3715 3229 3776 δεῖ.
3272 3737 3297 3764 ²⁰
3331 3713 3379 3767 Ε
3401 3711 3480 3766 Μ·
3512 3701 3605 3759 Ρῦ·

2076 3807 2282 3853 strema
2304 3800 2536 3872 quidem
2558 3803 2679 3859 haec
2698 3804 2842 3860 nihil
2860 3805 3015 3860 aliud
3038 3815 3174 3860 sunt
3194 3819 3360 3877 quam
3376 3792 3607 3853 mendose

2075 3895 2135 3941 et
2182 3888 2531 3963 compendio
2578 3893 2795 3966 scripta
2849 3889 2989 3968 δευρὶ
3037 3890 3312 3971 ἄνθρωπον
3356 3881 3438 3954 δή·
3464 3883 3611 3938 T⁰²¹¹⁵

2074 3984 2258 4046 poetae
2282 3977 2445 4034 locus
2464 3980 2543 4034 sic
2571 3980 2800 4037 videtur
2817 3981 3080 4038 habuisse

2174 4086 2335 4166 ὸτῑῆ
2356 4144 2373 4177 ,
2405 4095 2548 4187 πρὶν
2572 4097 2763 4164 ἐλθεῖν
2795 4099 2977 4164 αὐτὸν
3016 4099 3099 4175 εἰς
3138 4100 3391 4180 βουλὴν,
3427 4079 3535 4156 ἔδει

2172 4200 2340 4269 ἥκειν
2372 4200 2835 4294 ἀπαγγείλαντα
2862 4201 2963 4270 καὶ
2992 4205 3139 4292 πρὸς
3174 4203 3279 4267 τὸν
3330 4197 3449 4263 θεὸν

2174 4305 2499 4396 εὐαγγέλια
2525 4300 2663 4374 τάδ’
2689 4332 2704 4346 ·
2733 4311 2851 4400 ἐγὼ
2886 4299 2951 4376 δ’
2978 4301 3141 4376 ἁπέδ
3145 4334 3249 4400 ραν
3274 4301 3536 4372 ἐκεινόθεν

2174 4409 2545 4500 τάνθρώπων
2580 4404 2657 4488 δὴ
2694 4407 2889 4506 δεῦρο.

2714 4607 3002 4666 SATYRl.

2078 4843 2215 4914 Quia
2231 4884 2246 4910 ‚
2269 4847 2583 4918 priusquam
2602 4851 2855 4902 senatum
2874 4843 3079 4912 adiret,
3106 4840 3357 4916 oportuit
3382 4836 3525 4893 illum

2076 4934 2290 4989 venisse
2314 4931 2621 5002 dicturum,
2651 4949 2711 4990 se
2738 4934 2904 4990 etiam
2931 4934 2999 4990 ad
3024 4933 3191 4990 deum
3223 4926 3497 5004 pertulisse
3588 5005 3595 5012 .

2076 5021 2228 5079 ¹³²2oe
2250 5020 2412 5077 ¹¹⁰⁵oe
2439 5020 2689 5088 nuntiosz
2713 5037 2816 5094 ego
2842 5029 3028 5080 autem
3051 5015 3181 5077 inde
3206 5018 3317 5076 huc
3333 5009 3523 5165 aufug[i¹
3528 5020 3615 5150 lt513t

2076 5200 2144 5257 ab
2170 5199 2557 5258 homuncione,
