3809 5850
1643 647 1736 705 PR
1751 646 2074 706 AEFATIO.
3110 673 3177 716 tx

531 779 716 850 neris
751 777 969 872 hujus
1005 778 1358 848 rationem
1391 793 1614 849 totam
1649 794 1717 850 et
1755 781 1932 850 olim
1968 781 2373 878 explicuere
2412 784 2619 855 multi
2650 801 2722 858 et
2762 793 3179 884 nuperrime

523 899 887 971 duumviri
911 899 1216 995 juvenes
1258 925 1338 970 ex
1377 903 1768 972 certamine
1800 902 2114 972 literario
2144 907 2491 974 coronati.

614 1029 891 1093 Horum
924 1037 1300 1121 poetarum
1324 1077 1341 1110 ,
1386 1048 1696 1119 quorum
1745 1050 2093 1096 numerus
2126 1041 2423 1097 centum
2454 1043 2525 1098 et
2582 1029 2831 1124 viginti
2877 1033 3174 1104 nomina

517 1145 821 1233 excedit,
847 1145 1234 1241 fragmenta
1267 1171 1396 1242 per
1423 1147 1656 1218 varios
1692 1148 2075 1246 scriptores
2100 1147 2459 1246 dispersa,
2489 1166 2656 1248 post
2686 1153 3173 1228 instauratum

519 1271 877 1342 literarum
911 1273 1319 1341 Graecarum
1358 1270 1719 1361 studium,
1777 1270 2321 1368 pulchritudine
2358 1298 2487 1344 sua
2530 1274 2797 1350 multos
2850 1278 3174 1350 eruditos

511 1394 943 1465 allicuerunt
970 1420 987 1464 :
1027 1394 1214 1465 inter
1242 1417 1427 1492 quos
1451 1448 1469 1483 ,
1501 1410 1668 1492 post
1703 1395 2095 1466 Henricum
2124 1397 2575 1493 Stephanum
2600 1451 2618 1486 ,
2662 1401 2928 1470 eminet
2958 1407 3171 1474 Huco

509 1527 826 1593 Gnorms
851 1575 871 1610 ,
898 1523 1023 1617 qui
1052 1519 1360 1617 plurima
1395 1535 1465 1590 et
1497 1521 1573 1590 in
1611 1519 1896 1592 Stoboeo
1934 1547 2067 1592 suo
2104 1535 2177 1592 et
2205 1523 2277 1592 in
2312 1523 2687 1620 Excerptis
2725 1528 3170 1620 Tragicos-um

512 1659 575 1712 et
615 1647 1036 1714 Comicorum
1083 1642 1606 1738 elegantissime
1640 1641 1956 1714 reddidit
1992 1643 2320 1715 versibus
2360 1643 2618 1715 latinis.
2672 1644 2847 1716 Illos
2882 1662 3125 1718 autem
3148 1703 3165 1734 ,

513 1767 637 1862 qui
677 1765 982 1860 singulis
1013 1767 1249 1862 poetis
1273 1764 1564 1836 doctam
1583 1788 1830 1835 curam
1861 1764 2392 1854 adhibuerunt,
2421 1767 2479 1838 si
2507 1767 2651 1838 hoc
2680 1767 2843 1837 loco
2874 1792 2965 1838 en
2978 1793 3174 1839 ume-
3270 1761 3279 1772 ’

511 1915 779 1979 rarem,
816 1889 1166 1960 inutiliter
1211 1886 1469 1983 longus
1512 1913 1668 1960 esse
1707 1890 1967 1960 merito
1995 1889 2304 1979 viderer,
2342 1887 2511 1988 quia
2564 1904 2800 1960 totum
2834 1915 3019 1987 opus
3049 1893 3171 1963 ab·

509 2014 720 2084 solvit
766 2037 956 2082 unus
1001 2019 1376 2082 Avensa-us
1419 2015 1785 2098 Munna,
1829 2013 2239 2082 universam
2275 2011 2705 2084 comoediam
2730 2017 3047 2085 Graecam
3100 2031 3167 2084 et

505 2161 765 2207 omnes
795 2135 1100 2206 omnino
1146 2132 1301 2228 ejus
1339 2135 1675 2230 reliquias
1709 2136 2007 2230 (praeter
2052 2135 2547 2233 Aristophanis
2598 2135 2875 2206 fabulas
2925 2161 3168 2232 super-

505 2263 752 2356 stites)
792 2264 1293 2335 voluminibus
1340 2264 1666 2360 quinque
1694 2263 2131 2360 complexus.
2160 2266 2295 2333 Per
2317 2263 2603 2358 longam
2643 2287 3005 2334 annorum
3064 2289 3165 2334 se-

507 2389 682 2459 riem
731 2389 1036 2459 eximius
1079 2391 1212 2474 vir,
1263 2387 1614 2485 quicquid
1654 2413 1694 2458 a
1745 2389 2009 2458 Graecis
2055 2388 2527 2484 scriptoribus
2570 2388 2785 2459 nobis
2836 2387 3162 2458 relictum

505 2525 628 2580 aut
659 2510 751 2580 ab
798 2512 1064 2582 Latinis
1113 2537 1154 2582 e
1200 2535 1426 2606 graeco
1460 2510 1764 2581 ductum
1806 2525 1953 2600 est,
1991 2525 2317 2583 accurate
2345 2525 2415 2580 et
2443 2511 2799 2607 patienter
2836 2509 3111 2604 legebat
3145 2565 3161 2597 ‚

503 2657 980 2730 quaecumque
1019 2634 1110 2704 ad
1149 2658 1296 2704 rem
1353 2635 1702 2704 comicam
1753 2648 2083 2730 spectant
2120 2629 2497 2726 diligenter
2545 2655 2959 2730 excerpens.
3018 2637 3161 2702 lm-

508 2779 834 2825 mensam
862 2770 934 2826 et
967 2756 1158 2827 mole
1192 2771 1261 2827 et
1303 2757 1640 2827 varietate
1687 2757 2055 2826 materiam
2084 2755 2185 2826 sic
2212 2754 2587 2826 collectam
2620 2753 2887 2825 deinde
2916 2755 3163 2850 (quod

503 2893 650 2949 erat
683 2877 1235 2973 difficillimum)
1289 2880 1432 2951 acri
1459 2893 1530 2950 et
1564 2878 1810 2951 sobrio
1848 2877 2123 2974 judicio
2172 2877 2531 2975 disposuit
2564 2879 2637 2948 in
2690 2876 3163 2974 lucidumque

499 3002 838 3072 ordinem
893 3001 1184 3097 redegit.
1221 3002 1444 3097 Cujus
1497 3003 1644 3073 sive
1693 3006 2068 3100 Historiam
2116 3008 2425 3071 criticam
2472 3002 2826 3071 comoedioe
2893 3006 3164 3071 Groecce

499 3124 685 3219 legas
709 3178 728 3213 ‚
782 3126 930 3195 sive
985 3125 1549 3221 fragmentorum
1589 3126 2191 3195 commentarium
2226 3124 2555 3203 criticum
2584 3178 2601 3209 ,
2665 3124 2937 3195 nescias
2982 3124 3161 3220 quid

501 3250 722 3344 magis
774 3250 848 3319 in
907 3274 994 3319 eo
1040 3251 1196 3320 viro
1251 3248 1622 3319 admireris
1643 3302 1661 3335 ‚
1720 3247 2123 3318 doctrinam
2180 3247 2955 3317 consummatissimam
2978 3302 2996 3334 ‚
3068 3272 3156 3317 an

503 3372 764 3442 mentis
811 3372 1296 3465 sagacitatem,
1329 3396 1418 3441 an
1453 3370 2094 3467 prudentissimam
2119 3368 2370 3464 judicii
2402 3368 3153 3464 circumspectionem,

391 3576 402 3585 Ι
505 3520 592 3564 an
631 3519 978 3566 venerum
1011 3496 1456 3591 poeticarum
1494 3516 1788 3563 sensum
1839 3491 2221 3562 subactum
2258 3506 2326 3561 et
2372 3490 2792 3584 elegantem.
2839 3490 2955 3561 Sic
2987 3490 3160 3561 Mei-

505 3618 892 3688 nekianum
935 3642 1234 3706 nomen,
1272 3614 1450 3687 dum
1487 3617 1699 3687 bonae
1730 3616 1951 3686 literae
1979 3613 2353 3709 vigebunt,
2398 3636 2565 3683 cum
2595 3616 2855 3681 Graeoee
2882 3615 3159 3683 Comoe-

499 3740 631 3811 diae
661 3742 1009 3811 memoria
1035 3740 1514 3835 conjunctum
1541 3737 2016 3836 permanebit.

587 3862 818 3933 Hodie
847 3862 1147 3958 quidem
1177 3862 1526 3959 plurima,
1561 3885 1720 3958 quae
1761 3860 1884 3931 Ille
1911 3883 2042 3956 per
2073 3858 2375 3928 arduam
2408 3856 2991 3955 disquisitionem
3021 3856 3153 3927 do-

492 3986 850 4056 cumentis
890 3985 1119 4058 allatis
1162 3983 1689 4081 subductisque
1719 3982 2159 4078 argumentis
2210 3997 2403 4051 extra
2436 4003 2733 4049 omnem
2763 3978 3155 4050 dubitatio·

494 4134 660 4180 nem
686 4110 937 4207 posuit
963 4124 1033 4179 et
1059 4134 1224 4180 vera
1243 4132 1397 4179 esse
1419 4108 1969 4195 demonstravit,
1993 4104 2245 4202 paucis
2263 4102 2532 4191 verbiS‚
2554 4103 2868 4173 breviter
2887 4119 2956 4172 et
2979 4104 3149 4173 sim-

489 4234 768 4330 pliciter
795 4236 1063 4305 narrari
1083 4250 1391 4332 possunt
1419 4233 1591 4330 (qui
1617 4231 1814 4303 docti
1843 4245 1913 4302 et
1946 4230 2174 4301 critici
2194 4229 2328 4298 viri
2350 4226 2767 4324 triumphus
2788 4228 3143 4297 maximus

485 4357 736 4430 haberi
771 4359 1032 4453 debet)
1069 4387 1082 4427 :
1123 4374 1202 4429 ut
1240 4358 1452 4429 nobis
1474 4410 1493 4445 ‚
1537 4358 1694 4427 sine
1721 4354 1870 4426 ullo
1915 4354 2016 4427 rei
2066 4353 2507 4424 detrimento
2532 4403 2549 4421 .
2590 4348 2823 4421 multo
2860 4348 3147 4419 brevio-

484 4482 686 4553 ribus
723 4506 881 4552 esse
925 4482 1228 4552 licuerit.
1279 4484 1544 4552 Tamen
1573 4534 1591 4568 ,
1629 4500 2072 4575 quamquam
2120 4478 2195 4546 in
2226 4472 2657 4545 arctioribus
2694 4496 2829 4541 nos
2872 4469 3147 4541 finibus

479 4608 852 4676 continere
895 4604 1356 4692 volebamus,
1387 4626 1642 4698 augere
1681 4598 2035 4673 nonnulla
2070 4613 2142 4670 et
2186 4598 2527 4683 rectiora,
2564 4596 2622 4666 si
2661 4592 2813 4665 fieri
2852 4610 3141 4691 posset,

477 4728 1044 4825 perfectioraque
1110 4702 1391 4797 tradere
1439 4730 1935 4820 φιλοτιμούμενοι
1960 4776 1978 4812 ,
2050 4721 2413 4816 egregium
2478 4718 2806 4789 criticum
2870 4720 2947 4788 C.
3010 4721 3144 4787 Ga·

475 4850 752 4923 brielem
822 4850 1024 4921 Cobet
1100 4848 1500 4921 identidem
1558 4849 2023 4920 invitavimus
2076 4861 2153 4915 ut
2208 4844 2672 4913 Comicorum
2730 4842 3138 4912 recensioni

479 4996 772 5045 manum
808 4974 1273 5062 admoveret,
1323 4972 1450 5043 sed
1498 4972 1882 5069 impetrare
1925 4967 2016 5039 ab
2069 4993 2156 5039 eo
2215 4991 2362 5036 non
2406 4966 2797 5061 potuimus,
2856 4962 3136 5055 Deinde

473 5094 822 5177 illustrem
870 5097 1106 5165 virum
1167 5100 1230 5165 T
1221 5096 1586 5173 heodoram
1625 5096 1849 5189 Bergk
1910 5090 2159 5162 eadem
2216 5112 2425 5185 prece
2490 5086 2845 5157 adivimus
2866 5138 2885 5173 ,
2943 5083 3129 5153 haud

3772 3572 3801 5188 *220*ss

3584 5667 3801 5805 t.
