3809 5850
499 401 614 451 512
1499 336 1911 449 COMOEDIAE
1950 388 2279 449 VETEms
2322 387 2739 460 RELIQUIAE.

601 527 728 591 οὔτ’
763 516 940 609 msc,
965 524 1106 590 ἔνθα
1133 515 1450 614 δελφάκων
1479 524 1595 614 ἐγὼ
1629 523 1776 612 κρέα

506 625 546 696 5
600 627 876 698 κάλλιστ’
901 630 1127 698 ὄπωπα
1147 629 1326 722 πυρὸς
1365 628 1591 719 ἀκμαῖς
1617 627 1964 718 ἠνθισμένα.

505 746 680 798 Versu
719 746 751 807 4
783 741 917 796 libri
960 737 1220 810 οὗκήλισ’,
1265 738 1400 796 edd.
1446 737 1540 794 οὔκ
1577 725 1758 802 Ἦλις.
1812 738 2072 794 Correxit

501 829 742 886 Casauffl.
781 851 808 878 α
845 829 1169 884 Eliacorum
1198 845 1516 900 coquorum
1539 825 1782 900 (pariter
1809 843 1874 880 ac
1910 825 2070 880 Sicu·

499 918 690 972 lorum
718 934 734 972 ι
763 935 822 974 v.
849 919 1052 972 Horat.
1073 916 1262 973 Carm.
1289 913 1347 984 3,
1381 933 1432 983 1,
1463 912 1556 969 18.
1585 911 2072 987 Both.)magnam

501 1003 726 1059 laudem
753 1001 924 1058 fuisse
962 1003 1294 1076 intelligitur
1322 1002 1491 1057 etiam
1531 1019 1600 1056 ex
1633 999 1969 1074 Antiphanis
1994 998 2067 1056 fr.

501 1091 702 1146 incert.
739 1108 830 1152 ιι.
861 1092 932 1145 V.
966 1087 999 1146 5
1029 1089 1272 1161 ἠνθισμ.,
1290 1093 1615 1161 variegata.
1642 1087 1943 1144 Philemon
1965 1088 2072 1143 Mi-

497 1179 586 1238 lit.
609 1196 672 1237 v.
693 1177 755 1248 6,
775 1177 848 1234 de
865 1178 1022 1253 pisce
1047 1195 1064 1234 ι
1089 1173 1196 1236 οὐδ’
1219 1173 1413 1234 ἄνωθεν
1433 1173 1820 1250 ἐξηνθισμένον.
1855 1201 1878 1228 n
1908 1178 1958 1232 E
1976 1177 2063 1232 M.

1083 1272 1158 1331 V.
1202 1271 1478 1331 ΧΟΡΟΣ.

580 1370 834 1425 AElianus
863 1371 935 1426 H.
966 1369 1041 1428 A.
1081 1387 1172 1440 ια,
1203 1386 1296 1440 ιο,
1326 1368 1427 1424 ubi
1455 1369 1572 1443 agit
1618 1366 1689 1425 de
1717 1368 1970 1424 murium
1998 1367 2071 1421 li-

505 1457 704 1514 bidine
733 1475 749 1515 t
776 1453 868 1513 καὶ
892 1455 1051 1513 πάλιν
1081 1457 1135 1514 ἰν
1171 1457 1248 1535 τῷ
1283 1455 1442 1534 Χορῷ
1478 1455 1687 1532 (δρᾶμα
1717 1453 1773 1512 δέ
1811 1455 1925 1511 ἔστι
1964 1456 2067 1510 τῶν

505 1542 859 1621 Ἐπικράτους
905 1543 1086 1620 τοῦτο)
1137 1539 1368 1622 [vitiose
1399 1545 1552 1600 enim
1595 1543 1729 1599 libri
1782 1540 1872 1599 καὶ
1912 1539 2073 1598 πάλιν

501 1630 650 1712 παρὰ
677 1629 988 1710 Ἐπικράτει
1017 1631 1070 1688 ἕν
1097 1633 1172 1709 τῷ
1215 1631 1377 1710 Χορῷ
1416 1629 1532 1707 (ap.
1564 1626 1619 1686 δέ
1655 1629 1766 1686 ἔστι
1804 1629 1882 1708 τῷ
1918 1627 2067 1688 ’Em-

501 1721 682 1799 κράτει
705 1717 886 1798 τοῦτο)
909 1717 952 1796 ]·

601 1812 834 1887 Τελέως
874 1802 946 1876 δέ
985 1816 1048 1900 μ’
1083 1809 1347 1883 ὑπῆλθεν
1371 1814 1410 1882 ἡ
1443 1807 1779 1900 κατάρατος
1811 1830 2072 1900 μαστρο-

1914 1913 2025 1988 πὸς
2049 1962 2068 1997 ,

603 2024 984 2113 ἐπομνύουσα
1012 2050 1045 2086 ιι
1079 2017 1191 2088 τᾶν
1213 2019 1446 2114 Κόραν,
1475 2018 1586 2088 τὰν
1625 2011 1884 2112 Κρτεμιν
1903 2069 1923 2104 ,

599 2126 709 2194 τὰν
752 2131 1171 2222 Φερσέφατταν
1196 2177 1214 2213 ,
1273 2152 1306 2186 >)
1347 2132 1425 2204 ὡς
1460 2118 1733 2217 δάμαλις
1757 2175 1776 2210 ,
1807 2129 1886 2201 ὡς
1923 2149 2074 2216 παρ-

1145 2219 1154 2238 ’
1868 2230 2027 2306 θένος
2048 2277 2065 2312 ,

599 2341 679 2415 ὡς
702 2345 906 2415 πῶλος
936 2332 1160 2429 ἀδμής·
1189 2344 1226 2411 ἡ
1267 2330 1326 2404 δ’
1363 2334 1456 2428 ἄρ’
1489 2335 1562 2410 ἦν
1595 2335 1846 2427 μυωνία.

499 2451 680 2504 Versu
715 2467 736 2503 1
773 2448 905 2504 libri
948 2449 1064 2504 fere
1095 2445 1339 2518 τελείως,
1375 2447 1580 2504 deinde
1607 2446 1765 2521 δευμε
1788 2446 1950 2501 vario
1975 2464 2072 2501 ae-

503 2549 672 2591 centu
689 2579 706 2611 ,
739 2537 813 2594 al.
839 2535 917 2592 δεῖ
944 2556 1030 2609 με,
1051 2536 1130 2594 al.
1156 2533 1216 2594 δι’
1245 2556 1331 2610 με,
1353 2553 1500 2590 unus
1528 2534 1652 2608 ἃμ.
1673 2535 1846 2592 Mein.
1865 2531 2073 2597 Τελέως

503 2623 559 2693 μ’
585 2625 677 2681 ὑπ.
707 2625 982 2698 Toupius.
1014 2621 1181 2688 Τέλος
1205 2620 1249 2679 δ’
1277 2619 1475 2692 ὑπῆλθέ
1505 2623 1560 2696 μ’
1585 2625 1654 2681 V.
1680 2641 1737 2677 α.
1761 2622 1843 2678 De
1871 2621 2069 2676 formis

500 2711 724 2766 Doricis
761 2712 820 2765 in
849 2710 1184 2782 juramentis
1211 2711 1384 2769 Mein.
1415 2710 1562 2765 dixit
1595 2709 1670 2766 ad
1693 2708 2069 2764 Menandrum

499 2817 558 2871 p.
597 2799 690 2869 16,
722 2809 780 2854 et
805 2797 1056 2854 conferri
1077 2797 1238 2872 jussit
1257 2796 1386 2875 πρὸς
1414 2799 1518 2862 Γᾶς
1539 2800 1750 2856 Incert.
1792 2815 1814 2852 1
1828 2819 1945 2870 ,·7;
1973 2797 2069 2853 sed

502 2887 798 2943 Corinthia
837 2887 1074 2945 sortasse
1110 2887 1412 2963 cogitanda
1450 2897 1534 2943 est
1568 2887 1728 2957 lena,
1771 2887 2071 2960 patriaque

499 2975 658 3048 loqui
685 2974 954 3034 dialecto.
979 2978 1046 3037 V.
1077 2974 1110 3030 3
1145 2975 1277 3030 libri
1301 2971 1501 3053 Φερέφ.
1532 2976 1622 3030 vel
1646 2975 1856 3053 Φαρεφ.
1883 2977 2070 3048 Supe-

499 3063 750 3118 rioribus
767 3064 888 3117 haee
919 3062 1082 3118 addit
1108 3063 1364 3118 AElianus
1399 3082 1412 3117 :
1440 3062 1510 3126 εἰς
1547 3059 1842 3139 ὖπερὸολῆν
1882 3061 2069 3137 λαγνι-

500 3146 699 3219 στᾶτην
721 3147 740 3223 (
759 3150 932 3204 immo
954 3146 1136 3226 λάγνιν
1161 3146 1280 3205 τινά
1304 3169 1317 3204 :
1345 3150 1631 3225 inelegans
1655 3151 1806 3205 enim
1822 3160 1929 3222 est,
1956 3152 2071 3205 vix·

504 3256 617 3311 que
647 3236 1028 3294 admittendus
1052 3248 1184 3313 post
1219 3236 1290 3302 εἰς
1323 3238 1412 3293 ὑπ.
1445 3240 1852 3312 superlativus,
1883 3257 2071 3312 neque

501 3326 618 3380 lnaec
659 3325 834 3381 verba
879 3325 1226 3400 glossematis
1273 3325 1487 3381 habent
1537 3328 1802 3403 speeiem.
1839 3324 2065 3402 Rom).

499 3409 663 3481 αὐτὴν
685 3414 847 3470 εἰπεῖν
871 3410 1093 3484 ἠθέλησε
1121 3411 1358 3487 μυωνίαν
1379 3410 1509 3484 ὅλην
1533 3411 1816 3487 ὀνομάσας,
1841 3416 1900 3470 in
1934 3416 2059 3488 qui·

501 3500 606 3556 bus
631 3520 750 3557 non
771 3503 947 3577 magis
965 3501 1342 3583 premendum
1377 3502 1627 3558 arbitror
1649 3500 1708 3559 τὸ
1731 3499 1860 3572 ὅλην
1894 3520 2069 3577 quam

501 3589 562 3642 in
587 3590 704 3644 illis
721 3592 821 3645 Ar.
848 3590 981 3649 Pac.
1013 3607 1149 3665 912,
1178 3588 1442 3667 ἀπόφηνον
1471 3586 1599 3659 ὅλην
1627 3588 1845 3660 σαυτήν.

569 3769 780 3826 coquus
797 3774 815 3822 ;
835 3770 1012 3825 neque
1045 3753 1228 3811 Sicilia
1251 3754 1570 3826 gloriabitur

573 3839 738 3896 talem
759 3856 818 3897 se
841 3840 986 3897 alere
1013 3841 1247 3912 piscium
1267 3848 1642 3909 mactatorem,

571 3924 657 3985 vel
689 3929 822 3997 Elis,
843 3927 936 3984 ubi
961 3928 1326 4000 porcellorum
1346 3943 1448 3999 ego
1469 3944 1662 3985 carnes

500 4024 532 4071 5
569 4016 774 4089 optime
793 4014 902 4072 vidi
923 4016 1068 4091 ignis
1092 4014 1342 4095 apicibus
1357 4015 1673 4088 variegatas.

1123 4104 1434 4161 CHORUS.

505 4194 784 4247 Postremo
811 4190 1032 4247 advenit
1055 4189 1179 4247 lena
1206 4190 1543 4249 detestabilis
1561 4230 1580 4257 ,

499 4283 638 4351 Quae
663 4294 757 4351 per
781 4278 996 4347 Dianae,
1027 4277 1242 4335 Liberae
1263 4279 1606 4349 Proserpinae

502 4364 729 4421 jurabat
747 4380 976 4434 numen,
1005 4363 1273 4435 integram
1295 4380 1410 4420 esse
1433 4372 1489 4419 et
1515 4364 1804 4434 virginem,

501 4453 578 4505 Ut
596 4449 852 4522 equulam
875 4449 1224 4519 indomitam,
1247 4464 1420 4523 quum
1439 4464 1606 4508 cavus
1635 4459 1779 4507 esset
1803 4452 2062 4506 murium.

1759 4541 1828 4594 ll.
1871 4542 2065 4597 Gnor.

853 4626 956 4681 EX
995 4625 1334 4683 INCERTIS
1370 4626 1698 4683 FABULlS.

1263 4720 1314 4770 1.

677 4830 748 4841 ·—
769 4815 822 4857 a.
855 4800 1004 4873 Quid
1029 4801 1208 4874 (agit)
1235 4801 1410 4869 Plato,

607 4892 663 4942 et
693 4887 1044 4960 Speusippus,
1076 4896 1133 4945 et
1159 4888 1520 4945 Menedemus
1539 4890 1564 4941 ἓ

609 4972 751 5046 apud
775 4988 916 5048 quos
937 4990 1090 5031 nunc
1111 4977 1556 5032 commorantur?

608 5076 859 5131 quaenam
888 5061 1118 5133 quaestio
1134 5102 1151 5128 ‚
1173 5060 1257 5116 vel
1277 5076 1364 5117 res
1381 5102 1398 5130 ‚

513 5155 572 5203 15
610 5148 679 5205 ab
703 5148 851 5205 hisce
874 5148 1240 5221 perquiritur?
1260 5147 1378 5207 haec
1402 5148 1533 5203 milui

611 5244 757 5302 cate,
786 5236 830 5292 si
858 5234 989 5307 quid
1019 5236 1197 5293 sciens
1225 5234 1376 5301 adeS‚

2168 4462 2228 4511 15

2162 4894 2229 4943 20

2184 522 2409 578 INCER
2420 519 2694 578 TORUM
2738 519 3175 578 DRAMATUM
3216 522 3657 585 FRAGMENTA.

2922 669 2976 707 1.

2245 797 2450 854 Athen.
2470 815 2529 866 τι,
2546 816 2611 873 p.
2636 795 2735 869 59,
2761 795 2827 864 C,
2856 793 2931 852 de
2954 796 3249 852 cucurbita
3268 797 3525 854 disserens
3548 819 3561 857 τ
3586 797 3691 857 Ἐκ.

2166 884 2194 939 ὁ
2222 882 2612 962 κωμῳδιοποιὸς
2624 927 2639 952 ,

2412 1077 2507 1086 --
2538 1063 2604 1102 α.
2642 1035 2725 1102 Τί
2752 1036 3011 1104 Πλοίτων
3031 1088 3050 1123 ,

2314 1141 2417 1209 καὶ
2444 1143 2835 1220 Σπεύσιππος
2856 1191 2875 1227 ,
2906 1142 3015 1208 καὶ
3039 1131 3428 1239 Μενέδὴμοςς

2313 1252 2455 1341 πρὸς
2484 1250 2611 1316 τίσι
2638 1248 2763 1314 νυνὶ
2790 1241 2831 1314 δ
2838 1244 3247 1342 ιατρίὲουσιη

2314 1353 2461 1422 ποία
2480 1353 2716 1448 φροντὶς
2734 1403 2751 1436 ,
2780 1361 2950 1430 ποῖος
2978 1347 3051 1421 δὲ
3076 1357 3253 1450 λόγος
3276 1409 3295 1440 ,

2222 1455 2261 1526 5
2316 1455 2691 1554 διερευνᾶται
2718 1456 2883 1554 παρὰ
2910 1467 3084 1546 τοῒς;
3126 1455 3277 1528 τάδε
3310 1491 3407 1555 μοι

2317 1576 2582 1644 πινυτῶς
2608 1616 2627 1653 ,
2666 1564 2723 1632 εἴ
2748 1591 2814 1632 τι
2837 1561 3137 1644 κατειδὼς
3166 1571 3325 1646 ἥκεις
3346 1620 3361 1650 ,

2318 1666 2491 1749 λέξον
2515 1717 2539 1759 ,
2568 1672 2713 1765 πρὸς
2742 1665 2896 1749 ric!

2317 1781 2376 1862 β.
2413 1773 2567 1845 ,ἄλλ’
2599 1771 2741 1844 οἶδα
2755 1778 2954 1870 λέγειν
2976 1776 3111 1869 περὶ
3144 1772 3341 1846 τῶνδε
3363 1790 3569 1870 σαφῶς·

2326 1881 2761 1960 Παναθηναίοις
2792 1879 2935 1975 γὰρ,
2974 1874 3122 1951 ἰδὼν
3160 1884 3381 1976 ἀγέλην

2182 2009 2261 2055 to
2312 1984 2512 2080 (τὴν)
2544 1987 2870 2080 μειρακίων

2326 2097 2383 2158 ἐν
2411 2093 2763 2194 γομνασίοις
2796 2086 3187 2185 Ᾰκαδημείας
3210 2147 3229 2182 ,

2312 2200 2542 2270 ἥκουσα
2566 2199 2770 2291 λόγων
2804 2194 2985 2291 ἔφαθ’
3010 2205 3090 2276 ὡς
3123 2201 3394 2266 ἀτόπων·

2322 2303 2455 2396 περὶ
2483 2303 2597 2397 γὰρ
2630 2307 2858 2394 φύσεως
2888 2301 3333 2398 ἀφοριζόμενοι,

2311 2402 2667 2503 διεχώριζον
2694 2404 2865 2492 ζῴων
2894 2436 2961 2476 τε
2984 2412 3145 2496 βίον,

2182 2511 2259 2584 15
2316 2510 2582 2610 δένδρων
2609 2541 2675 2584 τε
2696 2516 2903 2608 φάσιν,
2932 2518 3222 2610 λαχάνων
3240 2541 3307 2585 τε
3332 2521 3463 2612 γε’ντ.
3484 2566 3502 2602 ,

2312 2619 2447 2710 κᾷτ’
2480 2627 2538 2689 ἐν
2570 2626 2803 2699 τούτοις
2831 2627 2939 2698 τὴν
2959 2627 3327 2694 κολοκύντην

2312 2723 2625 2816 ἐξήταζον,
2656 2728 2816 2806 τίνος
2837 2727 2971 2795 ἐστὶ
3000 2729 3223 2822 γένους·

2312 2860 2371 2900 α.
2420 2831 2543 2900 Καὶ
2596 2833 2659 2901 τί
2715 2831 2850 2902 ποτ’
2880 2831 2971 2928 ἄρ’
3030 2834 3365 2927 ὡρίσαντο,
3413 2835 3509 2897 καὶ
3558 2833 3683 2904 τίνος

3492 2942 3677 3031 γένους,

2312 3040 2461 3112 εἶναι
2490 3048 2563 3113 τὸ
2598 3047 2819 3137 φυτόν;
2856 3039 3139 3121 δήλωσον
3162 3098 3182 3131 ,
3220 3047 3273 3112 εἰ
3296 3046 3563 3113 κάτοισθά
3586 3070 3657 3107 τι.

2168 3170 2259 3216 20
2314 3156 2375 3235 β.
2408 3155 2727 3244 Πρώτιστα
2758 3153 2867 3244 μὲν
2900 3150 3002 3218 οὖν
3031 3154 3255 3230 πάντες
3282 3145 3539 3225 ἀναυδεῖς

2311 3256 2443 3323 τότ’
2468 3259 2860 3343 ἀπέστησαν,
2898 3256 3003 3324 καὶ
3036 3254 3329 3347 κύψαντες

2310 3363 2515 3455 χρόνον
2538 3369 2644 3429 οὐκ
2668 3363 2875 3457 ὀλίγον
2908 3356 3336 3456 διεφρόντιζον·

2308 3464 2445 3555 κᾷτ’
2470 3465 2752 3561 ἐξαίφνης
2776 3520 2795 3555 ,
2822 3470 2913 3535 ἔτι
2945 3470 3293 3537 κυπτόντων

2310 3574 2419 3640 καὶ
2457 3570 2798 3655 ζητούντων
2826 3583 2949 3641 τῶν
2980 3576 3336 3667 μειρακίων,

2266 3772 2425 3813 narra
2440 3796 2455 3823 ‚
2483 3772 2579 3829 per
2599 3758 2858 3813 Terram!

2267 3844 2320 3899 b.
2344 3847 2418 3899 At
2438 3842 2612 3899 habeo
2632 3858 2763 3900 sane
2790 3858 3016 3901 narrare
3038 3842 3109 3899 dc
3140 3844 3229 3901 liis
3254 3850 3529 3901 accurate:

2268 3946 2393 3987 nam
2415 3932 2793 3988 Panatlienaeis
2816 3947 2986 4005 quum
3016 3930 3127 3986 vidi

2165 4024 2231 4075 10
2268 4035 2485 4091 gregem
2507 4019 2770 4090 Juvenum

2267 4108 2324 4162 in
2348 4106 2640 4179 gymnasiis
2672 4106 3005 4176 Academiae‚
3203 4178 3206 4182 .

2268 4194 2450 4251 audivi
2464 4210 2742 4252 sermones
2754 4210 2919 4268 supra
2936 4208 3101 4267 quam
3112 4192 3223 4249 diei
3242 4202 3413 4267 potest
3422 4188 3665 4247 alsunlos:

2266 4280 2335 4338 de
2360 4288 2549 4337 natura
2568 4280 2715 4338 enim
2738 4280 3079 4353 disputantes

2266 4368 2589 4440 separabant
2616 4366 2930 4425 animalium
2954 4368 3121 4423 vitam

2266 4455 2334 4511 ab
2362 4454 2621 4511 arborum
2644 4454 2950 4527 spectaculo
2968 4461 3024 4510 ct
3042 4454 3253 4510 olerum
3272 4454 3559 4527 generibus.

2266 4557 2437 4614 eaque
2456 4558 2515 4598 re
2537 4542 2787 4614 occupati
2808 4542 3158 4615 explorabant

2266 4629 2547 4699 quusnam
2570 4629 2785 4699 generis
2804 4636 2947 4685 esset
2974 4628 3279 4685 cucurbita.

2266 4728 2316 4770 a.
2342 4714 2630 4785 Quomodo
2653 4715 2822 4786 igitur
2838 4714 3177 4773 deliniebant
3202 4724 3262 4773 et
3276 4731 3385 4789 quo
3418 4711 3669 4771 referebant

2268 4801 2543 4873 plantam?
2568 4799 2749 4856 indica
2768 4800 2815 4857 si
2841 4800 2975 4872 quid
2996 4801 3211 4860 novisti.

2266 4888 2319 4943 b.
2352 4887 2595 4944 Primum
2622 4886 2845 4959 quidem
2873 4903 3063 4945 omnes
3082 4890 3217 4945 muti

2271 4981 2405 5031 tune
2434 4974 2783 5041 abstiterunt,
2809 4973 3165 5047 demissisque
3192 4974 3451 5047 capitibus

2266 5060 2361 5115 diu
2384 5058 2438 5115 id
2462 5058 2833 5132 expendebant
2852 5078 2867 5129 ς

2264 5148 2391 5203 dein
2423 5147 2603 5204 subito
2626 5188 2641 5213 ‚
2672 5148 2865 5203 ceteris
2898 5146 3081 5203 adhuc
3111 5146 3341 5205 humum
3380 5142 3658 5203 intuentihus

2269 5234 2743 5307 quaerentibusque
2760 5233 3199 5303 adolescentulis,
