3809 5850
419 439 538 491 438

509 568 612 637 Μὴ
642 560 954 654 παρατίθει
981 555 1162 652 (μέν)
1187 584 1286 650 μοι
1303 550 1642 650 θριδακίνας
1659 607 1678 643 ,
1702 554 1750 622 ὦ
1773 560 1975 650 γύναι,

511 669 609 737 ἐπὶ
635 674 746 742 τὴν
775 664 1080 758 τράπεζαν
1097 716 1115 752 ,
1137 664 1174 737 ἢ
1197 668 1451 739 σεαυτὴν
1471 664 1646 731 αἰτιῶ
1665 689 1680 704 ·

1437 422 1716 482 MEmAE
1759 420 2177 483 coMOEmAE
2218 420 2621 496 nmmum.

2219 561 2743 651 παρεντέτρωκται
2780 558 2969 636 τευθὶς
3000 554 3391 655 ἐξωπτημένη
3412 612 3431 641 ,

2219 666 2723 756 παρεγκέκαπται
2750 664 2993 757 σταμνί’
3027 669 3167 733 ἐννέ’
3200 666 3240 741 ἢ
3270 662 3448 735 δέκα·

510 780 570 841 ἐν
609 786 700 861 τῷ
726 773 982 865 λαχάνῳ
1007 774 1206 855 τούτῳ
1235 767 1353 863 γὰρ
1371 820 1390 855 ‚
1421 776 1499 847 ὡς
1527 775 1558 837 ὁ
1582 772 1798 863 λόγος,
1832 773 1981 839 ποτὲ
2088 792 2171 837 10
2222 774 2401 855 ὥστ’,
2436 768 2489 836 εἴ
2505 797 2568 836 τι
2588 774 2784 856 βούλει
2812 781 2934 838 τῶν
2952 776 3361 865 λελειμμένων
3390 783 3627 867 φαγεῖν,

511 882 613 947 τὸν
646 872 874 947 Ᾰδωνιν
903 878 1285 945 ἀποθανόντα
1312 878 1632 969 προύθηκεν
1662 877 1894 967 Κύπρις
1912 925 1931 958 ,

423 985 454 1025 Γ
513 992 659 1052 ὥστ’
693 984 825 1055 ἐστὶ
861 986 1076 1051 νεκύων
1105 988 1344 1075 βρῶμα.

420 1013 459 1055 δ

417 1132 592 1185 Versu
627 1146 648 1181 1
678 1126 838 1182 facile
867 1122 1140 1181 exciderit
1161 1118 1284 1196 μὲν,
1311 1121 1384 1177 de
1412 1139 1530 1195 quo
1558 1120 1634 1177 ad
1653 1119 1979 1177 Anaxandr.

416 1216 657 1296 Φιαληφ.
691 1216 878 1271 Minus
912 1209 1288 1288 probabiliter
1324 1210 1483 1267 Pors.
1512 1205 1606 1273 τὰς
1638 1210 1776 1286 θρικ.
1805 1210 1983 1267 Mein.

417 1302 540 1373 Μὴ,
573 1302 648 1378 μὴ
681 1323 830 1380 παρ.,
874 1312 940 1356 ut
979 1300 1282 1373 aliquoties
1306 1298 1602 1372 Aristo'ph.
1645 1307 1704 1353 et
1733 1297 1990 1351 similiter

415 1391 502 1449 ναὶ
522 1434 539 1464 ,
563 1388 674 1454 ναί.
711 1395 922 1448 Verum
949 1391 1028 1444 sic
1056 1398 1241 1443 totum
1259 1386 1498 1441 verbum
1523 1405 1722 1461 παρατ.
1751 1387 1991 1461 ponitur

419 1484 478 1537 in
509 1482 672 1539 thesi.
698 1483 764 1537 V.
807 1479 860 1535 3.
894 1504 916 1527 a
947 1479 1014 1531 In
1043 1476 1279 1532 lactucis
1299 1476 1572 1531 Venerem
1605 1474 1989 1547 composuisse

419 1582 706 1625 mortuum
734 1566 965 1622 Adonin
983 1605 998 1634 ‚
1025 1564 1356 1639 pervulgata
1375 1562 1480 1617 fuit
1493 1563 1692 1635 opinio
1705 1572 1983 1620 veterum.

418 1662 564 1715 Hinc
593 1662 812 1715 lactuca
831 1650 1048 1717 Ἄδωνις
1073 1652 1248 1710 dicta.
1283 1653 1472 1725 Etym.
1517 1652 1826 1725 M.p.19,
1865 1650 1984 1707 16:

417 1746 620 1813 ἀδωνιῖς
672 1744 816 1825 (sic)
859 1738 1100 1821 χελιδὼν,
1143 1737 1347 1813 Θρίδαξ,
1377 1740 1479 1793 ubi
1518 1738 1643 1795 duae
1687 1740 1880 1814 glossae
1925 1740 1985 1793 in

419 1856 592 1893 uuam
625 1832 882 1892 conflatae
917 1849 1034 1887 esse
1071 1830 1369 1898 videntur,
1404 1824 1574 1891 ἀδονίς
1603 1827 1804 1897 (immo
1837 1824 1990 1895 ἀηδο·

414 1923 510 1989 νίς.
555 1924 721 1981 Both.
743 1924 803 1998 ).
854 1914 1096 1999 χελιδών.
1125 1910 1408 1978 Ἄδωνις-ε
1450 1908 1650 1991 θρίδαξ.
1693 1917 1757 1971 V.
1797 1912 1830 1969 5
1877 1932 1985 1969 νεκ.

421 2014 630 2092 βρῶμα.
671 2012 854 2067 Etiam
897 2008 1054 2083 apud
1098 2008 1390 2063 Romanos
1428 2004 1620 2060 multis
1653 2003 1989 2078 religionem

415 2102 582 2155 fuisse
603 2101 754 2154 vesci
783 2097 1046 2163 lactucis,
1070 2111 1142 2149 ex
1163 2094 1326 2149 Plinii
1344 2090 1410 2147 tl.
1433 2092 1504 2151 N.
1541 2110 1634 2165 ¹9,
1659 2090 1717 2165 8,
1744 2090 1858 2159 38,
1882 2089 1989 2144 do-

415 2190 532 2243 cuit
551 2187 809 2253 Casaub„
834 2184 1065 2239 laudato
1092 2180 1260 2237 simul
1287 2178 1506 2235 Galeno
1533 2181 1620 2235 De
1647 2178 1754 2235 fac.
1777 2177 1985 2233 medic.

414 2277 599 2350 simpl.
647 2274 697 2341 3,
737 2274 838 2328 ubi
879 2282 1138 2343 testatur,
1178 2269 1412 2325 lactucae
1453 2285 1622 2322 succo
1669 2276 1782 2322 tarn
1827 2266 1990 2323 facile

415 2367 662 2439 aliquem
682 2364 804 2418 tolli
829 2378 1000 2434 quam
1021 2361 1244 2415 cicutae.
1269 2379 1293 2404 ι·
1314 2358 1364 2411 Ε
1386 2358 1478 2411 Μ.
1503 2354 1735 2413 Scilicet
1753 2357 1991 2410 lactucoe

414 2458 646 2528 agrestis
663 2451 818 2525 apud
845 2448 1122 2515 Plinium,
1157 2445 1388 2499 Linnaeo
1422 2443 1588 2498 dictae
1625 2449 1856 2511 vit-osce,
1883 2462 1987 2497 cu-

409 2540 502 2612 jus
563 2540 884 2613 suspicione
931 2556 1004 2592 ne
1063 2535 1366 2589 scat-iotam
1427 2531 1660 2605 quidem
1713 2534 1989 2587 lactucam

414 2647 648 2703 prorsus
687 2645 886 2683 carere
929 2626 1009 2680 ait
1049 2622 1407 2679 doctissimus
1445 2620 1624 2676 Stein.
1665 2620 1891 2678 Hamlb.
1924 2622 1983 2674 d.

415 2716 787 2791 Naturgesch.
824 2734 880 2783 a,
923 2732 980 2786 p.
1013 2710 1145 2767 131.
1185 2710 1450 2765 Ceterum
1486 2707 1764 2761 Dobraeus
1810 2706 1987 2762 Athe-

415 2826 600 2862 naeum
628 2805 829 2861 dixisse
856 2800 1120 2873 conjicit,
1161 2797 1444 2853 Eubulum
1469 2796 1521 2851 ἓν
1545 2793 1815 2865 ἀστύτοις,
1839 2796 1899 2849 1ι.
1928 2814 1982 2852 e.

415 2896 562 2950 inter
577 2893 736 2949 cibos
751 2908 1010 2948 venerem
1021 2888 1458 2960 exstinguentes,
1473 2901 1796 2940 numerasse
1810 2884 1989 2939 lactu·

415 2999 572 3049 ωιτη
609 2980 784 3052 idque
818 2997 927 3055 pro
955 2977 1189 3032 nomine
1227 2972 1520 3030 comoediae
1547 2973 1826 3048 accepisse
1855 2973 1989 3048 epi-

416 3077 774 3123 tomatorem.

1001 3221 1137 3280 vlt.
1182 3219 1404 3278 Arl'n.

493 3373 696 3427 Athen.
737 3375 823 3438 14,
851 3387 910 3442 p.
944 3367 1058 3422 622
1078 3405 1095 3435 ‚
1123 3365 1172 3419 Ε
1198 3385 1210 3418 :
1239 3359 1426 3442 Σόφων
1542 3359 1787 3440 μάγειρος
1814 3382 1987 3438 γεγω-

411 3459 614 3537 νότερον
644 3453 944 3535 ἐφ’)ἐγγετο,
986 3453 1057 3518 ὣς
1094 3451 1296 3515 πάντας
1331 3447 1560 3518 ἀκούειν,
1597 3447 1664 3506 τὰ
1711 3446 1762 3514 ἐξ
1809 3445 1989 3525 Αὔγης

415 3549 518 3617 ἔπη
551 3543 816 3605 Εὗὸοὗλου
837 3565 850 3578 ·

556 3677 677 3761 Τί,
708 3674 756 3741 ὦ
784 3677 1020 3766 πόνηρ’,
1054 3677 1316 3747 ἕστηκας
1344 3675 1403 3736 ἐν
1430 3671 1649 3745 πύλαις
1677 3670 1770 3734 ἔτι
1789 3719 1808 3751 ,

558 3784 703 3849 ἀλλ’
736 3785 800 3847 οὐ
831 3775 1131 3864 βαδίζεις;
1167 3783 1298 3853 τοῖς
1327 3770 1394 3840 δὲ
1425 3772 1712 3867 γενναίοις
1743 3773 1941 3838 πάλαι

561 3883 1005 3976 διεσπάρακται
1034 3879 1222 3975 θερμὰ
1252 3877 1554 3970 χηνίσκων
1584 3881 1736 3969 μέλη
1757 3927 1775 3960 ,

560 3981 978 4085 διερράχισται
1007 3982 1198 4078 σεμνὰ
1227 3979 1568 4073 δελφακίων
1593 3985 1735 4084 κρέα
1755 4033 1772 4066 ,

467 4098 505 4170 5
535 4089 944 4171 ’κατηλόηται
973 4091 1230 4186 γαστρὸς
1252 4094 1310 4156 ἐν
1343 4091 1503 4181 μέσῳ
1529 4095 1782 4171 κύκλος,

557 4202 990 4298 κατῃσίμωται
1018 4199 1226 4265 πάντα
1254 4197 1640 4288 τάκροκώλια
1663 4245 1682 4277 ,

558 4309 954 4402 νενωγάλιστ’
997 4307 1250 4396 εύσημος
1295 4304 1603 4380 ἀλλᾶντος
1634 4303 1812 4393 τόμος
1831 4354 1848 4386 ,

865 4490 1015 4546 NON
1057 4487 1539 4544 ARRIGENTES.

489 4577 616 4635 Noli
640 4576 882 4632 lactucas
909 4572 1200 4648 (quidem)
1231 4587 1503 4645 apponere
1525 4571 1691 4637 mihi,
1721 4587 1873 4639 uxor,

485 4667 542 4720 in
573 4678 760 4719 mensa
781 4704 794 4720 .
821 4671 918 4718 aut
939 4671 994 4718 te
1021 4661 1136 4732 ipsa
1161 4673 1358 4716 accusa
1383 4677 1397 4712 ε

487 4753 542 4807 in
572 4750 678 4807 hoc
701 4748 858 4828 enim·
877 4747 1026 4806 olere
1045 4790 1060 4816 ,
1088 4755 1154 4804 ut
1189 4747 1382 4820 ajunt,
1411 4745 1541 4803 olim

491 4843 676 4896 Venus
694 4839 942 4910 exposuit
959 4835 1284 4893 defunctum
1306 4833 1528 4892 Adonin
1547 4874 1563 4901 ,

409 4939 441 4985 5>
481 4935 544 4984 ut
569 4933 908 4981 mortuorum
936 4923 1009 4985 sit
1030 4921 1208 4980 cibuS.

1085 5013 1314 5068 AUGE.

520 5101 663 5172 Quid
683 5142 699 5166 .,
727 5101 915 5167 miser,
947 5105 1062 5155 stas
1079 5097 1264 5154 adhuc
1288 5094 1355 5153 ad
1383 5105 1590 5168 portam
1609 5138 1626 5163 ,

525 5203 706 5260 neque
727 5186 887 5242 abis?
913 5184 1164 5242 liberales
1185 5191 1369 5242 autem
1395 5183 1492 5240 viii
1517 5181 1730 5238 dudum

520 5275 886 5330 dilacerat-unt
909 5269 1086 5330 calida
1111 5271 1520 5328 anscrculorum
1542 5267 1786 5325 membra
1807 5309 1821 5335 ,

2222 878 2447 969 ἔπειγ’,
2478 878 2715 970 ἔπειγε,
2750 882 2837 971 μή
2861 880 3027 966 ποθ’,
3053 886 3133 959 ὡς
3148 884 3329 959 λύκος
3346 884 3572 971 χανὼν,

2224 981 2329 1049 καὶ
2355 977 2539 1051 τῶνδ’
2585 985 2876 1075 ἁμαρτὼν
2917 988 3158 1078 ὕστερον
3186 994 3359 1077 σύχν’
3399 984 3469 1053 ἃν
3499 981 3629 1077 δραί-

3506 1118 3628 1189 iuli·

2080 1215 2266 1274 Versu
2286 1235 2319 1272 α
2339 1217 2399 1273 in
2414 1217 2653 1293 vulgatis
2672 1216 2832 1273 libris
2846 1218 3055 1293 legitur
3072 1214 3323 1293 γενναίως
3338 1259 3356 1289 ,
3379 1232 3633 1295 corrupta

2082 1304 2314 1377 quidem
2340 1308 2613 1362 sententia
2646 1326 2658 1361 :
2693 1304 2968 1363 dicuntur
2998 1310 3148 1363 enim
3176 1308 3405 1363 honesti
3434 1310 3635 1381 aliquot

2082 1396 2262 1463 cives,
2298 1395 2565 1451 convivio
2588 1386 2809 1469 excepti
2838 1412 2873 1451 a
2895 1396 3020 1451 viro
3048 1396 3307 1471 quodam
3337 1398 3601 1471 opulento
3618 1438 3633 1461 ‚

2082 1480 2244 1554 cujus
2271 1482 2345 1539 ad
2368 1483 2517 1539 fores
2542 1482 2857 1541 adstantem
2889 1484 3086 1541 videns
3126 1503 3355 1559 coquus
3390 1488 3633 1539 miserum

2082 1571 2328 1644 aliquem
2356 1572 2663 1645 parasitum
2685 1614 2702 1641 ,
2725 1590 2844 1627 non
2865 1582 3061 1646 aptum
3082 1572 3155 1628 ad
3180 1573 3489 1629 dicendum
3514 1575 3633 1629 ridi-

2083 1661 2213 1717 cula
2234 1679 2303 1717 ex
2342 1658 2563 1730 officio,
2592 1662 2695 1734 qui
2712 1700 2729 1731 ,
2756 1679 2906 1735 sepe
2928 1660 3181 1717 ludibrio
3204 1662 3483 1719 habitusa
3510 1681 3633 1716 con-

2082 1750 2249 1819 νίνὶε,
2272 1746 2395 1820 jam
2438 1749 2709 1805 accedere
2756 1760 2987 1809 veretur
3030 1750 3359 1819 invocatus,
3396 1770 3521 1806 eum
3564 1752 3636 1805 his

2082 1836 2272 1899 verbis
2298 1836 2622 1917 compellat.
2652 1838 2903 1893 Primum
2926 1838 3101 1911 igitur
3115 1838 3529 1895 restituendum
3546 1840 3633 1893 suit

2081 1922 2361 2000 γενναίοις,
2384 1926 2611 1995 deinde,
2638 1944 2694 1984 ν.
2726 1932 2785 1995 4,
2814 1925 3189 1981 vividioribus
3218 1936 3277 1982 et
3302 1926 3442 1982 huic
3464 1928 3631 2001 generi

2082 2013 2641 2070 convenientioribus
2656 2014 2906 2071 numeris
2924 2010 3217 2092 δελφακίων
3236 2014 3379 2071 dedi
3404 2034 3507 2089 pro
3534 2014 3632 2069 δελ-

2084 2098 2283 2179 φάκων,
2309 2120 2413 2159 nec
2430 2102 2591 2157 brevi
2616 2102 2913 2157 intervallo
2936 2102 3241 2177 repetitum
3260 2100 3453 2178 σεμνὸς
3470 2104 3632 2160 scren-

2083 2190 2221 2246 dum
2248 2202 2432 2261 ratus,
2459 2209 2517 2248 v,
2554 2210 2611 2261 7,
2640 2185 2887 2264 εὔσημος.
2919 2191 3013 2248 Sic
3038 2201 3229 2247 autem
3258 2192 3439 2249 codd.
3472 2212 3485 2245 :
3520 2192 3632 2247 ἐνω-

2082 2278 2329 2356 γάλισται
2384 2278 2610 2355 (quod,
2664 2296 2994 2353 quanquam
3045 2281 3305 2355 agnitum
3362 2282 3438 2336 ab
3502 2284 3631 2339 Eust.

2082 2388 2143 2443 p.
2183 2388 2207 2423 1
2225 2368 2355 2437 163,
2383 2387 2454 2440 27
2478 2408 2495 2438 ,
2525 2378 2681 2423 recte
2727 2366 2983 2424 correxit
3006 2364 3208 2445 Mein.)
3240 2366 3433 2442 σεμνὸς
3454 2369 3565 2427 ἄλλ.
3588 2392 3629 2423 τ.

2083 2459 2149 2511 V.
2190 2474 2229 2529 9
2265 2474 2439 2529 quum
2486 2455 2621 2510 alias
2646 2464 2982 2531 usurpatum
3024 2456 3355 2511 inveniatur
3384 2454 3633 2532 ἐγκόπτειν

2090 2542 2176 2618 (v.
2207 2543 2499 2600 Scheideri
2536 2546 2677 2601 Lex.
2710 2543 2771 2599 h.
2806 2542 2901 2619 v.)
2925 2583 2942 2613 ,
2985 2543 3388 2618 obtemperavi
3418 2546 3627 2601 Valcke-

2084 2630 2245 2686 nario
2266 2630 2341 2686 ad
2363 2633 2628 2687 Ammon.
2660 2650 2723 2706 p.
2758 2650 2827 2687 αι
2842 2672 2861 2701 ,
2886 2632 3125 2687 mutanti
3150 2632 3445 2707 vulgatum
3464 2654 3633 2708 παρεκ·

2084 2713 2378 2788 κέκαπται,
2408 2720 2665 2793 quamvis
2686 2736 2793 2774 nec
2820 2720 2969 2774 male
2990 2720 3161 2774 etiam
3198 2718 3479 2775 ἐκκόπτειν
3504 2722 3633 2775 dice·

2080 2806 2264 2875 retur,
2286 2817 2353 2863 ut
2377 2806 2625 2865 ζκπίνειν.
2650 2808 2890 2881 Egregie
2916 2817 3105 2867 autem
3124 2808 3349 2882 Valck„
3376 2809 3632 2882 probante

2084 2894 2432 2970 Schweigh.,
2454 2891 2677 2968 σταμνί’
2696 2912 2809 2972 pro
2838 2895 3083 2968 insulso,
3102 2914 3209 2953 nec
3234 2895 3416 2954 dubie
3448 2895 3631 2972 depra-

2082 2994 2252 3055 vate,
2286 2983 2336 3039 τ’
2364 2981 2522 3062 ἀρνί,
2554 2994 2611 3040 et
2644 3003 2701 3042 v,
2756 3004 2826 3040 10
2874 2981 2923 3040 εἴ
2965 3005 3017 3041 τι
3060 3005 3171 3061 pro
3216 2981 3352 3042 ἐπεί.
3396 2987 3629 3059 Denique

2084 3089 2429 3128 concursum
2452 3071 3024 3129 homoeoteleutorum
3061 3073 3279 3148 fugiens
3326 3076 3506 3148 sprevi
3532 3093 3631 3146 prae

2083 3159 2521 3248 elegantioribus
2542 3161 2833 3236 vulgatum
2859 3157 3070 3237 συχνόν.
3104 3161 3370 3219 Feliciter
3396 3159 3626 3238 παρῳδῶν

2084 3235 2499 3324 tragoediamE.
2517 3266 2697 3322 quum
2722 3249 2833 3304 alia
2859 3248 3005 3305 dixit
3026 3248 3085 3308 h.
3106 3249 3145 3307 l.
3156 3260 3319 3322 ,tum
3346 3245 3511 3322 σεμνὰ
3532 3247 3629 3302 δελ-

2085 3333 2285 3416 φακίων
2316 3332 2477 3414 κρέα,
2508 3347 2585 3406 et,
2610 3337 2655 3391 si
2694 3336 3101 3407 divinavimus‚
3132 3337 3361 3411 εὔσημος
3406 3335 3629 3396 ἐλλαντσς

2082 3421 2259 3498 τόμος.
2289 3426 2482 3480 Versu.
2498 3425 2601 3480 ult.
2619 3423 2795 3480 codd.
2820 3425 3173 3498 antiquiores
3192 3423 3525 3501 δραχμῆςΝ.
3550 3442 3567 3476 ι
3582 3441 3624 3477 1.

2086 3536 2111 3560 ι
2130 3509 2448 3567 proverbio
2476 3506 2646 3576 Λύκος
2664 3507 2836 3586 χαίνει
2857 3510 2933 3566 de
2962 3529 3033 3566 eo
3048 3552 3065 3578 ‚
3106 3529 3281 3586 quem
3302 3529 3433 3586 spes
3465 3508 3621 3565 desti-

2087 3601 2227 3674 tuit,
2250 3618 2381 3656 usus
2402 3600 2573 3654 etiam
2600 3600 2878 3674 Euphron
2900 3601 3082 3656 Fratr.
3116 3617 3173 3674 ι,
3200 3599 3279 3656 30
3308 3615 3325 3656 ε

2164 3734 2245 3748 -
2271 3706 2361 3762 τοῦ
2380 3698 2483 3781 γὰρ
2508 3699 2583 3776 μὴ
2615 3702 2797 3780 χανεῖν
2828 3706 2843 3719 ”

2162 3789 2319 3848 λύκον
2356 3790 2597 3860 διακενῆς
2624 3787 2688 3848 σὺ
2728 3786 2885 3866 μόνος
2904 3786 3130 3868 εὕρηκας
3156 3789 3369 3868 τέχνην.

2085 3904 2303 3960 Omisso
2326 3901 2617 3976 scriptoris
2638 3903 2871 3957 nomine
2887 3901 3001 3957 hoe
3028 3899 3224 3958 drama
3254 3901 3447 3958 laudat
3464 3897 3617 3956 schol.

2084 3991 2248 4046 Rhesi
2280 3990 2391 4057 406
2444 4006 2459 4043 ε
2491 3985 2717 4062 ἄμυστιν
2736 4023 2741 4028 -
2762 3987 2811 4044 οἱ
2860 3985 2957 4062 μὲν
2984 3987 3237 4067 ποτηρίου
3274 3978 3436 4058 εἶδος,
3465 3988 3617 4054 imm·

2086 4075 2325 4146 δειότητα
2364 4073 2483 4154 ἔχον
2502 4073 2595 4141 τὰς
2618 4073 2814 4150 ἀμυστὶ
2836 4075 3041 4148 πόσεις,
3066 4079 3136 4143 ὣς
3164 4078 3217 4135 ἐν
3250 4074 3398 4153 Αὔγῃ

2183 4195 2290 4262 Σὺν
2318 4205 2409 4281 τῷ
2441 4192 2679 4280 βαθείας
2706 4193 2813 4262 καὶ
2838 4191 3067 4273 πυκνὰς

2034 4202 2044 4382 l
2182 4305 2423 4368 ἕλκουσι
2446 4298 2559 4378 τὰς
2590 4295 2957 4392 ἀμύστιδας.

2190 4481 2571 4538 dissecuerunt
2588 4479 2923 4541 venerabiles
2940 4481 3311 4552 porcellorum
3336 4493 3531 4537 carum,

2040 4565 2045 4631 ἱ
2120 4576 2155 4626 5
2193 4569 2568 4626 contriverunt
2589 4568 2790 4625 ventris
2812 4567 3055 4627 medium
3073 4567 3264 4624 orbem
3284 4610 3300 4636 ‚

2189 4655 2614 4728 absumpserunt
2638 4653 2806 4711 simul
2828 4670 3022 4715 omnes
3044 4655 3391 4720 tur-uncinos,

2194 4742 2333 4799 bene
2360 4742 2667 4800 ominatum
2692 4740 2995 4802 farciminis
3021 4740 3255 4800 (iustum
3272 4779 3293 4808 ,

2035 4865 2041 4912 1
2189 4830 2469 4902 loliginem
2492 4837 2723 4886 assatam
2742 4871 2759 4898 ,

2034 4921 2041 4962 ¹
2184 4917 2518 4987 interimque
2538 4915 2730 4972 hausta
2756 4931 2953 4974 novem
2972 4915 3057 4972 vel
3076 4913 3267 4972 decem
3287 4927 3405 4972 vasa
3422 4907 3589 4968 fictilia
3612 4921 3621 4957 :

2034 4995 2039 5030 ¹
2093 5009 2156 5060 10
2194 5019 2381 5076 quare,
2408 5003 2453 5057 si
2480 5003 2560 5056 vis
2588 5001 2929 5074 aliquantum
2956 5001 3199 5073 reliquiis
3224 5000 3387 5068 vesci,

2031 5031 2038 5161 1
2196 5089 2391 5146 festina
2410 5129 2425 5156 ‚
2450 5087 2682 5155 festina,
2710 5104 2785 5146 ne
2808 5088 2975 5155 forte,
3006 5095 3070 5145 ut
3092 5088 3259 5160 lupus
3280 5086 3457 5146 hians.

2030 5164 2037 5244 Ι
2194 5179 2355 5235 etiam
2380 5177 2467 5232 liis
2490 5175 2785 5234 frustratus
2808 5183 2929 5250 post
2952 5177 3193 5234 multum
3218 5187 3407 5232 curm.
