3809 5850
428 438 543 489 298

518 559 657 657 Εγὼ
690 556 817 629 οὐδ’
848 556 1270 645 ἃν,οὓπίνικος
1292 612 1310 642 ,
1342 561 1629 653 ὀργισθεὶς
1660 561 1769 641 ἔφη
1789 610 1807 641 ,

516 678 605 753 τῷ
656 667 921 758 στόματι
956 659 1159 757 δράσω
1187 663 1343 733 τοῦθ’
1380 669 1523 759 ὅπερ
1548 663 1601 759 γ’
1636 666 1690 730 οἱ
1722 659 1989 731 Λέσὲιοι.

418 792 489 851 ‘O
526 790 823 863 Ἐπίνικος,
853 797 890 853 i.
934 812 989 853 e.
1019 780 1064 849 ὦ
1090 790 1351 865 Ἐπίνικε,
1390 794 1550 867 quod
1589 812 1799 849 nomen
1840 792 1996 848 haud

415 882 739 956 infrequens
762 901 876 937 esse
896 883 975 937 ait
994 883 1167 938 Mein.
1187 882 1274 940 cf.
1292 884 1491 939 Matth.
1518 883 1614 939 Gr.
1644 880 1803 955 556,
1826 900 1992 949 ann„

421 980 477 1025 ct
504 969 576 1023 de
605 969 717 1026 hoc
748 989 853 1024 usu
890 968 1289 1045 nominativis
1318 970 1453 1071 3η,
1488 978 1598 1027 etc.
1634 970 1703 1026 V.
1740 987 1774 1024 2
1804 968 1987 1025 Dobr.

420 1052 548 1133 ὅπερ
577 1060 663 1133 χοί
686 1058 753 1115 Δ.

916 1152 1086 1213 XIII.
1132 1150 1487 1211 ΤΡΩΙΛΟΣ.

498 1278 677 1333 Recte
704 1278 879 1333 Mein.
906 1279 1054 1335 Hist.
1084 1278 1209 1333 crit.
1234 1276 1399 1337 Com.
1434 1294 1493 1350 p.
1526 1273 1641 1331 233
1671 1290 1686 1333 ε
1726 1298 1750 1325 ιο
1786 1271 1995 1330 Similis

420 1362 525 1439 (ae
567 1365 817 1439 Medeoe)
834 1408 847 1431 ,
894 1376 960 1420 ut
998 1366 1247 1436 videtur,
1297 1364 1719 1437 Myrmidonum
1728 1406 1743 1431 ,
1796 1363 1992 1418 Philo-

420 1464 586 1509 ctetoe
601 1493 617 1520 ,
662 1452 1111 1521 PhoenIssarum,
1170 1454 1341 1507 Troili
1392 1462 1450 1507 et
1500 1450 1807 1525 Chry‘sippe'
1820 1491 1838 1521 ,
1886 1450 1994 1507 suit

415 1539 581 1596 ratio.
614 1538 683 1595 In
710 1538 1022 1595 Pleoenisst's
1050 1540 1283 1614 quidem
1306 1550 1501 1615 aperte
1528 1540 1665 1595 lusit
1697 1538 1994 1614 Euripidis

418 1626 769 1697 sabulam3...
800 1646 909 1683 neo
944 1628 1017 1683 de
1053 1629 1251 1684 Troilo
1282 1626 1538 1685 dubitari
1566 1638 1787 1703 potest,
1819 1653 1844 1677 a·
1874 1636 1986 1687 ete.

1181 1758 1236 1798 1.

494 1850 687 1909 Schol.
719 1852 1013 1927 Aristoph.
1039 1853 1203 1928 Vesp.
1240 1851 1425 1923 1346,
1457 1853 1589 1910 loco
1616 1854 1675 1909 in
1696 1853 1994 1929 superiore

416 1936 622 2013 fragm.
644 1941 929 2017 exscripto
961 1961 975 1996 ι
1002 1940 1134 2019 Στρ.
1166 1942 1219 1999 ἐν
1244 1939 1473 2021 Τρωίλῳ

515 2048 569 2122 fi
606 2060 858 2147 μήποτ’,
894 2055 942 2123 ὦ
976 2065 1095 2124 παῖ’
1129 2058 1315 2136 Ζηνὸς
1336 2108 1356 2143 ,
1397 2061 1452 2135 ἐς
1479 2058 1661 2123 ταυτὶ
1693 2058 1917 2150 μόλῃς,

514 2162 675 2228 ἀλλὰ
704 2156 1011 2254 παραδοὺς
1038 2172 1161 2241 τοῖς
1196 2159 1471 2242 Λεσῧίοις
1506 2164 1740 2257 χαίρειν
1765 2166 1866 2232 fia!

416 2291 463 2343 L
466 2290 575 2345 ibri
596 2308 761 2345 versu
792 2310 813 2345 1
846 2292 899 2355 ἐς
918 2288 1081 2347 ταύτὸ
1105 2288 1289 2367 μόλῃς.
1318 2294 1533 2349 Vereor
1550 2302 1615 2347 ut
1632 2302 1785 2349 recte
1812 2292 1988 2349 Mein.

422 2364 497 2458 “11
542 2397 627 2449 μ.,
661 2364 707 2433 ὦ
730 2394 791 2434 π.
825 2378 917 2447 Ζ.,
968 2378 1021 2442 ἐς
1062 2376 1253 2435 ταύτὸν
1282 2400 1361 2453 μ.,
1396 2398 1645 2453 quorum
1695 2381 1769 2443 εἰς
1801 2378 1991 2436 ταύτὸν

422 2464 601 2533 μολεῖν
634 2464 952 2540 significare
972 2478 1141 2542 putat
1166 2465 1542 2542 συνουσιάζειν,
1574 2488 1751 2541 quum
1774 2469 1843 2523 sit
1864 2488 1994 2523 con·

421 2557 637 2623 seuit-e,
675 2560 1032 2629 congregari,
1086 2566 1151 2612 ut
1178 2552 1422 2632 ἔρχεσθαι
1454 2554 1507 2619 ἐς
1536 2553 1725 2613 ταύτὸν
1756 2559 1990 2631 Lysistr.

426 2641 597 2697 1160.

1177 2742 1235 2779 2.

495 2832 703 2889 Athen.
722 2830 781 2903 3,
816 2852 880 2907 p.
926 2833 1032 2905 76,
1073 2830 1173 2893 E.
1216 2830 1278 2890 τὸ
1310 2828 1518 2909 δένδρον
1562 2836 1596 2903 ἡ
1636 2832 1793 2912 ἀγρία
1822 2837 1992 2910 συκῆ,

420 2916 473 2987 ἐξ
496 2908 557 2990 ἧς
591 2916 660 2976 τὰ
687 2916 862 3000 ἐρινὰ,
898 2918 1109 3002 ἐρινὸς
1136 2918 1272 2980 κατὰ
1304 2919 1364 2980 τὸ
1378 2912 1553 3000 ἄρρεν
1594 2920 1823 3000 λεγεται.
1858 2924 1990 3004 Στρ.

418 3007 471 3065 Γ
474 3003 648 3086 ρωιλω

516 3159 611 3170 -—
650 3112 857 3212 Ἐρινὺν
889 3116 989 3186 οὖν
1026 3147 1121 3188 τιν
1182 3127 1365 3199 αὐτῆς
1391 3121 1653 3195 πλησίον

516 3224 794 3302 νενόηκας
822 3224 1011 3313 ὄντα,

427 3375 451 3398 «ι
480 3347 637 3404 Libri
650 3345 886 3428 Ἔρινον.
918 3350 1239 3426 Schweigh.
1266 3347 1472 3428 Ἐρινὸν
1486 3353 1801 3410 secundum
1820 3357 1996 3410 Arca·-

418 3437 579 3492 ἀίω-ιι
608 3440 693 3493 De
721 3449 941 3496 accent.
967 3458 1028 3514 p.
1056 3437 1156 3508 65,
1196 3439 1266 3495 18
1296 3439 1515 3517 (ἐρινεὸν
1538 3441 1679 3498 dicit
1700 3441 1997 3503 Homerus.

420 3524 638 3600 Botli.).
668 3525 1012 3602 Capriiicum
1036 3528 1355 3603 intelligere
1381 3530 1609 3586 videtur
1636 3550 1757 3587 eam
1781 3574 1797 3601 ,
1829 3532 1996 3606 cujus

418 3615 684 3685 frequens
707 3625 791 3670 est
812 3616 873 3669 in
890 3615 1063 3671 rebus
1090 3617 1311 3672 Troicis
1332 3621 1639 3676 memoria:
1662 3639 1720 3681 ν.
1743 3620 1910 3677 Iliad.
1936 3621 1992 3678 6.

421 3701 570 3770 433;
605 3721 697 3772 11,
736 3703 878 3774 1673
904 3722 1003 3774 21,
1031 3705 1135 3775 373
1165 3721 1264 3775 22,
1294 3705 1425 3772 145.
1452 3731 1474 3756 ι
1508 3707 1672 3765 ΕΜ.

836 3839 993 3900 XIV.
1039 3841 1573 3904 ΦΙΛΟΚΤΗΤΗΣ.

1182 3973 1205 4008 1
1218 3997 1232 4014 .

498 4061 705 4120 Athen.
742 4081 794 4134 7,
778 4081 881 4137 ,.p
926 4063 1060 4136 327,
1098 4067 1191 4121 Ε·
1226 4062 1544 4140 μνημονεύει
1574 4065 1631 4122 δὲ
1666 4069 1757 4124 τοῦ
1796 4066 1995 4148 φάγρου

417 4137 507 4204 και
530 4149 659 4227 Στρ.
689 4149 742 4206 ἐν
768 4149 1157 4230 Λημνομέδα..
1168 4151 1306 4211 atel
1318 4141 1387 4211 ἐν
1416 4154 1755 4234 Φιλοκτήτῃ·

1004 4322 1171 4378 PYTI
1179 4323 1311 4380 SUS
1334 4326 1419 4390 (ἓ).

420 4423 543 4492 Eyo
563 4437 933 4494 nequaquam,
958 4441 992 4478 ο
1013 4427 1280 4497 Epinice,
1306 4425 1484 4499 inquit
1504 4427 1702 4495 iratu8‚

416 4523 515 4564 ore
540 4507 859 4578 idsaciam,
887 4511 1039 4581 quod
1060 4511 1286 4583 quidem
1308 4513 1509 4571 Lesbii.

1032 4657 1375 4717 TROILUS.

416 4869 498 4926 Ne
521 4875 692 4936 certe,
719 4884 752 4925 o
774 4868 850 4924 mi
878 4871 1058 4940 Jovis,
1082 4871 1150 4928 ad
1175 4791 1279 4931 Ista
1302 4875 1556 4934 devenias
1572 4917 1588 4942 .

414 4954 513 5014 sed
537 4956 748 5013 Lesbiis
772 4959 1037 5030 permissa
1055 4961 1237 5020 valere
1254 4962 1404 5034 jube.

416 5193 485 5202 —-
512 5164 915 5234 caprificumne
936 5166 1101 5236 igitur
1122 5167 1397 5241 quandam
1422 5187 1587 5244 prope
1614 5172 1763 5230 illam

420 5247 844 5308 animadvertisti
860 5259 1093 5310 stantem
1110 5258 1133 5306 .³

1412 426 1820 487 COMOEDIAE
1862 424 2191 486 VETERIS
2233 424 2647 500 RELIQUIAE.

2187 568 2352 667 inr’
2389 581 2469 655 εἰς
2503 576 2722 672 ἀγορὰν
2751 580 3018 657 ἐλθόντες
3057 574 3263 673 ἁδροὺς

2185 682 2510 771 ὀψωνοῦσιν
2537 685 2832 778 μεγάλους
2858 712 2926 751 τε
2965 686 3238 779 φάγρους,

2182 789 2284 854 καὶ
2311 782 2614 877 κωπᾴδων
2647 793 2904 858 ἁπαλῶν
2944 794 3184 885 τεμάχη

2181 898 2804 987 στρογγυλοπλεύρων.

2083 1024 2145 1077 V.
2184 1020 2217 1078 3
2244 1022 2377 1077 libri
2406 1018 2711 1094 κωπαΐδων,
2745 1030 2776 1089 ί.
2805 1022 3202 1103 στρογγυλιπλ.,
3229 1026 3370 1085 illud
3395 1030 3634 1085 correxit

2085 1109 2290 1181 Dind..
2317 1112 2429 1169 hoc
2461 1111 2781 1188 Schweigh.

2161 1330 2364 1388 Pollux
2397 1352 2456 1404 7,
2495 1333 2603 1400 134
2633 1352 2650 1392 ε
2679 1330 2788 1391 ἀπὸ
2826 1332 2882 1391 δὲ
2926 1334 3032 1391 τῶν
3071 1333 3307 1414 κοπρίων
3351 1333 3500 1415 παρὰ
3543 1335 3636 1398 τοῖς

2081 1416 2343 1483 πλείστοις
2375 1420 2424 1477 οἱ
2445 1420 2717 1498 βολεῶνες.
2743 1422 2874 1499 Στρ.
2907 1420 2956 1478 δ’
2981 1422 3038 1479 ἕν
3059 1422 3192 1482 Φιλ.
3217 1421 3374 1502 φησιν

2179 1524 2337 1598 Οιδν
2375 1536 2391 1555 0
2611 1534 2632 1556 e
2703 1536 2734 1600 θ
2929 1535 2945 1559 ι
3025 1537 3044 1557 s
3087 1530 3128 1601 6
3157 1531 3236 1602 ελ
3342 1540 3362 1561 κ

2245 1560 2276 1599 U
2367 1559 2425 1599 ὅν
2453 1559 2672 1627 κοπρῑᾳ
2735 1560 2990 1627 ησαυρον
3019 1560 3086 1601 ἐκ
3129 1561 3154 1601 Ε
3239 1564 3479 1628 ημενῦν.

2081 1660 2274 1735 Vulgo
2303 1657 2451 1716 οὐδὲν
2484 1658 2719 1739 κόπριον.
2763 1662 2926 1719 Libri
2961 1658 3104 1719 οὐδὲν
3151 1662 3347 1743 κοπρία
3383 1672 3442 1723 et
3467 1664 3570 1722 οὐδ’
3593 1666 3636 1722 ἐν

2082 1745 2298 1827 κοπρίᾳ.
2327 1749 2594 1805 Kuhnius
2623 1748 2730 1805 οὐδ’
2750 1748 2806 1805 ἐν
2827 1746 3052 1828 καπρίῳ.

2566 1910 2698 1971 XV.
2743 1912 3164 1973 ΦΟΙΝῙΣΣΑΙ.

2177 2168 2383 2225 Athen.
2427 2176 2458 2235 ί.
2484 2209 2501 2236 ,
2526 2186 2586 2241 p.
2627 2167 2771 2238 160,
2795 2169 2840 2224 B
2878 2188 2890 2223 ι
2925 2164 3062 2225 κατὰ
3087 2165 3183 2238 τὴν
3226 2167 3542 2248 Στράττιδος
3565 2172 3645 2227 τοῦ

2087 2255 2486 2333 κωμῳδιοποιοῦ
2515 2252 2816 2329 Ἰοκάστην,
2845 2252 2961 2325 ἥτις
2989 2255 3044 2313 ἐν
3071 2262 3186 2322 ταῖς
3219 2255 3644 2337 ἐπιγραφομέναις

2083 2343 2392 2407 Φοινίσσαις
2413 2340 2542 2423 φησὶ

2179 2458 2537 2550 Παραινέσαι
2563 2448 2632 2522 δὲ
2665 2466 2828 2547 σφῷν
2860 2482 2924 2523 τι
2965 2459 3261 2551 βούλομαι
3295 2462 3500 2553 σοφόν·

2121 2608 2135 2629 ,
2181 2566 2325 2629 ὅταν
2365 2572 2556 2655 φακῆν
2579 2558 2800 2651 ἕψητε,
2831 2568 2914 2654 μὴ
2958 2568 3182 2658 ’πιχεῖν
3217 2566 3424 2659 μύρον.

2083 2690 2301 2766 Φακῆν,
2319 2708 2432 2747 vox
2449 2691 2796 2767 gravissima,
2813 2709 2886 2747 ne
2907 2692 3081 2749 lateat
3097 2693 3159 2749 in
3173 2694 3650 2765 thama-ibamus

2183 2806 2378 2889 φακῆν
2411 2798 2558 2865 ὅταν
2579 2802 2639 2890 γ’
2668 2794 2874 2885 ἕψητε,
2901 2802 2984 2888 μὴ
3021 2804 3252 2890 ’πιχεῖν
3279 2802 3491 2891 μύρον.

2085 2924 2354 2984 Similiter
2375 2924 2532 3001 apud
2552 2927 2914 2983 Aristotelem
2941 2929 3028 2984 De
3049 2945 3292 3004 sensup.
3315 2929 3433 2997 443
3459 2931 3646 2998 Bekk„
3724 2963 3726 2966 -

2081 3015 2184 3070 ubi
2223 3015 2442 3090 reliqua
2473 3015 2554 3070 sic
2583 3014 2887 3090 legendum
2918 3026 3108 3090 puto:
3137 3015 3326 3087 ἀληθὲς
3360 3015 3492 3096 γὰρ,
3529 3017 3644 3094 ὅπερ

2086 3099 2378 3180 Εὐριπίδην
2437 3099 2694 3160 σκώπτων
2744 3091 2860 3160 εἶπε
2919 3103 3076 3180 Στρ.,
3131 3131 3154 3154 α
3217 3102 3374 3162 ὅταν
3431 3109 3647 3186 φακῆν

2083 3185 2314 3266 ἕψητε,
2351 3187 2439 3266 μὴ
2479 3189 2760 3268 ἐπιχεῖν
2806 3188 3094 3272 μύρον.»
3069 3191 3172 3249 »οἱ
3195 3191 3251 3249 δὲ
3279 3197 3370 3250 νῦν
3391 3193 3648 3272 μιγνύντες

2083 3277 2154 3342 εἰς
2171 3275 2239 3334 τὰ
2257 3277 2472 3354 πόματα
2493 3277 2738 3344 τοιαύτας
2765 3278 3010 3355 δυνάμεις
3033 3279 3300 3358 βιάζονται
3325 3283 3396 3360 τῇ
3423 3277 3652 3352 cuv-notia

2085 3364 2554 3444 (conjunctione)
2584 3364 2682 3437 τὴν
2715 3365 2985 3440 ἡδονὴν,“
2956 3389 3027 3433 ως
3056 3365 3118 3426 ἂν
3159 3369 3218 3426 ἐκ
3259 3365 3338 3426 δύ’
3361 3369 3649 3440 nico-neem

2084 3453 2299 3532 γένηται
2325 3453 2384 3512 τὸ
2403 3451 2571 3525 ἡδέως
2592 3451 2674 3532 ὂν,
2698 3453 2788 3512 καὶ
2815 3455 2910 3513 οὔκ
2939 3454 3043 3512 ἀπὸ
3067 3463 3210 3532 μιᾶς.
3235 3459 3402 3515 Libri
3427 3457 3524 3528 τὴν
3553 3459 3654 3530 452,

2083 3539 2181 3608 ἕως
2210 3540 2274 3598 ἂν
2309 3543 2368 3598 ἐκ
2399 3539 2482 3598 δύ’
2507 3542 2647 3603 «teo.
2695 3563 2748 3618 γ.
2793 3541 2854 3598 τὸ
2882 3537 2980 3612 ἡδὺ
3019 3544 3089 3608 ὡς
3135 3541 3188 3600 ἓν
3233 3543 3325 3602 καὶ
3365 3543 3483 3603 ἀπὸ
3521 3552 3650 3621 μιᾶς.

2092 3653 2114 3684 ι
2139 3633 2359 3688 Notum
2387 3641 2474 3688 est
2501 3633 2875 3706 proverbium
2901 3629 3075 3690 Τοῦπὶ
3103 3633 3170 3713 τῇ
3203 3635 3348 3710 φακῇ
3395 3633 3568 3714 μύρον
3593 3635 3650 3690 de

2083 3719 2255 3775 rebus
2281 3719 2449 3775 bonis
2486 3721 2548 3774 in
2575 3737 2638 3776 re
2677 3719 2780 3775 vili
2819 3721 3201 3795 consumptis:
3247 3741 3307 3780 v.
3353 3721 3653 3798 Sopatrum

2085 3808 2339 3864 Athenaei
2361 3806 2401 3862 l.
2423 3808 2466 3866 1.
2494 3826 2508 3862 ε
2537 3804 2740 3871 Ἰθακὸς
2763 3803 3048 3872 Ὀδυσσεὺς
3066 3805 3219 3864 τούπὶ
3241 3809 3307 3885 τῇ
3329 3813 3486 3889 φακῇ
3507 3808 3654 3886 μύρον

2086 3893 2328 3974 πάρεστι.
2363 3893 2454 3955 Cf.
2487 3894 2607 3956 Cic.
2643 3895 2734 3952 Ad
2762 3899 2882 3954 Att.
2915 3915 2969 3968 1,
3000 3915 3093 3972 ι9,
3113 3907 3172 3954 et
3195 3897 3437 3957 Geum.
3469 3903 3534 3956 A.
3571 3899 3651 3970 13,

2089 4001 2184 4054 27.
2217 3987 2444 4040 Veteres
2477 3994 2763 4058 unguenta
2795 3984 2939 4040 cibis
2975 3984 3312 4042 condiendis
3339 3987 3654 4042 adhibuisse

2085 4073 2322 4142 scimus;
2347 4091 2454 4131 nec
2475 4083 2663 4129 tamen
2685 4073 2748 4129 id
2765 4073 2840 4130 ad
2859 4075 3114 4130 omnium
3137 4076 3389 4150 palatum
3417 4089 3544 4133 erat
3569 4097 3584 4131 :
3605 4095 3652 4131 ν.

2090 4159 2244 4218 Plut.
2273 4162 2390 4216 Vit.
2428 4161 2657 4218 Caesaris
2675 4179 2800 4237 cap.
2837 4181 2930 4234 ¹7·
2965 4186 2991 4213 ι
3027 4165 3119 4220 Μ.
3161 4164 3458 4239 Euripidis
3484 4166 3652 4230 locus,

2609 4331 3121 4388 PHILOCTETFS.

2086 4501 2296 4562 Deinde
2327 4506 2386 4561 in
2413 4503 2594 4562 forum
2627 4422 3096 4580 profectiliregetos

2085 4600 2356 4664 opsonant
2387 4607 2724 4665 magnosque
2746 4595 2983 4667 phagros
3001 4636 3018 4662 ,

2083 4687 2139 4736 et
2161 4681 2519 4751 Copaicarum
2543 4682 2976 4761 (anguillarum)
2999 4682 3250 4741 rotundis
3273 4681 3544 4742 lateribus

2087 4772 2270 4822 tenera
2299 4768 2648 4824 salsamenta.
2843 4845 2876 4895 2

2083 4924 2270 4995 Neque
2297 4923 2353 4978 in
2385 4931 2628 4982 stercora
2653 4925 2887 4997 eiectum
2912 4927 3250 4986 thesaurum.

2649 5014 3079 5074 PHOENISSAE.

2085 5183 2370 5257 Sapienter
2387 5180 2682 5246 admonere
2705 5205 2800 5247 vos
2829 5109 3034 5264 aliquid
3051 5192 3173 5250 volo
3203 5214 3216 5247 ε

2083 5287 2152 5328 ne
2178 5275 2438 5334 misceant
2467 5287 2743 5349 unguenta
2767 5319 2778 5344 ,
2811 5281 2904 5352 qui
2928 5279 3130 5339 lentem
3149 5291 3416 5354 coquunt.
3443 5285 3628 5343 Gaul.
