3809 5850
417 528 438 577 1
457 526 527 579 80

506 646 709 742 Πότερ’
737 646 808 721 ἦν
850 650 920 715 τὸ
958 650 1197 743 τάριχος
1233 652 1558 745 Φρύγιον-’ἠ
1595 646 1975 747 Γαδειρικόν,

409 802 431 825 «¹
464 779 806 835 Salsamenta
833 775 1081 853 Phrygia
1109 790 1166 835 et
1192 780 1470 837 Gaditana
1497 782 1794 859 conjungit
1807 782 1978 840 etiam

407 867 608 921 Pollux
647 865 706 936 6,
734 864 839 936 483
867 864 940 922 de
963 866 1255 923 Gaditanis
1277 880 1486 941 praeter
1516 870 1894 945 Antiphanem
1926 882 1979 927 et

405 954 788 1010 Nicostratum
818 956 1020 1013 Athen.
1063 954 1120 1028 3,
1153 977 1212 1031 p.
1248 959 1379 1024 118,
1410 962 1492 1029 D,
1525 978 1579 1017 v.
1611 962 1977 1035 Hippocratis

404 1043 566 1097 locos
615 1042 769 1116 apud·
809 1044 1070 1099 Foesium
1103 1046 1321 1100 OEcon.
1371 1049 1648 1122 Hippocr.
1683 1067 1738 1121 p.
1771 1048 1907 1107 612.
1945 1073 1969 1100 n

405 1131 456 1183 E
475 1131 566 1185 M.

1142 1270 1232 1331 al..

483 1397 643 1454 Idem
663 1416 720 1455 v.
743 1395 1020 1457 Θεσσαλία
1037 1440 1054 1469 ,
1075 1416 1136 1474 p.
1161 1398 1271 1475 394
1299 1419 1312 1455 ε
1339 1397 1548 1475 λέγεται
1571 1396 1625 1456 δὲ
1647 1398 1973 1473 Θετταλίζω,

402 1492 473 1557 ὥς
495 1490 730 1571 Δωρίζω.
751 1490 838 1573 ἀφ’
859 1482 919 1551 οἶ
933 1491 993 1551 τὸ
1017 1492 1123 1553 Ἐν
1139 1496 1456 1552 τεθετταλ
1473 1495 1622 1571 ίσμε
1637 1501 1665 1553 Θ
1681 1520 1716 1554 α
1738 1496 1884 1577 παρὰ
1898 1502 1975 1578 τῷ

405 1579 586 1637 Ε-δι
606 1580 660 1637 ἐν
687 1582 793 1652 Μ.,
815 1578 1052 1639 τουτέστι
1071 1580 1324 1659 χλαμύδα
1338 1580 1670 1654 Θετταλικὴν
1695 1590 1972 1665 φοροῢμιν,

406 1664 440 1736 ἢ
466 1666 794 1728 Θετταλικὸν
828 1667 1040 1748 πτερόν.
1073 1672 1276 1727 Pollux
1310 1692 1366 1743 7,
1413 1672 1485 1738 46
1515 1692 1530 1727 ι
1559 1672 1649 1731 καὶ
1677 1675 1702 1731 ἰ
1716 1696 1744 1730 ν
1757 1696 1822 1731 τε
1837 1679 1866 1733 θ
1880 1696 1902 1733 ε
1916 1698 1974 1733 τ-

403 1775 436 1811 τ
451 1754 555 1813 αλί
569 1777 603 1813 σ
619 1778 692 1831 με
709 1759 737 1815 Θ
754 1778 789 1813 α
817 1754 996 1832 ἔλεγον
1027 1755 1088 1815 τὸ
1109 1757 1632 1836 χλαμυδοφοροῧμεν.

1146 1896 1242 1957 25.

479 2038 682 2096 Suidas
699 2026 728 2109 ,‘
749 2037 798 2098 'A
815 2060 940 2117 μφο
955 2061 983 2117 ρ
1000 2061 1023 2095 ε
1039 2062 1072 2096 α
1085 2036 1284 2119 φόρου
1301 2064 1324 2107 ς
1366 2060 1380 2099 :
1426 2038 1543 2107 τοὺς
1589 2022 1820 2117 μισόίους
1855 2041 1973 2109 τοὺς

401 2122 467 2183 τὰ
495 2124 724 2206 κεράμια
747 2126 1088 2207 φέροντας....
1113 2128 1185 2187 Ε.
1215 2129 1293 2187 Μ.

499 2244 899 2335 Περιῆλθομεν
935 2241 1037 2308 καὶ
1069 2248 1254 2333 φῦλον
1287 2242 1775 2337 άμφορεαφόρων.

399 2369 562 2425 Libri
607 2372 672 2426 E.
713 2371 936 2447 Μαρικᾷ
969 2369 1060 2426 καὶ
1091 2370 1226 2448 Περ.
1275 2371 1378 2427 uhi
1406 2369 1496 2428 καὶ
1539 2373 1736 2429 inutile
1771 2384 1971 2429 natum

401 2457 572 2515 suerit
607 2476 640 2513 e
667 2459 989 2537 vicino-ad.
1023 2461 1167 2515 Tum
1193 2458 1370 2515 iidem
1408 2457 1554 2536 φίλον
1581 2460 1663 2538 (Α
1703 2462 1836 2517 cod.
1867 2459 1971 2539 φό-

400 2544 518 2621 λον)
542 2541 780 2624 ἃμφορέα
804 2542 995 2624 φέρων.
1027 2547 1287 2603 Correxit
1309 2548 1480 2606 Piers.
1506 2546 1576 2603 ad
1597 2549 1762 2607 Moer.
1785 2570 1844 2624 p.
1870 2550 1969 2607 62.

399 2633 662 2690 Ceterum
683 2633 763 2691 cf.
790 2635 996 2689 Incert.
1029 2632 1087 2702 5,
1115 2634 1171 2691 6.

845 2814 1010 2872 xm.
1061 2813 1517 2873 ΝΟΥΜΗΝΙΑΙ.

479 2977 888 3048 Argumentum
910 2971 1200 3046 Aristoph.
1219 2969 1698 3028 Acharnensium:
1723 2969 1971 3050 ἐδιδάχθη

398 3059 481 3118 ἐπ’
513 3057 827 3135 Εὐθυδήμου
865 3055 1113 3135 ἄρχοντος
1149 3058 1201 3114 ἐν
1229 3055 1480 3127 Ληναίοις
1515 3055 1602 3114 διὰ
1635 3059 1969 3139 Καλλιστρά-

397 3171 520 3221 του,
546 3146 638 3206 καὶ
658 3149 861 3226 πρῶτος
881 3137 966 3217 ἦν.
999 3144 1234 3225 δεύτερος
1259 3143 1518 3224 Κρατῖνος
1543 3145 1968 3224 Χειμαζομὲνοις.

393 3236 454 3295 οὗ
478 3233 722 3304 σώζεται.
745 3232 913 3315 τρίτος
939 3236 1009 3294 Ε.
1044 3230 1391 3310 Νουμηνίαις.
1424 3259 1448 3285 α
1479 3237 1545 3290 In
1567 3235 1656 3290 his
1679 3237 1970 3311 Elmslejus

393 3331 565 3386 Auct.
599 3327 673 3384 ad
708 3326 956 3384 Acharn.
998 3345 1057 3400 p.
1106 3323 1214 3380 113
1248 3323 1428 3381 verba
1473 3324 1531 3380 οὗ
1572 3321 1796 3391 σώζεται
1836 3337 1966 3401 post

392 3415 566 3491 Νουμ.
597 3413 1017 3492 transponenda
1033 3431 1149 3471 esse
1167 3412 1488 3490 suspicatur
1500 3454 1517 3484 ,
1541 3423 1606 3469 ut
1627 3431 1814 3490 neque
1833 3416 1965 3472 Cra·

391 3505 496 3562 tini
543 3524 732 3580 neque
759 3503 1062 3580 Eupolidis
1098 3501 1294 3560 drama
1331 3521 1620 3578 superesse
1659 3503 1961 3562 indicetur.

389 3595 610 3651 Titulus
635 3595 814 3668 Νουμ.
849 3593 1079 3650 videtur
1098 3603 1355 3666 spectare
1385 3590 1458 3648 ad
1479 3611 1640 3649 sacra
1662 3593 1962 3662 novilunii,

392 3681 461 3740 de
486 3683 692 3758 quibus
714 3679 1072 3761 Porphyrius
1108 3682 1194 3735 De
1223 3680 1427 3736 abstin.
1464 3699 1518 3751 α,
1543 3699 1605 3756 p.
1647 3699 1757 3754 129
1783 3698 1798 3738 :
1828 3677 1969 3736 θύειν

392 3773 445 3829 ἐν
481 3770 588 3836 τοῖς
619 3767 944 3850 προσήκουσι
983 3764 1186 3846 χρόνοις
1231 3765 1368 3825 κατὰ
1407 3769 1548 3843 μῆνα
1595 3764 1813 3826 ἕκαστον
1853 3768 1967 3834 ταῖς

391 3855 696 3934 νουμηνίαις
742 3857 1096 3937 στεφανοῦνται
1133 3851 1224 3911 καὶ
1259 3852 1602 3934 φαιδρῦνοντα
1631 3851 1717 3912 τὸν
1752 3853 1963 3934 Ἑρμῆν

391 3943 482 4003 καὶ
512 3943 606 4015 τὴν
637 3942 873 4014 Ἑκάτην
902 3941 994 4000 καὶ
1032 3939 1100 3999 τὰ
1135 3941 1298 3998 λοιπὰ
1326 3945 1430 4000 τῶν
1457 3943 1633 4021 ἱερῶν,
1676 3939 1710 3998 ἃ
1740 3940 1802 4014 δὴ
1844 3942 1966 4012 τοὺς

389 4030 673 4113 προγόνους
703 4031 1030 4103 καταλιπεῖν,
1073 4028 1163 4087 καὶ
1186 4035 1346 4105 τιμᾶν
1377 4027 1686 4096 λιὸανωτοῒς
1717 4029 1806 4090 καὶ
1832 4031 1963 4103 ψαι-

391 4128 530 4188 στοῖς
551 4119 642 4178 καὶ
660 4117 934 4184 ποπάνοις.
955 4119 1040 4180 Cf.
1055 4119 1461 4196 Theopompus
1479 4119 1716 4177 Bekker.
1738 4121 1958 4181 Anecd.

390 4229 451 4285 p.
480 4207 619 4280 328,
649 4219 821 4284 29,et
839 4207 1123 4283 Aristoph.
1147 4211 1312 4283 Vesp.
1338 4207 1414 4282 96
1437 4227 1563 4263 cum
1583 4209 1831 4267 scholiis,
1851 4212 1960 4266 Fa-

389 4301 656 4356 bulamm
693 4319 724 4354 a
769 4316 1064 4356 sacrorum
1101 4297 1429 4353 solennibus
1469 4298 1961 4355 denominatarum

1405 520 1818 582 COMOEDIAE
1857 515 2183 583 VETERIS
2224 522 2641 597 RELlQmAE.

2588 653 2745 714 xlv.
2784 654 3091 718 ΠΟΛΕΙΣ.

2147 806 2172 834 α
2203 784 2455 841 Chorum
2472 784 2639 858 hujus
2659 786 2861 843 fabulae
2875 827 2893 858 ‚
2914 788 3063 844 sicut
3084 789 3399 846 Insulamm
3423 792 3643 847 Aristo·

2066 872 2286 946 phanis,
2306 892 2375 929 ex
2396 873 2682 931 foederatis
2701 874 3124 933 Atheniensium
3153 878 3482 933 civitatibus
3504 899 3643 935 con·

2066 959 2294 1030 stitisse,
2320 962 2627 1017 ostendunt
2652 962 2987 1037 fragmenta.
3016 966 3122 1021 Eas
3142 978 3259 1021 non
3276 984 3381 1041 per
3400 962 3643 1043 στοίχους

2066 1061 2123 1103 et
2150 1045 2281 1125 ζυγὰ
2306 1050 2605 1125 dispositas
2624 1092 2641 1120 ,
2678 1050 2779 1107 sed
2812 1053 2983 1108 aliam
3004 1065 3135 1128 post
3156 1055 3327 1112 aliam
3345 1097 3363 1129 ,
3402 1074 3643 1130 eompa-

2064 1137 2260 1205 ruisse,
2289 1148 2350 1192 ut
2378 1138 2438 1193 in
2461 1138 2675 1195 Avibus
2692 1180 2708 1209 ,
2737 1140 3055 1216 probabilis
3078 1152 3161 1196 est
3180 1141 3379 1216 opinio
3406 1142 3644 1198 Dobraei

2066 1224 2139 1280 ad
2169 1222 2324 1281 Pluti
2355 1244 2580 1283 versum
2620 1226 2761 1301 718,
2790 1238 2848 1283 et
2880 1227 3078 1284 Meieri
3101 1228 3187 1285 De
3214 1229 3441 1287 Andoc.
3470 1232 3640 1289 Orat.

2066 1331 2115 1369 c.
2140 1314 2324 1373 Alcib.
2362 1312 2421 1383 5,
2464 1314 2527 1385 3;
2562 1314 2841 1391 facileque
2870 1317 3177 1388 existimes,
3206 1319 3319 1373 suis
3346 1336 3644 1393 quamque

2066 1410 2327 1457 ornatam
2356 1404 2672 1477 insignibus
2710 1402 2794 1478 (v.
2827 1404 2901 1463 fr.
2934 1422 2982 1474 1,
3009 1410 3061 1475 4,
3094 1402 3159 1482 5)
3200 1407 3257 1461 in
3288 1406 3641 1463 orchestram

2063 1490 2357 1563 prodiisse.
2400 1492 2651 1567 Cognata
2698 1490 2916 1550 Πόλεων
2958 1505 3014 1549 et
3060 1490 3260 1569 Δήμων
3306 1508 3646 1571 argumenta

2063 1588 2243 1649 recte,
2266 1589 2331 1633 ut
2365 1578 2615 1652 videtur,
2639 1582 2880 1655 Raspins
2910 1581 3229 1641 Comment.
3258 1582 3325 1639 de
3348 1586 3495 1658 l'mp.
3532 1588 3645 1641 De*

2063 1668 2168 1721 mis
2198 1678 2256 1723 et
2277 1668 2627 1738 Civitatibus,
2652 1688 2713 1743 p.
2738 1669 2835 1739 83,
2871 1666 2951 1725 ita
2973 1670 3288 1745 distinguit,
3315 1682 3380 1727 ut
3407 1682 3643 1743 statuat,

2061 1755 2121 1809 in
2149 1751 2348 1829 Δήμοις
2382 1753 2631 1831 Eupolin
2648 1764 2913 1812 tractasse
2944 1772 3037 1812 res
3072 1774 3193 1827 eas,
3233 1776 3357 1831 quae
3380 1761 3640 1831 pertine-

2060 1852 2190 1897 rent
2221 1842 2296 1897 ad
2327 1844 2473 1917 reip.
2522 1842 2878 1919 disciplinam
2917 1843 3317 1914 domesticam,
3354 1848 3417 1899 in
3452 1844 3639 1903 Πόλε-

2064 1950 2144 1985 σιν
2171 1941 2360 1986 autem
2382 1932 2741 1986 exhortatum
2758 1946 2872 1987 esse
2891 1930 3259 1987 Athenienses
3278 1972 3295 2001 ,
3320 1952 3393 1988 ne
3416 1932 3641 1989 diutius

2062 2020 2122 2073 in
2144 2020 2330 2074 socios
2354 2037 2522 2074 avare
2542 2019 2959 2092 crudeliterque
2980 2019 3357 2075 consulerent.
3386 2020 3549 2078 Idem
3568 2042 3641 2079 ex

2063 2109 2316 2181 Amyniae
2340 2108 2623 2182 legatione
2650 2118 3091 2163 commemorata
3128 2109 3187 2162 in
3212 2119 3463 2183 utroque
3498 2110 3643 2166 dra-

2058 2207 2208 2252 mate
2238 2215 2355 2251 non
2378 2198 2525 2252 male
2554 2195 2807 2271 colligit,
2838 2194 3029 2260 Πόλεις
3057 2194 3257 2251 eodem
3278 2196 3459 2253 ferme
3482 2209 3641 2254 tem-

2062 2300 2238 2357 pore,
2274 2303 2394 2358 ·quo
2418 2286 2656 2357 vespas,
2684 2284 3005 2339 commissas
3040 2302 3179 2353 esse,
3214 2284 3278 2340 h.
3313 2302 3369 2342 e.
3414 2286 3641 2362 olymp.

2062 2370 2161 2447 89,
2190 2391 2249 2449 a,
2277 2382 2407 2429 ante
2436 2373 2680 2429 Siculam
2716 2372 3155 2447 expeditionem.
3190 2396 3212 2423 υ
3255 2374 3309 2428 B
3334 2374 3423 2429 M.

2822 2504 2871 2540 1.

2140 2600 2332 2657 Schol.
2364 2600 2657 2689 Ari-{toph-
2686 2598 2835 2655 Pluti
2858 2599 2971 2670 718
3000 2616 3015 2654 t
3048 2600 3082 2667 ἡ
3106 2598 3278 2667 Τῆνος
3296 2596 3344 2654 δ’
3376 2596 3515 2669 αὕτη
3544 2604 3641 2669 οη·

2064 2684 2250 2765 ριώδης
2280 2686 2421 2745 δοκεῖ
2454 2690 2609 2746 εἶναι.
2642 2687 2790 2757 δηλοῖ
2818 2685 2909 2744 καὶ
2938 2684 3006 2745 Ε.
3041 2684 3281 2745 Πόλεσιν·

2161 2840 2242 2854 -
2272 2802 2465 2879 Τῆνος
2499 2806 2649 2875 αὕτη
2672 2852 2691 2883 ,

2158 2908 2419 2988 πολλοὺς
2458 2910 2677 3002 ἔχουσα
2714 2909 3053 3000 σκορπίους.

2059 3057 2216 3112 Libri
2257 3075 2421 3112 versu
2458 3074 2479 3109 1
2515 3056 2666 3122 τῆνος
2704 3051 2750 3110 δ’
2816 3051 2971 3124 αὕτη.
3028 3052 3289 3112 Correxit
3326 3054 3516 3108 Dobr.
3562 3053 3639 3108 ad

2061 3147 2209 3203 plut.
2246 3147 2284 3200 l.
2320 3165 2401 3216 c.‚
2432 3161 2737 3218 perperam
2762 3143 2859 3199 ille
2909 3139 3183 3220 σκορπίους
3228 3143 3645 3216 interpretatus

2059 3247 2355 3309 serpentes·

2816 3357 2867 3393 2.

2135 3453 2325 3511 Schol.
2359 3458 2458 3512 Ar.
2498 3455 2701 3509 Avium
2730 3452 2840 3510 881
2890 3471 2905 3512 ε
2938 3451 3079 3530 λέγει
3106 3449 3161 3509 δὲ
3204 3449 3327 3528 περὶ
3356 3453 3453 3522 τῆς
3492 3451 3635 3513 Χίου

2056 3537 2145 3599 καὶ
2174 3543 2241 3601 Ε.
2274 3541 2325 3597 ἐν
2360 3541 2435 3599 Π.
3752 3547 3754 3565 ³

2154 3695 2249 3708 --
2293 3661 2457 3730 Αὕτη
2490 3657 2673 3738 Χίος,
2702 3660 2855 3730 καλὴ
2886 3657 3067 3734 πόλις
3110 3653 3433 3748 (πολιτῶν
3454 3652 3503 3740 )·

2154 3765 2386 3855 πέμπει
2438 3761 2551 3856 γὰρ
2589 3768 2733 3853 ἡμῖν
2780 3772 2919 3838 ναῦς
2967 3760 3230 3854 μακρὰς,
3280 3755 3507 3854 ἄνδρας
3556 3761 3641 3844 6’,

3210 3871 3355 3934 ὅταν
3396 3862 3596 3958 δεήσῃ
3622 3919 3643 3948 ,
3744 3875 3746 3880 '

2150 3975 2256 4040 καὶ
2274 3971 2477 4040 τᾶλλα
2504 3973 2817 4066 πειθαρχεῖ
2834 3979 3035 4048 καλῶς
3052 4023 3068 4051 ,
3090 3969 3403 4048 ἄπληκτος
3432 3976 3645 4064 ὥσπερ
3740 4035 3742 4038 ⁴

3420 4081 3644 4156 ἵππος.
3738 4137 3740 4144 .

2056 4211 2267 4270 Versus
2322 4232 2375 4282 1,
2405 4222 2782 4286 praeterquam
2827 4209 2989 4284 quod
3030 4210 3196 4266 initio
3224 4219 3418 4278 earet,
3460 4211 3647 4264 etiam

2054 4296 2287 4376 μείουρος
2311 4310 2409 4369 est,
2432 4299 2532 4354 sed
2556 4297 2865 4372 explendus
2884 4340 2902 4369 ,
2935 4299 3147 4371 opinor
3170 4339 3187 4366 ,
3214 4297 3453 4352 nomine
3476 4297 3643 4353 πολι-

2049 4389 2180 4459 τῶν,
2204 4388 2363 4464 quod
2386 4387 2549 4444 facile
2566 4390 2885 4463 neglectum
2909 4386 3114 4462 fuerit,
3134 4387 3453 4460 praesertim
3474 4405 3643 4441 com-

2048 4478 2258 4552 pendio
2309 4479 2615 4552 scriptum,
2656 4487 2786 4550 post
2829 4473 2981 4540 πόλις
3000 4520 3017 4546 ,
3067 4473 3417 4548 adjuvatque
3448 4475 3639 4548 ipsam

2048 4568 2413 4639 sententiam,
2440 4585 2513 4622 ne
2540 4561 2678 4634 καλὴ
2715 4565 2869 4621 dieta
2894 4563 3156 4620 videatur
3182 4563 3385 4618 civitas
3410 4563 3490 4617 ob
3516 4563 3641 4618 ele·

391 4389 646 4462 exempla
669 4385 946 4444 habemus
962 4385 1307 4460 compluria,
1324 4403 1380 4441 v.
1413 4405 1462 4442 c.
1481 4384 1799 4456 Δωδεκάτην
1828 4389 1959 4442 Phi-

391 4477 566 4552 lyllii,
597 4473 837 4535 Χαλκεῒα
881 4474 1200 4534 Menandri.
1234 4473 1319 4532 Cf.
1364 4474 1620 4530 Lobeck.
1673 4476 1956 4551 Aglaoph.

389 4585 450 4640 Ῑ).
498 4565 629 4637 374.
665 4589 689 4614 »ι
725 4567 776 4620 Ε
798 4565 886 4620 Μ.

1125 4737 1216 4788 23.
2056 4749 2180 4806 quae
2207 4734 2411 4791 multos
2438 4731 2602 4788 habet
2622 4732 2884 4805 scorpios.

389 4825 536 4880 Num
561 4820 860 4893 Phrygium
884 4818 1272 4876 salsamentum
1297 4819 1432 4885 fuit,
1465 4835 1536 4877 an
1551 4819 1893 4877 Gaditanum
1921 4824 1945 4876 ‚³
2807 4825 2860 4874 2.

1131 4909 1220 4962 25.
2052 4941 2124 4952 -
2143 4913 2278 4968 Haee
2297 4908 2499 4974 Chius»,
2524 4906 2725 4964 nobilis
2751 4905 2941 4962 civitas
2972 4923 2986 4959 ε

390 4993 810 5053 Circumivimus
845 4993 1014 5050 etiam
1039 4999 1262 5063 gentem
1290 4991 1583 5065 amphoras
1625 4993 1964 5065 portantium
2055 4999 2221 5055 mittit
2244 4999 2391 5056 enim
2412 4995 2573 5054 nobis
2590 5011 2752 5053 naves
2772 4995 2989 5067 longas,
3010 5000 3067 5050 et
3088 4992 3235 5047 vitos
3250 5031 3267 5058 ,
3290 4991 3341 5048 si
3362 5005 3503 5063 opus
3526 5001 3643 5058 est,

1447 5079 1963 5147 [mercenariorum
2054 5097 2341 5161 ceteraque
2365 5093 2518 5160 paret
2548 5084 2721 5152 bene,
2763 5093 2829 5142 ut
2856 5097 3027 5156 equus
3057 5096 3171 5138 non
3200 5080 3345 5138 ictus
3370 5079 3643 5146 (caleni-i·
3716 5049 3720 5140 ί

980 5165 1378 5240 εινιΤΑΤεε.
3438 5167 3579 5234 [bus
3598 5173 3639 5229 t·-
3714 5141 3718 5226 ⁴1

481 5327 667 5381 Tenus
691 5323 808 5380 haec
823 5361 838 5389 ,
1149 5259 1168 5307 ¹
1185 5293 1197 5306 ⁸
2838 5307 2851 5316 ²
3712 5227 3716 5307 A
