3809 5850
1555 398 2142 474 MNEslmAcflth'.

378 552 633 641 μολπὰ,
666 543 907 640 κλαγγὰ
928 595 947 632 ,
980 547 1261 638 θράττει,
1297 553 1559 614 πνεῖται·

378 656 569 748 κούρα
595 650 804 729 κασίας
830 642 897 718 τ’
928 651 1053 718 ἀπὸ
1082 656 1192 744 γᾶς
1223 653 1405 728 ἁλίας

381 759 538 853 ἁγία
568 757 789 852 Συρίας
821 766 1093 851 μυκτῆρα
1113 750 1317 842 δονεῖ,

218 863 331 934 60
383 859 672 956 λιὸοίνουῗ,
706 862 923 956 μάρου,
958 865 1251 956 σμύρνης,
1292 864 1607 955 καλάμου,

382 974 671 1064 στύρακος
693 1019 713 1054 ,
746 961 980 1037 λίνδου.

380 1071 603 1144 Τοιάδε
632 1070 853 1169 δόμους
875 1075 1102 1169 ὁμίχλη
1136 1077 1389 1165 κατέχει
1412 1125 1431 1159 ,

382 1183 633 1249 πάντων
660 1177 694 1214 ⁴⁸
710 1182 955 1276 ἀγαθῶν
984 1181 1343 1274 ἀνάμεστος.

226 1316 412 1368 Versu
449 1331 472 1367 1
504 1312 697 1386 inepte
732 1311 867 1367 libri
908 1305 1404 1388 κυπαρισσοτρὸφων
1424 1349 1443 1380 ,
1488 1310 1649 1384 quod
1676 1329 1806 1367 cor-

224 1402 388 1456 rexit
426 1399 664 1458 Casaub.
696 1400 765 1455 V.
800 1417 833 1454 α
869 1398 1061 1453 malim
1088 1394 1385 1474 στείχειν
1414 1393 1611 1474 ἀγοράν
1633 1438 1652 1472 ,
1693 1419 1721 1454 ν
1751 1408 1810 1454 et

224 1509 263 1543 σ
290 1486 657 1544 commutatis
676 1528 693 1559 ‚
728 1486 1011 1561 siquidem
1052 1483 1148 1542 ille
1178 1503 1295 1541 una
1326 1486 1606 1541 sententia
1646 1486 1804 1542 Βαῖνε

344 1572 467 1644 ἔξω,
516 1570 707 1650 (ὥστε)
744 1572 971 1650 στείχειν
1010 1569 1227 1650 ἀγορὰν,
1281 1573 1340 1628 h.
1388 1591 1441 1630 e.
1487 1571 1559 1636 εἰς
1586 1569 1801 1650 ἀγοράν.

224 1663 304 1721 V.
332 1663 369 1720 3
404 1688 429 1714 ι
462 1663 533 1720 de
560 1665 783 1719 Hel-mis
806 1664 866 1718 in
887 1663 1095 1718 vicinia
1128 1661 1238 1715 sori
1279 1671 1337 1715 et
1367 1660 1590 1716 Poecilae
1610 1661 1806 1737 positis

220 1773 284 1806 v.
310 1751 555 1810 Pausan.
576 1752 699 1810 Att.
735 1770 787 1826 1,
820 1751 911 1820 16,
934 1761 991 1806 et
1016 1749 1333 1806 Meneclem
1352 1748 1517 1807 Phot.
1536 1765 1673 1824 pag.
1710 1746 1801 1818 15,

226 1841 289 1894 3.
332 1841 422 1896 lbi
451 1841 708 1914 equitum
730 1841 997 1896 exercitia
1020 1839 1187 1894 fuisse
1204 1877 1223 1906 ‚
1246 1856 1315 1893 ex
1342 1837 1454 1894 hoc
1472 1837 1513 1895 l.
1529 1834 1799 1913 intelligi·

221 1939 351 1996 tur,
380 1945 487 1984 nee
516 1927 779 1984 dissentit
798 1926 1131 2000 Xenophon
1153 1927 1335 2000 Hipp.
1365 1924 1423 1999 3,
1457 1943 1514 1991 α,
1548 1924 1804 1999 equitum

223 2015 601 2072 decursiones
620 2017 699 2072 ita
726 2013 1095 2070 instituendas
1120 2031 1237 2069 esse
1263 2012 1599 2089 praecipiens
1616 2021 1681 2066 ut
1709 2011 1803 2090 ἆρ-

224 2101 449 2178 ξοίμενοι
477 2100 581 2160 ἀπὸ
604 2103 709 2160 τῶν
744 2099 959 2181 Ἑρμῶν
986 2097 1164 2180 κύκλῳ
1190 2100 1310 2178 περὶ
1342 2096 1441 2168 τὴν
1468 2095 1665 2177 ἀγορὰν
1708 2096 1803 2156 καὶ

222 2191 297 2248 τὰ
336 2189 456 2269 hp&
485 2187 918 2270 περιελαύνωσιν.
968 2192 1035 2249 V.
1073 2209 1106 2260 7
1148 2189 1332 2248 Phido
1373 2187 1605 2242 videtur
1637 2187 1803 2246 fuisse

226 2298 379 2336 unus
400 2298 471 2337 ex
490 2279 853 2354 phylarchis,
887 2298 1032 2354 quos
1062 2278 1351 2352 praefuisse
1382 2277 1495 2333 illis
1525 2277 1805 2332 exercitiis

220 2369 496 2426 novimus
521 2389 549 2426 e
577 2365 959 2442 Xenophonte
984 2367 1116 2423 libri
1142 2369 1235 2424 cit.
1282 2385 1336 2437 1,
1366 2364 1421 2421 8.
1456 2364 1653 2424 Verbis
1676 2364 1803 2420 ἐνα-

218 2455 428 2514 ὅαίνειν
470 2454 557 2514 ἐπὶ
582 2454 699 2522 τοὺς
729 2451 920 2519 ἵππους
953 2452 1043 2512 καὶ
1071 2451 1404 2512 καταὸαίνειν
1441 2451 1584 2510 illud
1618 2471 1804 2526 eque-

218 2546 356 2600 stris
382 2544 637 2600 exercitii
664 2562 835 2613 genus
864 2541 997 2616 (cur
1030 2539 1093 2598 id
1111 2543 1335 2599 solum?
1358 2541 1556 2619 Both.)
1587 2539 1802 2596 indica-

223 2645 323 2687 tur
342 2673 359 2701 ,
400 2632 561 2706 quod
622 2632 908 2688 vocabant
954 2627 1237 2688 ἅτῖοὸατῶν
1293 2632 1491 2708 ἀγῶνα.
1546 2628 1802 2687 Leximn

224 2721 448 2778 rhetor.
486 2719 731 2778 Bekkeri
775 2719 995 2778 Anecd.
1045 2739 1109 2794 p.
1163 2718 1303 2795 198,
1356 2738 1376 2775 1
1398 2739 1447 2788 1,
1488 2716 1791 2778 Ἀποὸατῶν

220 2806 372 2882 ἀγών
420 2829 433 2840 ·
481 2808 535 2865 ἐν
562 2796 607 2887 ᾧ
646 2808 697 2866 οἱ
723 2803 963 2884 ἔμπειροι
1010 2811 1102 2864 τοῦ
1149 2804 1385 2864 ἐλαύνειν
1427 2803 1639 2884 ἅρματα
1684 2805 1795 2881 ἅμα

218 2895 443 2955 θεόντων
470 2897 575 2954 τῶν
600 2891 780 2954 ἵππων
808 2893 1080 2955 ἀνέὄαινον
1111 2891 1197 2952 διὰ
1218 2895 1407 2974 τροχοῦ
1429 2893 1517 2951 καὶ
1540 2889 1794 2952 κατέὸαι-

220 3008 332 3043 νον.
363 2985 456 3042 Ad
475 2985 635 3061 quod
667 3004 844 3061 genus
865 2982 1187 3042 certaminis
1206 2993 1425 3059 spectat
1459 2983 1711 3040 Alexidis
1742 2996 1800 3040 et
1844 2998 1853 3031 Ι

222 3074 445 3148 Diphili
508 3074 831 3131 fabularum
890 3074 1087 3130 titulus
1141 3066 1457 3140 Ἀποὸοίτης.
1512 3095 1539 3121 ¹·
1596 3072 1647 3127 E
1699 3074 1790 3128 M.

222 3164 401 3216 Versu
450 3180 491 3235 9
539 3160 750 3215 inserui
798 3156 867 3235 γ’.
917 3162 983 3219 V.
1034 3176 1103 3216 ια
1157 3158 1293 3215 libri
1337 3167 1610 3232 corrupte
1670 3158 1793 3215 σπλ.

218 3250 451 3304 ὀπτᾶται
466 3244 647 3325 χναυώ
666 3246 773 3323 (sic
797 3250 872 3318 A,
896 3242 1079 3325 χαύνω
1104 3246 1247 3302 PVL
1262 3244 1303 3323 ).
1330 3246 1580 3304 Meinek.
1603 3247 1799 3304 maluit

220 3335 420 3413 χναῦμ’
446 3334 735 3414 ἥρπασται.
768 3338 837 3395 V.
870 3334 1205 3393 Schneideri
1240 3336 1380 3390 Lex.
1420 3352 1478 3389 v.
1523 3332 1759 3413 Χναυρὸς
1777 3378 1794 3406 ,

220 3423 377 3482 unde
402 3425 571 3480 etiam
600 3423 772 3481 Dind.
812 3424 1101 3480 arcessivit
1134 3418 1345 3501 χναύρ’.
1379 3423 1449 3479 V.
1490 3420 1558 3477 15
1602 3423 1798 3497 scripsi

218 3509 443 3588 φύστης.
491 3511 677 3571 Codd.
717 3512 1063 3589 tautologice
1105 3508 1326 3588 φύσκης.
1368 3513 1445 3567 V.
1509 3528 1577 3582 ¹7
1632 3506 1793 3587 δξερρ.

220 3600 479 3657 Eustath.
529 3598 607 3656 ad
640 3599 844 3675 odyss.
882 3618 945 3675 p.
997 3618 1188 3675 7119,
1241 3598 1317 3665 43
1354 3598 1601 3673 explicat
1636 3595 1797 3667 ἐξην-

216 3682 415 3754 τλῆθη,
446 3683 540 3745 καὶ
589 3684 689 3754 ἔξω
729 3684 883 3745 πίθου
921 3684 1111 3765 lonium.
1152 3688 1221 3741 V.
1272 3685 1343 3742 18
1386 3679 1601 3741 λέπεται
1640 3696 1796 3743 recte

220 3774 466 3832 Meinek.
510 3793 622 3849 pro
650 3772 910 3833 λείπεται.
940 3800 968 3825 ι
997 3773 1248 3853 Verbum
1274 3766 1531 3849 (inquit)
1562 3774 1797 3846 proprie

218 3862 504 3939 significat
530 3862 820 3920 ἄποτυλοῦν
847 3859 1115 3940 (ἀναφλᾶν
1153 3856 1548 3935 Schneider.),
1591 3858 1796 3915 deinde

218 3952 533 4027 generatim
548 3950 621 4007 ad
639 3968 939 4007 veneream
950 3948 1324 4025 petulantiam
1344 3946 1674 4002 translatum
1691 3958 1793 4006 est.

220 4040 425 4097 Athen.
461 4044 565 4109 110,
601 4056 663 4113 p.
708 4036 859 4108 663,
896 4039 972 4107 C,
1018 4037 1189 4093 allato
1234 4034 1487 4091 Alexidis
1528 4034 1699 4105 loco,
1734 4036 1796 4089 in

218 4146 339 4203 quo
360 4128 629 4183 mulieres
646 4122 927 4203 προπόσεις
956 4124 1147 4193 πίνειν,
1170 4117 1448 4191 λέπεσθαι,
1468 4132 1526 4177 et
1552 4119 1795 4197 ματτυά-

219 4218 321 4283 ζειν
343 4215 649 4289 jubentur,
669 4214 787 4269 haec
808 4212 973 4271 addit
1000 4232 1015 4269 τ
1046 4212 1123 4289 τῷ
1144 4204 1199 4266 δὲ
1223 4207 1475 4267 λίπεσθαι
1491 4210 1723 4285 χρῶνται
1746 4209 1795 4267 οἱ

223 4302 487 4375 Ἀθηναῖοι
526 4297 615 4359 ἰπὶ
658 4300 911 4376 ἀσελγοῦς
945 4298 1037 4357 καὶ
1080 4299 1324 4379 φορτικῆς
1371 4296 1438 4354 δι’
1480 4294 1794 4376 ἀφροδισίων

218 4392 429 4463 ἡδόνῆς.
469 4416 494 4442 υ
531 4392 603 4448 V.
640 4408 715 4465 19
742 4389 919 4446 codd.
948 4390 1045 4445 AB
1077 4384 1371 4465 μειράκιον,
1402 4386 1577 4442 ceteri
1603 4405 1792 4461 μειρα-

216 4478 353 4539 κίου.
380 4479 643 4537 Correxit
662 4476 981 4552 Schweigh.
1002 4477 1071 4533 V.
1095 4494 1173 4533 20
1196 4474 1477 4531 Dobraeus
1496 4469 1652 4529 πάντ’
1680 4468 1792 4531 ἔστ’

213 4566 383 4627 ἔνδον.
420 4571 488 4624 V.
529 4585 596 4624 αι
631 4565 839 4642 putida
872 4576 957 4622 est
996 4564 1279 4621 librorum
1328 4562 1501 4619 lectio
1559 4556 1790 4635 μέμνησ’

214 4656 434 4731 (velut
468 4654 569 4713 AB
607 4650 895 4730 μέμνησθ’)
940 4649 975 4709 ἃ
1020 4647 1195 4729 λόγως
1235 4646 1453 4727 πρόσεχ’
1483 4636 1557 4713 οἷς
1592 4646 1795 4726 φράζωζ

212 4744 419 4802 Scribo

316 4843 440 4933 μνῆ
444 4864 571 4931 μων
601 4840 671 4905 σὺ
701 4839 903 4932 λόγων
930 4836 1177 4929 πρόσεχ’
1215 4830 1303 4911 οἷς
1336 4828 1566 4928 φράζω.

324 5014 509 5071 cantio
528 5050 548 5081 ,
573 5012 807 5081 sonitus,
830 5011 1022 5083 strepit
1038 5050 1055 5077 ,
1078 5008 1287 5082 spirat3

322 5110 381 5160 et
403 5101 567 5158 rasiae
594 5114 659 5156 ex
676 5106 823 5156 terra
852 5096 1063 5154 marina
1087 5096 1245 5169 Syria
1266 5094 1503 5152 adveetae

323 5190 437 5248 fllia
462 5196 653 5247 sanem
676 5202 839 5245 nares
865 5192 1089 5259 quassat
1104 5228 1124 5255 ,

222 5284 289 5335 60
322 5275 671 5336 libanotidis.
696 5274 829 5332 mari
844 5316 861 5343 ,
884 5273 1125 5347 myrrhoe
1143 5314 1159 5343 ‚
1176 5271 1371 5329 calami
1395 5313 1409 5339 ,

1826 5242 1837 5335 Ι

3355 429 3468 481 605

1902 551 1967 604 V.
2009 565 2083 602 αα
2137 541 2306 610 αὔτως
2344 545 2574 606 Jacobs.
2601 557 2730 622 'pro
2779 545 2951 619 αὐτὸς,
2993 549 3152 622 quod
3199 551 3464 608 alienum.

1902 637 1970 691 V.
1999 633 2072 689 23
2099 633 2231 689 libri
2266 632 2354 710 βλ.
2393 631 2534 712 δεῦρ’
2571 629 2729 698 εἴπως
2773 633 2909 691 αὐτὰ
2943 635 3177 714 φράσεις.
3221 640 3464 697 Meinek.

1900 732 2136 780 auctore
2159 721 2341 778 Dobr.
2367 718 2524 798 δευρί·
2552 720 2662 786 πῶς
2689 719 2822 778 αὐτὰ
2847 721 3088 801 φράσειςς
3110 726 3180 782 V.
3217 723 3291 780 25
3319 727 3467 781 simi-

1900 810 2031 866 liter
2074 808 2367 882 Aristoph.
2419 809 2566 865 Ran.
2618 809 2770 876 1426
2813 820 2870 866 et
2921 818 3065 882 14²7
3116 823 3323 869 nostrae
3367 813 3462 870 ed.

1899 898 2106 954 Versus
2139 915 2210 967 27
2243 907 2300 952 et
2333 896 2408 953 28
2436 897 2630 971 inepte
2651 897 2731 954 sic
2763 899 3028 973 leguntur

1979 1009 2050 1074 ὥς
2076 1009 2178 1066 τῶν
2201 1005 2343 1088 ὄψων
2368 1010 2536 1088 ἑφθῶν
2564 1006 2750 1084 ὄντων,

1981 1095 2154 1154 ὀπτῶν
2181 1092 2365 1168 ὄντων,
2393 1097 2609 1174 ψυχρῶν
2633 1094 2816 1154 ὄντων.

1899 1221 1967 1276 V.
1999 1237 2076 1295 ²9
2101 1220 2274 1294 vulgo
2311 1217 2478 1295 λέγων
2521 1233 2578 1276 et
2613 1219 2789 1302 ἐλαία.
2817 1223 2886 1280 V.
2917 1222 3011 1290 31,
3059 1222 3136 1278 32
3165 1219 3346 1282 θύννου
3389 1265 3464 1286 ...

1898 1304 2144 1385 γόγγρου.
2173 1330 2199 1358 ιι
2223 1308 2469 1364 Eosdem
2507 1309 2688 1382 pisces
2717 1309 2924 1366 eodem
2965 1311 3168 1367 ordine
3210 1325 3466 1370 recenset

1902 1396 2196 1470 Ephippus
2225 1395 2460 1470 Cydone
2478 1436 2496 1466 ,
2518 1395 2592 1452 fr.
2641 1415 2694 1455 1.
2727 1400 2794 1454 V.
2825 1397 2898 1454 33
2929 1401 3130 1473 scripsi
3171 1396 3370 1477 φοξῖνος
3393 1421 3462 1458 ex

1899 1481 2252 1556 Dalecampii
2317 1483 2666 1541 testimonio.
2733 1486 2926 1540 Nostri
2987 1486 3120 1542 libri
3183 1483 3460 1565 φοξίκινος.

1901 1569 2187 1626 Photinus
2212 1567 2498 1626 fluviatilis
2517 1571 2689 1646 piscis
2715 1583 2825 1640 est,
2851 1572 2924 1630 de
2951 1591 3069 1647 quo
3102 1577 3341 1636 Aristot.
3381 1579 3458 1637 Η.

1899 1662 1972 1716 Α.
2003 1657 2063 1726 6,
2101 1677 2192 1727 ια,
2227 1676 2299 1729 ²3
2337 1657 2427 1729 13,
2457 1677 2514 1726 2,
2548 1669 2659 1715 etc.
2685 1661 2753 1718 V.
2787 1658 3115 1720 35.Athen.
3146 1681 3202 1733 7,
3232 1682 3289 1739 p.
3326 1663 3462 1735 301,

1895 1748 1952 1801 D
1999 1764 2012 1798 ε
2062 1743 2410 1816 ἠλακατῆνες.
2467 1746 2648 1815 Μνησ.
2690 1741 3025 1827 Ἱπποτρόφῳ
3076 1773 3102 1798 ι
3145 1748 3460 1828 Σκόμὸρος,

1898 1829 2073 1896 θύννος
2099 1829 2261 1911 (εἰσ),
2292 1829 2500 1905 κωὸιὸς,
2523 1832 2865 1904 ἠλακατῆνες·
2891 1861 2915 1888 n
2932 1837 3087 1894 unde
3105 1849 3303 1896 nostro
3330 1842 3462 1897 loco

1897 1923 2144 1978 restituit
2203 1922 2473 1993 Casaub.;
2523 1941 2656 1980 nam
2714 1923 2848 1979 libri
2893 1924 3229 1995 ἠλακατῑνος.
3275 1930 3464 1986 Verba

1898 2007 2117 2080 κωὸιὸς,
2141 2009 2468 2080 ἠλακατῆνες
2481 2055 2500 2088 ,
2530 2009 2680 2076 κυνὸς
2695 2011 2903 2091 οὐραῖον
2929 2015 3127 2071 ascivit
3151 2017 3465 2075 Menander

1898 2097 2152 2156 Athenaei
2169 2117 2304 2173 7,p.
2327 2098 2545 2170 301‚D.
2569 2102 2752 2173 Quaev
2798 2101 3460 2185 363σσ111111ωττῶνκαρ-

1896 2188 2098 2264 χαριῶν
2115 2185 2220 2266 (sic
2242 2187 2559 2264 Schweigh.
2577 2207 2688 2264 pro
2709 2187 3044 2270 καρχαρίων)
3062 2211 3239 2267 usque
3254 2193 3328 2251 ad
3345 2192 3462 2252 κόκ-

1897 2271 1995 2341 κυξ
2026 2293 2080 2330 ν.
2113 2273 2188 2350 39
2220 2274 2430 2331 iterum
2469 2279 2737 2352 apposuit
2778 2279 2986 2336 Athen.
3021 2298 3078 2351 7,
3116 2299 3177 2355 p.
3218 2281 3353 2354 322,
3391 2283 3460 2354 Ε,

1896 2363 2000 2420 ubi
2024 2362 2098 2419 de
2118 2359 2298 2441 σαύρῳ
2320 2365 2473 2439 pisce
2497 2366 2701 2440 agitur.
2725 2367 2792 2426 V.
2823 2365 2900 2423 38
2927 2363 3145 2445 βρίγκος
3171 2387 3281 2445 pro
3313 2368 3464 2448 βρίγ-

1897 2470 1991 2527 χος
2016 2449 2283 2510 Dindorfz
2311 2469 2381 2507 ex
2412 2450 2565 2508 libro
2610 2472 2643 2523 7
2683 2464 2742 2509 et
2777 2455 3024 2530 Ephippi
3063 2456 3195 2512 loco
3221 2456 3458 2518 ibidem.

1898 2540 2082 2595 Porro
2121 2558 2314 2596 versus
2360 2545 2434 2608 4⁰
2485 2552 2543 2596 et
2597 2547 2667 2608 41
2723 2545 2989 2617 apposuit
3037 2544 3242 2603 Athen.
3291 2547 3462 2604 etiam

1894 2649 1958 2704 p.
1989 2628 2127 2706 329,
2151 2632 2203 2686 D
2232 2647 2246 2684 =
2281 2630 2382 2685 ubi
2411 2647 2522 2705 pro
2559 2632 2755 2710 Θρᾷττα
2781 2651 2842 2692 v.
2877 2639 2944 2699 41
2989 2633 3341 2691 Dorotheum
3369 2653 3464 2691 re-

1899 2718 2008 2774 fert
2034 2718 2233 2796 legisse
2279 2714 2426 2776 θέττ
2441 2741 2498 2790 α,
2537 2721 2652 2776 sive
2684 2722 2834 2777 malo
2869 2721 3068 2778 codice
3101 2739 3301 2792 usum,
3345 2723 3461 2779 sive

1897 2807 2058 2881 quod
2103 2809 2224 2883 ipse
2264 2809 2510 2865 nominis
2542 2811 2736 2887 θρᾷττα
2769 2809 3066 2866 insolentia
3111 2809 3357 2866 offensus
3382 2813 3460 2868 ita

1899 2898 2255 2957 correxisset.
2287 2897 2457 2971 Quod
2485 2915 2540 2954 v.
2575 2903 2649 2965 40
2687 2909 2816 2973 post
2849 2897 3051 2977 σπάρος
3088 2899 3348 2958 additum
3373 2901 3458 2958 le·

1895 2984 2137 3061 gebatur
2153 2982 2366 3064 σκοίρος,
2385 2986 2917 3063 delevitSchweigh.
2937 2988 3209 3062 abestque
3232 2989 3382 3046 libro
3399 3009 3458 3061 7.

1897 3074 2162 3131 Versibus
2183 3081 2369 3142 40-44
2391 3078 2589 3150 paucis
2604 3078 2834 3132 mutatis
2850 3095 2981 3132 usus
2995 3085 3075 3133 est
3103 3076 3418 3153 Ephippus.
3435 3106 3459 3129 ι

1892 3160 1946 3214 Ε
1994 3162 2083 3220 M.
2144 3162 2309 3219 Conf.
2355 3164 2526 3219 etiam
2588 3164 2881 3238 Aristoph.
2939 3163 3182 3223 Holcad.
3233 3164 3302 3221 fr.
3364 3184 3455 3221 12.

1895 3248 2073 3305 Versu
2109 3248 2184 3307 38
2224 3262 2546 3327 suspectum
2585 3246 2771 3326 τρίγλη
2799 3250 3080 3325 producta
3117 3254 3456 3325 penultima.

1894 3334 1992 3413 Τρ
2011 3335 2234 3413 ιγόλα,
2300 3338 2562 3407 cuculus,
2627 3340 2800 3413 piscis
2861 3350 3340 3395 commemoratur
3387 3341 3460 3397 ab

1895 3424 2104 3483 Athen.
2131 3444 2191 3500 p.
2225 3424 2364 3500 324,
2391 3428 2457 3483 F.
2494 3429 2669 3484 Versu
2701 3425 2775 3493 43
2813 3425 3043 3484 πουλυπ.
3083 3426 3326 3485 Meinek.
3346 3444 3458 3501 pro

1893 3511 2088 3570 πολυπ.
2119 3516 2192 3573 V.
2225 3512 2298 3582 45
2329 3513 2482 3569 idem
2517 3515 2749 3571 criticus
2777 3514 3028 3569 restituit
3065 3508 3271 3589 ἄρκτος.
3309 3514 3453 3571 Cod.

1891 3601 1939 3656 Β
1975 3598 2156 3677 ἄρτος,
2185 3602 2359 3658 ceteri
2405 3598 2576 3677 ἄρτοι.
2609 3600 2722 3657 Sed
2752 3616 2924 3674 panes
2943 3597 3062 3671 jam
3089 3618 3259 3674 supra
3285 3618 3344 3659 v.
3385 3620 3409 3655 1
3427 3620 3450 3657 1

1891 3688 2225 3759 memorati,
2245 3699 2303 3746 et
2322 3688 2492 3763 piscis
2508 3706 2720 3744 nomen
2745 3688 3072 3761 requiritur.
3105 3688 3170 3743 V.
3205 3694 3278 3758 47
3311 3714 3334 3738 ι
3353 3686 3458 3753 οἰὸς

1892 3774 2039 3831 dixit
2062 3776 2376 3851 penultima
2411 3776 2606 3841 brevi,
2631 3764 2700 3829 ut
2725 3772 2980 3830 Eubulus
3019 3770 3201 3832 Pann.
3239 3780 3274 3840 4
3313 3767 3456 3841 οἵας,

1892 3862 2052 3935 quod
2070 3862 2274 3919 frustra
2307 3864 2546 3919 tentavit
2575 3858 2740 3919 Pors.
2766 3858 2878 3937 (Cf.
2901 3878 3030 3917 ann.
3059 3859 3134 3916 nd
3159 3858 3326 3918 Iliad.
3359 3858 3458 3934 23,

1890 3968 2032 4025 792,
2059 3951 2282 4007 Philisci
2301 3951 2512 4008 Incert.
2535 3968 2595 4008 a.
2615 3949 2785 4009 Both.
2805 3948 2847 4024 ).
2861 3950 3068 4007 Versus
3083 3946 3266 4005 52-55
3286 3946 3459 4004 hahet

1889 4038 2098 4095 omisso
2128 4039 2363 4095 nomine
2379 4048 2564 4112 poetae
2599 4038 2748 4093 Eust.
2777 4036 2852 4093 ad
2890 4034 3090 4111 Odyss.
3119 4035 3178 4108 5,
3198 4054 3258 4110 p.
3287 4034 3457 4104 1524,

1890 4124 1945 4183 8.
1993 4128 2060 4185 V.
2113 4124 2188 4183 53
2240 4124 2378 4182 δεύει
2414 4126 2588 4185 Dind.
2631 4142 2744 4199 pro
2791 4120 2918 4185 εὔει.
2963 4123 3256 4199 Aristoph.
3305 4128 3456 4197 apud

1889 4214 2183 4269 Pollucem
2208 4232 2266 4285 7,
2297 4220 2372 4281 21.
2407 4232 2419 4262 =

1971 4320 2184 4402 βροίττω
2201 4365 2221 4400 ,
2247 4320 2464 4399 μάττω,
2493 4319 2658 4394 δεύω,
2679 4320 2878 4379 πίττω.

1888 4438 2094 4494 Versus
2123 4435 2196 4502 54
2230 4446 2289 4493 et
2318 4432 2392 4493 55
2421 4436 2502 4492 sic
2531 4433 2801 4493 exhibent
2821 4436 2956 4491 libri

1967 4559 2176 4641 χαίρει,
2206 4560 2413 4634 παίζει,
2431 4560 2576 4642 πηδᾷ
2596 4603 2615 4632 ,
2641 4562 2838 4620 δειπνεῖ
2865 4604 2884 4633 ,

1967 4648 2137 4722 πίνει,
2167 4657 2382 4730 σκιρτᾷ,
2409 4649 2584 4727 λορδοῖ
2601 4692 2620 4725 ,
2649 4651 2853 4727 κεντεῖ,
2874 4647 3028 4727 βινεῖ.

1886 4764 2146 4835 Quorum
2183 4772 2538 4837 postremum
2565 4764 2790 4820 seclusit
2823 4761 3100 4833 Meinek.;
3125 4778 3234 4835 ego
3269 4770 3453 4817 cetera

1888 4868 2122 4925 quoque
2139 4852 2229 4907 τοῦ
2246 4848 2426 4928 λορδοῖ
2439 4850 2796 4927 glossemata.
2825 4848 2898 4909 V.
2918 4846 2992 4903 56
3009 4845 3199 4925 ἀγαναὶ
3222 4848 3445 4903 Jacobs.

1987 5026 2214 5097 styracis
2232 5066 2247 5093 ,
2276 5023 2430 5103 lindi.

1987 5112 2138 5170 Talis
2158 5112 2354 5170 domos
2379 5108 2582 5168 nebula
2605 5108 2772 5183 tegit,

1993 5200 2244 5257 omnium
2267 5194 2642 5270 jucundorum
2670 5196 2850 5268 plena.
