3809 5850
1665 477 2008 540 EUPOLIS.

188 603 445 680 ἄτοπον)
492 605 601 662 καὶ
634 605 739 662 ἐπὶ
766 610 869 664 τοῦ
890 607 1215 666 ἀνυπόπτου.
1246 611 1313 665 Ε.
1342 609 1415 666 Μ.
1446 634 1472 658 ι
1504 607 1613 666 Καὶ
1638 608 1791 666 πόλλ’

186 692 351 766 ’ἀγάθ’
376 695 435 750 ἐν
466 699 627 750 τοῖσι
676 694 957 774 κουρείοις
991 693 1099 772 ἐγὼ
1120 693 1325 760 ἀτόπως
1360 695 1608 767 καθίζων,
1640 695 1791 754 κούδὲ

184 784 467 860 γιγνώσκειν
493 783 711 840 δοκῶν.
747 809 777 836 a·
798 786 1135 842 Sci-ibamus

266 899 380 964 Καὶ
416 899 627 964 πόλλ’
662 895 868 992 ἐγῷδ’
904 904 969 965 ἐν
1006 908 1171 966 τοῖσι
1216 900 1499 993 κουρείοις
1533 901 1681 966 ἑκὼν

269 1005 513 1080 ἀτόπως
532 1000 833 1084 καθίζων
869 998 1055 1071 κούδὲ
1092 1011 1441 1098 γιγνώσκειν
1476 997 1695 1072 δοκῶν.
1758 1031 1789 1062 >)

184 1116 347 1190 ‘Exin
358 1135 607 1206 ,libens‚
630 1136 903 1202 libenter,
924 1135 1013 1192 Cf.
1033 1136 1671 1194 Pherecrat.s1·.incert.
1695 1135 1793 1204 30,

194 1225 485 1300 llermipp.
508 1221 633 1280 Ἀθ.
658 1243 782 1300 γον.
826 1243 851 1278 ι
866 1265 883 1282 .
920 1220 1271 1297 Γιγνώσκειν,
1299 1226 1424 1281 scil.
1446 1221 1515 1279 τὰ
1538 1219 1761 1302 ῥηθέντα
1778 1265 1797 1298 ,

194 1332 281 1368 res
314 1313 385 1369 de
430 1313 657 1386 quibus
697 1313 1128 1387 colloquuntur
1163 1313 1223 1368 in
1274 1313 1587 1370 tonstrinis.
1642 1316 1799 1368 Dure

192 1401 391 1476 Bergk.
422 1411 485 1457 et
518 1401 716 1456 Mein.
755 1399 875 1457 Καὶ
906 1398 1067 1457 πόλλ’
1095 1399 1284 1476 ἔμαθον
1314 1402 1367 1458 ἐν
1406 1413 1514 1458 etc.
1545 1401 1800 1456 Alterum

192 1509 419 1544 versum
462 1489 815 1544 Pherecrati
852 1489 1056 1544 tribuit
1088 1507 1327 1564 gramm.
1368 1487 1545 1546 neu.
1587 1491 1696 1546 An.
1738 1508 1799 1563 p.

196 1581 335 1650 450,
372 1597 465 1633 ια.
503 1579 843 1647 sinautem,
858 1589 923 1632 ut
936 1579 1181 1648 videtur,
1198 1578 1569 1654 Hyperbolus
1586 1577 1794 1632 doctri·

192 1686 329 1722 nam
354 1684 539 1738 suam,
564 1667 791 1722 talibus
814 1667 877 1722 in
898 1667 1042 1722 locis
1072 1667 1425 1740 acquisitam,
1446 1664 1760 1722 venditans.

972 1779 1029 1840 4.

280 1886 541 1942 Eustath.
573 1883 655 1940 ad
684 1885 763 1942 11.
788 1904 852 1959 p.
882 1882 1019 1953 300,
1046 1902 1119 1939 αα
1149 1901 1163 1941 :
1190 1884 1219 1938 ὁ
1240 1881 1295 1939 δὲ
1332 1879 1657 1960 Ἡρωδιανὸς
1691 1887 1799 1945 τοῖς

190 1971 495 2048 εἰρημένοις
541 1968 907 2048 παραπῆγνὺς
954 1967 1045 2027 καὶ
1103 1968 1191 2026 τὸν
1242 1967 1390 2048 παρὰ
1432 1971 1509 2048 τῷ
1556 1968 1797 2046 Κωμικῷ

192 2063 213 2134 ξ
242 2063 401 2118 atuh.
438 2061 595 2136 549)
636 2060 921 2137 Μαρικᾶν,
948 2056 1011 2115 τὸ
1041 2055 1307 2136 βᾶρὸαρον
1346 2055 1513 2133 ὄνομα
1532 2101 1551 2132 ,
1590 2055 1677 2114 διὰ
1704 2061 1795 2114 τοῦ

192 2171 257 2202 π
286 2150 537 2218 κλιθῆναι
558 2145 743 2223 λίγει,
772 2145 1095 2226 παραφέρων
1124 2149 1313 2223 χρῆσιν
1340 2144 1537 2216 ταύτην

312 2262 457 2330 AD:
494 2263 597 2330 οὖν
630 2266 831 2356 ἔγωγέ
864 2289 960 2329 σοι
994 2263 1155 2354 λέγω
1186 2266 1541 2353 Μαρικᾶντα
1570 2264 1651 2350 μὴ
1692 2284 1794 2324 κο-

1558 2361 1791 2444 λάζειν.

206 2527 231 2543 -
273 2501 715 2575 Eupolifflsesse
736 2517 964 2554 versum
982 2499 1097 2570 jam
1124 2499 1257 2552 olim
1278 2497 1544 2553 indicavi.
1564 2496 1800 2574 Secutus

200 2601 297 2641 est
328 2589 527 2662 Bergk.
572 2589 925 2644 Commentt.
966 2605 1029 2660 p.
1076 2585 1227 2654 356,
1268 2585 1443 2640 Niciae
1476 2585 1593 2639 haec
1624 2583 1799 2638 verba

198 2695 341 2730 esse
383 2676 709 2748 conjiciens,
752 2691 989 2750 poenam
1028 2671 1418 2746 deprecantis»,
1461 2671 1797 2744 Hyperbolo

202 2763 287 2816 ab
324 2763 763 2819 Atheniensibus
798 2760 1145 2834 impositam.
1185 2762 1267 2815 lta
1294 2761 1445 2814 enim
1474 2759 1795 2826 existimat,

204 2863 273 2903 ut
314 2852 603 2927 Aristoph.
626 2853 695 2906 in
719 2850 937 2922 Equitt.
972 2849 1167 2904 Cleoni
1214 2847 1601 2901 adversarium
1637 2843 1801 2900 finxit
1831 2867 1841 2961 Ι

210 2940 625 3010 summata*
668 2938 991 3014 quendam,
1040 2938 1121 2993 sic
1164 2937 1417 3011 Eupolin
1464 2936 1799 3009 Hyperbolo

212 3034 543 3103 opposuisse
568 3030 797 3085 Niciam
818 3069 835 3097 ,
862 3037 920 3082 et
945 3035 1238 3100 postremo
1270 3026 1655 3101 Hyperbolum
1676 3067 1693 3095 ‚
1723 3024 1797 3081 ab

206 3118 327 3171 hoc
354 3130 717 3193 superatum,
748 3116 933 3171 videri
963 3116 1169 3189 Populi
1213 3117 1395 3191 gratia
1438 3114 1729 3171 excidisse.
1770 3140 1793 3163 »

198 3208 255 3259 Ε
276 3208 377 3263 ιὶΙ.
412 3208 495 3266 ef.
524 3207 941 3282 prolegomena
972 3202 1193 3259 fabulae.

984 3316 1019 3371 5

282 3418 440 3472 plut.
466 3420 538 3473 V.
580 3418 710 3473 Nic.
745 3433 873 3489 cap.
904 3422 937 3481 4
956 3457 973 3485 ,
1000 3414 1073 3470 de
1100 3412 1273 3471 Niciae
1314 3428 1516 3485 magna
1540 3410 1797 3467 liberali—

192 3516 321 3561 tate
354 3524 372 3562 :
404 3504 579 3562 ἐδίδου
606 3502 713 3580 γὰρ
744 3503 846 3580 οὐχ
868 3492 1027 3573 ἧττον
1055 3508 1163 3565 τοῖς
1183 3500 1359 3565 κακῶς
1380 3500 1546 3555 ποιεῖν
1570 3494 1799 3571 δυναμέ-

188 3614 303 3657 νοις
344 3592 385 3663 ἢ
416 3600 527 3655 τοῖς
552 3581 613 3649 ab*
642 3590 875 3669 πάσχειν
920 3587 1098 3655 ἀξίοις.
1144 3588 1233 3645 καὶ
1276 3584 1407 3650 ὅλως
1446 3584 1697 3663 πρόσοδος
1734 3574 1797 3653 ἦν

188 3680 217 3703 ⁸
242 3682 423 3738 αὐτοῦ
450 3680 561 3743 τοῖς
587 3701 647 3736 τε
676 3685 922 3755 πονηροῖς
947 3680 983 3747 ἡ
1018 3676 1213 3748 δειλία,
1240 3674 1331 3733 καὶ
1366 3681 1470 3739 τοῖς
1492 3679 1739 3752 χρηστοῖς
1764 3675 1795 3740 ἡ

198 3767 605 3848 φιλανθρωπία.
638 3764 825 3825 λαὸεἶν
870 3766 925 3825 δὲ
965 3764 1089 3843 περὶ
1130 3762 1325 3822 τούτων
1370 3760 1661 3843 μαρτυρίαν
1707 3760 1797 3817 καὶ

198 3856 357 3935 παρὰ
386 3862 495 3916 τῶν
522 3858 781 3932 κωμικῶν
822 3856 951 3913 ἔστι.
986 3856 1173 3911 Allato
1210 3852 1505 3909 Teleclidis
1544 3851 1797 3905 incerto-

200 3966 333 4001 rum
362 3948 695 4003 dramatum
728 3946 1047 4020 fragmento
1100 3963 1151 4013 1,
1183 3944 1263 3997 sic
1302 3942 1492 4015 pergit
1526 3958 1540 3993 t
1574 3941 1601 3993 ὁ
1631 3935 1675 3993 δ’
1706 3935 1796 3993 ὕπ’

3337 496 3445 549 177

1982 641 2039 679 α.
2081 611 2238 707 Ait-hp
2270 621 2562 710 ὁμολογεῖ
2585 616 2798 682 Νικίαν
2829 614 3156 714 ἑορακέναιῖ

1981 721 2184 788 καίτοι
2209 722 2272 788 τί
2301 724 2508 790 παθὼν
2534 715 2816 810 ἃνέἷδεν,
2843 725 2892 790 εἰ
2921 729 3002 816 μὴ
3033 722 3385 818 προύδίδου;

1888 822 1930 894 5
1983 853 2046 919 γ.
2087 823 2409 915 ἠκούσατ’,
2439 827 2511 920 (ἢ
2548 834 2654 895 οὐκ
2675 827 3033 922 ἡκούσατ’,)
3061 829 3454 914 ὦσυνῆλικες,

1985 939 2080 1000 ἐπ’
2118 939 2446 1028 αὐτοφώρῳ
2485 935 2702 1002 Νικίαν
2742 936 3142 1030 εἰλημμένον;

1991 1045 2048 1124 β.
2097 1039 2252 1132 (Τὸν
2289 1043 2514 1110 Νικίαν
2536 1042 2596 1135 ;)
2656 1049 2824 1135 ὑμεῖς
2861 1044 2997 1138 γὰρ,
3043 1043 3092 1110 ὦ
3128 1041 3455 1138 eppe-›offla-

3290 1147 3414 1229 δεῖς
3437 1203 3456 1234 ,

1986 1245 2238 1320 λοὶἕοιτ’
2273 1251 2346 1322 ἂν
2385 1247 2554 1346 ἄνδρ’
2592 1254 2835 1348 ἄριστον
2867 1263 2926 1324 ἐν
2977 1269 3144 1342 κακῷ
3181 1285 3333 1342 τινι;

1888 1398 2062 1474 Apud
2103 1401 2463 1456 Plutarchum
2487 1403 2855 1458 intolerabilis
2878 1415 2961 1458 est
2983 1403 3318 1478 ambiguitas
3337 1423 3458 1460 ver·

1892 1490 2100 1544 borum
2145 1487 2396 1564 πρόσοδος
2429 1489 2620 1560 αὐτοῦ,
2657 1509 2762 1546 nec
2793 1490 2966 1546 dubie
2994 1491 3327 1566 ponendum
3363 1491 3458 1547 ἀπ’

1892 1574 2072 1645 αὐτοῦ,
2121 1578 2197 1630 ab
2245 1579 2381 1650 illo,
2413 1577 2591 1636 Nicia.
2647 1579 3066 1652 Colloquuntur
3107 1579 3220 1633 hoe
3261 1579 3300 1632 l.
3346 1581 3454 1633 viri

1890 1664 2289 1733 Athenienses,
2337 1667 2437 1739 qui
2485 1667 2546 1720 in
2586 1665 2715 1721 soro
2746 1677 3163 1735 convenerant,
3205 1677 3270 1720 ut
3313 1667 3458 1721 sole-

1892 1749 2064 1820 bant;
2095 1769 2342 1824 quorum
2366 1771 2512 1808 unus
2537 1753 2916 1828 interrogatus
2937 1753 3012 1808 ab
3035 1753 3148 1808 alio
3166 1795 3181 1822 ,
3223 1753 3456 1826 quando

1891 1837 2124 1894 vidisset
2161 1840 2410 1910 Niciam,
2467 1858 2646 1914 quum
2685 1839 3067 1915 respondisset
3112 1859 3170 1896 se
3212 1851 3457 1896 tantum-

1890 1927 2068 1982 modo
2105 1945 2294 2002 nuper
2323 1947 2454 1984 eum
2481 1929 2684 1984 vidisse
2723 1931 2784 1984 in
2821 1927 2948 1985 soro
2986 1940 3224 1985 stantem
3245 1970 3262 1998 ,
3295 1928 3456 2002 alter,

1890 2016 2052 2089 quasi
2091 2015 2152 2070 id
2189 2015 2360 2070 fassus
2400 2017 2568 2072 etiam
2610 2017 2868 2071 conscius
2893 2017 2962 2070 sit
2995 2016 3254 2085 sceleris,
3297 2015 3458 2086 cujus

1887 2104 2320 2161 insimulabatur
2372 2105 2591 2174 Nicias,
2631 2105 2908 2160 exclamat
2959 2131 2982 2153 «ι
3025 2106 3124 2159 Vir
3159 2105 3368 2159 fatetur
3399 2123 3458 2158 se

1887 2194 2108 2248 Niciam
2135 2193 2372 2248 vidisse!
2401 2215 2424 2242 n
2453 2193 2648 2248 Statim
2680 2206 2888 2261 tamen,
2907 2191 3004 2248 ubi
3026 2211 3334 2266 pauperem
3357 2193 3458 2246 ho-

1888 2282 2055 2336 minis
2089 2281 2347 2336 habitum
2376 2281 2666 2356 adspexit,
2695 2281 2934 2338 verbum
2974 2281 3224 2356 elapsum
3262 2299 3456 2355 reprc-

1888 2369 2142 2426 hendens
2164 2369 2326 2426 addit
2355 2395 2380 2418 «ι
2413 2369 2750 2444 Quanquam
2779 2389 2882 2426 cur
2909 2387 3038 2426 eum
3077 2371 3454 2438 convenisset,

1888 2459 1996 2513 nisi
2024 2459 2184 2532 prius
2207 2475 2242 2513 a
2262 2458 2424 2514 Nicia
2447 2458 2722 2528 donatus,
2743 2459 3036 2514 utiterum
3057 2459 3260 2532 stipem
3285 2458 3358 2512 ab
3385 2477 3456 2513 eo

1890 2545 2309 2602 emendicaret?
2334 2571 2358 2596 ι
2389 2547 2478 2602 Sic
2501 2549 2650 2602 enim
2668 2545 3062 2620 accipiendum
3081 2563 3196 2602 esse
3217 2546 3394 2601 verba
3414 2546 3458 2601 εἰ

1891 2631 1966 2706 μὴ
2003 2629 2310 2710 προῦδίδου,
2341 2635 2512 2691 sensit
2539 2635 2808 2709 Bet-gkius
2835 2635 3180 2694 Commentt.
3219 2653 3280 2708 p.
3317 2633 3452 2692 356.

1892 2723 2116 2778 Interea
2147 2723 2344 2777 tertius
2386 2723 2590 2796 aliquis
2625 2741 2924 2778 accurrens
2947 2723 3168 2776 Niciam
3197 2739 3457 2794 compre-

1890 2809 2128 2868 hensum
2157 2821 2215 2866 et
2241 2810 2300 2866 in
2325 2807 2584 2886 flagranti
2609 2811 2840 2866 crimine
2861 2809 3270 2884 deprehensum
3299 2827 3458 2864 nun-

1892 2900 1994 2957 tiat
2045 2901 2130 2975 (v.
2163 2900 2346 2957 Thuc.
2405 2919 2460 2971 7,
2496 2899 2569 2975 39
2595 2933 2626 2941 -
2661 2897 2766 2975 (ιι)
2803 2917 2815 2955 :
2872 2918 3018 2975 quos
3061 2897 3270 2953 refutat
3311 2916 3456 2972 pau-

1892 3006 1996 3062 per
2014 3030 2030 3057 ,
2079 3000 2347 3062 tanquam
2395 2988 2734 3046 insanientes
2753 3028 2769 3053 ,
2833 2988 2932 3060 qui
2987 3006 3104 3042 non
3159 2998 3462 3043 vereantur

1894 3077 2114 3150 optimo
2144 3078 2256 3131 civi
2277 3077 2504 3149 culpam
2525 3077 2854 3131 attribuere.
2878 3074 3050 3146 Quod
3070 3076 3268 3131 attinet
3285 3077 3460 3149 vulgo

1890 3164 2064 3238 edita,
2094 3182 2260 3219 versu
2282 3162 2314 3219 3
2332 3163 2463 3217 libri
2484 3158 2636 3236 Ἀνὴρ
2658 3173 2714 3216 et
2741 3162 2866 3236 ἔωρ.
2896 3179 2910 3218 :
2941 3164 3189 3217 correxit
3207 3162 3451 3218 Runkcl.

1892 3255 1954 3308 V.
1972 3261 2005 3319 4
2023 3251 2334 3307 eorundem
2360 3251 2582 3322 aliquot
2601 3248 2818 3305 solenni
2840 3250 3108 3304 varietate
3131 3246 3334 3321 μαθὼν,
3351 3250 3458 3303 sor·

1891 3352 2036 3395 tasse
2059 3341 2288 3395 rectius.
2321 3340 2526 3392 Versus
2553 3335 2584 3389 5
2601 3348 2660 3391 et
2681 3355 2710 3404 7
2737 3336 3111 3410 probabiliter
3132 3336 3377 3409 explevi,
3403 3339 3458 3395 in

1891 3428 2130 3501 quibuS,
2169 3437 2236 3481 ut
2281 3424 2440 3501 apud
2477 3424 2866 3494 Plutarchum,
2909 3424 3140 3491 similia,
3186 3424 3460 3479 similibus

1890 3514 2077 3573 fraudi
2107 3514 2332 3569 tuerint.
2363 3513 2569 3568 Uncini
2617 3511 3016 3567 additamentis
3043 3512 3273 3565 immissi
3310 3524 3457 3569 sunt.

1890 3600 2173 3672 Συνήλικες
2197 3620 2267 3657 ex
2293 3600 2572 3675 Eupolide
2613 3600 2776 3655 affert
2827 3599 3032 3657 l‘ollux
3059 3598 3130 3671 6;
3169 3598 3298 3674 159.
3325 3600 3456 3663 vid.

1893 3691 2028 3751 Κολ.
2057 3691 2122 3749 sr.
2150 3692 2244 3748 26.

2645 3804 2703 3861 6.

1967 3919 2160 3975 Schol.
2193 3916 2482 3990 Aristoph.
2515 3920 2623 3973 Av.
2665 3914 2814 3970 1556
2849 3932 2862 3970 :
2895 3911 2985 3969 δύο
3011 3910 3064 3969 δέ
3089 3914 3186 3969 εἰσι
3221 3911 3456 3971 Πείσαν-

212 4034 504 4099 Εὐπόλιδος
552 4028 975 4110 κωμῳδούμενος
1016 4031 1071 4087 ἔν
1114 4030 1333 4105 Μαρικᾷ
1373 4024 1628 4103 παράγων
1680 4024 1794 4081 τινὰ
1885 4005 2033 4083 ὄρθ’·
2061 4004 2300 4080 καθάπερ
2327 4002 2396 4062 E·
2427 4003 2482 4059 ἐν
2515 4002 2594 4060 Μ·
2624 4022 2782 4079 φησιν

210 4123 315 4175 τῦν
342 4120 705 4200 ἀπραγμόνων
732 4118 823 4175 καὶ
850 4115 1090 4187 πενήτων
1120 4114 1257 4191 λέγει

306 4264 367 4303 2.
424 4238 629 4303 Πόσου
660 4235 873 4329 χρόνου
902 4232 1017 4327 γὰρ
1054 4236 1478 4325 συγγεγένησαι
1514 4226 1736 4313 Νικίᾳ;

308 4350 373 4428 β.
408 4336 578 4410 Οὐδ’
604 4338 795 4421 εἶδον,
818 4342 871 4408 εἰ
888 4347 971 4432 μή
1004 4341 1237 4431 ’ναγχος
1254 4344 1470 4405 ἑστῶτ’
1492 4342 1553 4402 ἐν
1574 4338 1761 4428 ἀγορᾷ

1985 4146 2048 4187 α.
2091 4108 2280 4185 Kaous
2311 4128 2430 4203 νῦν,
2464 4108 2836 4207 Πείσανδρος
2879 4122 2958 4190 ὡς
2995 4114 3358 4181 ἀπόλλυται.

1988 4229 2046 4308 β.
2089 4220 2142 4289 ὁ
2181 4218 2504 4315 στρεὲλόςς
2555 4248 2614 4291 α.
2656 4222 2806 4301 Οὔκ,
2853 4222 2994 4285 ἀλλ’
3033 4226 3065 4285 ὁ
3105 4221 3318 4312 μέγας,
3354 4224 3457 4283 οὒ-

3143 4321 3454 4399 νοκίνδιος.

978 4526 1035 4575 3.

220 4610 500 4682 Multaque
516 4608 799 4681 comperio
820 4608 879 4663 in
904 4604 1195 4663 tonstrinis
1216 4604 1447 4659 libenter

226 4698 435 4766 sedens,
455 4714 571 4755 non
588 4706 895 4769 suspectus,
914 4704 973 4753 et
986 4711 1057 4751 ne
1072 4691 1375 4764 intelligere
1388 4688 1609 4762 quidem
1628 4690 1789 4743 visus,

980 4788 1035 4837 4.

234 4874 409 4943 itaque
446 4886 553 4943 ego
580 4870 681 4927 tibi
723 4869 909 4933 edice,
954 4870 1305 4925 Marimmem
1336 4879 1447 4919 non
1475 4876 1595 4918 esse
1634 4860 1794 4915 casti-

1496 4946 1791 5020 [gaudum.

974 5047 1028 5096 5.

302 5150 327 5187 a
368 5130 761 5201 Quamdudum
790 5130 939 5187 enim
970 5128 1181 5186 Niciam
1208 5124 1545 5183 convenisti?

1961 4514 2314 4581 Quanquam,
2341 4524 2440 4563 cur
2471 4508 2526 4561 in
2559 4514 2914 4576 conspectum
2939 4504 3058 4575 ejus
3085 4503 3318 4569 venerit,
3349 4504 3458 4557 nisi

3003 4595 3162 4659 [autc
3189 4590 3459 4647 donatus?

1959 4706 2008 4741 c.
2041 4684 2352 4751 AudivistiS,
2385 4690 2482 4751 (an
2511 4698 2622 4737 non
2650 4679 2993 4745 audivistis.)
3017 4676 3264 4747 sodales,

1961 4774 2168 4829 Niciam
2195 4774 2250 4829 in
2274 4770 2522 4844 flagranti
2551 4770 2777 4825 crimine
2805 4766 3206 4839 deprehensum
3239 4768 3388 4822 esse?

1960 4863 2012 4917 b.
2050 4860 2430 4927 (Niciamnei’)
2459 4872 2554 4912 vos
2583 4856 2750 4927 igitur
2777 4853 3068 4910 delirantes

1962 4952 2136 5005 virum
2164 4948 2462 5019 optimum,
2494 4945 2642 5001 velut
2685 4942 2891 5015 flagitio
2927 4941 3110 5015 aliquo
3143 4941 3446 5013 pollutum.

2920 5022 3415 5099 [deprehenderitis
3435 5028 3456 5075 ?

2642 5122 2696 5171 6.

304 5222 347 5276 b.
382 5226 455 5277 Ne
470 5220 579 5277 vidi
595 5220 819 5295 quidem
838 5234 987 5283 eum,
1014 5217 1121 5273 nisi
1139 5231 1334 5287 nuper,
1357 5229 1527 5287 quum
1550 5220 1719 5269 staret
1738 5212 1793 5267 in
1886 5230 1936 5268 a.
1969 5210 2112 5267 Audi
2139 5225 2290 5266 nunc
2308 5248 2324 5273 ‚
2347 5204 2624 5279 quomodo
2643 5202 2905 5260 Pisander
2931 5202 3164 5274 perierit.

302 5326 348 5363 a.
376 5311 465 5365 Vir
488 5308 697 5365 fatetur
714 5322 773 5362 se
800 5306 993 5361 vidisse
1028 5306 1260 5361 Niciam.

430 5414 721 5451 tutonem}
758 5414 1038 5449 ‹atticum-n
1066 5412 1335 5447 uttaettzotitu

1620 5301 1786 5369 [sor0.
1836 5350 1843 5365 ,
1888 5300 1939 5354 b.
1984 5304 2068 5353 An
2094 5296 2387 5352 strab0?a.
2423 5296 2573 5359 Non,
2605 5294 2698 5347 sed
2731 5306 2991 5362 magnus,
3018 5288 3296 5345 asinarius.

3199 5390 3244 5426 12
