3809 5850
1476 441 1488 460 ,
1542 389 2004 453 flssmocuus.

297 553 361 594 α.
424 524 580 615 Πρὸς
635 523 895 615 ἐμαυτὸν
957 523 1369 615 ἐνθυμούμενος
1390 573 1410 605 ,
1461 527 1530 599 νὴ
1585 525 1724 602 τοὺς

1527 630 1719 715 θεοὺς,

290 740 419 820 ὅσῳ
447 730 711 828 διαφέρει
741 745 893 800 σῦκα
919 725 1249 826 καρδάμων
1272 757 1287 772 ·
1326 735 1397 800 σὺ
1430 726 1501 800 δὲ

292 843 595 908 Παύσωνι
614 845 724 933 φὴς
752 839 826 906 τὸ
852 832 1020 906 δεῖνα
1046 842 1599 932 προσλελαληκέναι
1621 865 1639 926 ;

293 951 359 1032 β.
398 946 563 1032 Ναὶ,
607 951 843 1040 πρᾶγμ’
883 947 1164 1038 ἀνηρώτα
1208 971 1283 1038 με
1314 938 1728 1037 δυστράπελον

1521 1079 1681 1120 πανυ
1702 1103 1723 1136 ,

150 1156 187 1225 5
286 1160 435 1249 ἕχον
457 1182 527 1226 τε
542 1154 779 1235 πολλὰς
806 1150 1133 1250 φροντίδων
1159 1150 1481 1236 διεξόδους.

290 1292 349 1330 α.
397 1267 550 1358 Λέγ’
594 1263 774 1332 αὐτό·
816 1263 925 1331 καὶ
967 1262 1081 1358 γὰρ
1122 1269 1229 1332 οὐκ
1267 1263 1545 1359 άγέλοιόν
1596 1267 1721 1332 ἐστ’

1560 1397 1723 1448 ισως.

293 1479 355 1558 β·
392 1466 583 1552 Ετνος
601 1474 884 1567 κυάμινον
914 1467 1073 1545 διότι
1100 1480 1211 1552 τὴν
1240 1477 1348 1568 μὲν
1373 1477 1641 1569 γαστέρα

290 1586 455 1670 φυσᾷ
477 1629 499 1665 ,
528 1581 601 1647 τὸ
642 1573 710 1646 δὲ
738 1590 851 1672 πῦρ
888 1573 948 1646 δ’
980 1583 1081 1666 οὕ;
1114 1581 1345 1673 χάριεν,
1382 1579 1471 1658 οἷς
1510 1585 1726 1674 γιγνώ-

1473 1711 1682 1754 σκεται
1704 1738 1722 1773 ,

294 1793 368 1857 τὸ
396 1795 663 1884 πρᾶγμα
690 1802 798 1860 τοῦ
826 1796 1166 1868 Παύσωνος.
1203 1789 1285 1870 ὡς
1314 1785 1377 1858 δ’
1414 1789 1511 1859 ἀεί
1534 1817 1680 1859 ποτε

166 1918 241 1962 ιο
290 1895 429 1990 περὶ
448 1896 589 1972 τοὺς
616 1897 879 1989 κυάμους
902 1899 1022 1967 ἔσθ’
1054 1896 1225 1977 οὗτος
1257 1905 1289 1966 ὁ
1320 1903 1604 1992 σοφιστὴς
1629 1901 1727 1965 τέ-

240 2035 249 2043 ·
1590 2012 1717 2080 λος.

158 2129 337 2184 Prima
360 2129 561 2204 qualia
588 2129 856 2204 eduntur,
886 2131 1122 2189 minime
1144 2131 1431 2190 cohaerent
1458 2149 1471 2186 ε
1502 2149 1625 2207 quae
1648 2134 1726 2189 sic

158 2217 447 2278 scribenda
470 2231 620 2297 puto
653 2241 669 2276 :

247 2376 307 2415 α.
342 2351 511 2442 Πρὸς
536 2352 796 2444 ἐμαυτὸν
818 2353 1223 2444 ἐνθυμουμένῳ
1243 2402 1261 2437 ,
1292 2353 1361 2426 νὴ
1381 2351 1519 2429 τοὺς
1537 2351 1723 2437 θεοὺς,

246 2463 363 2548 ὅσῳ
392 2454 661 2552 διαφέρει
694 2469 847 2525 σῦκα
877 2451 1233 2550 καρδάμων,
1268 2458 1341 2524 σὺ
1370 2450 1437 2522 δὲ

250 2566 562 2632 Παύσωνα
590 2569 702 2658 φὴς
724 2565 797 2632 τὸ
828 2556 1001 2632 δεῖνα
1026 2565 1559 2658 προλελακηκέναι.

166 2713 337 2783 Atque
354 2711 435 2766 ita
457 2710 630 2766 verti.
655 2707 913 2766 Dindorfi
952 2707 1027 2786 τῷ
1052 2705 1199 2765 δεῖνι.
1229 2708 1296 2766 V.
1322 2714 1356 2774 Ι.
1376 2709 1453 2762 sic
1476 2706 1724 2765 Meinek.

166 2798 307 2853 Libri
332 2795 421 2854 καὶ
458 2795 669 2874 πρᾶγμ’
698 2795 901 2874 ἠρώτα.
934 2801 1003 2856 V.
1034 2795 1069 2851 5
1097 2795 1231 2851 libri
1262 2793 1400 2872 ἔχων
1428 2806 1485 2851 et
1520 2791 1725 2860 δυσεξό-

166 2885 289 2958 δους,
300 2895 565 2943 correcta
584 2886 899 2943 asacobsio
920 2895 977 2942 et
995 2884 1369 2941 Boissonadio
1381 2929 1393 2942 .
1416 2886 1483 2940 In
1500 2902 1661 2940 versu
1690 2883 1725 2939 6

168 2994 265 3031 vox
293 2970 529 3053 ἀγέλοιαν
555 2976 704 3031 male
731 2975 1006 3030 collocata
1038 2993 1050 3025 :
1080 2973 1283 3029 Scribo

253 3093 391 3185 Δέγ’
424 3090 587 3177 αὕθ’,
615 3088 648 3157 ὃ
674 3088 781 3159 καί
798 3089 861 3185 γ’
875 3091 1148 3184 α’γέλοιον
1178 3094 1285 3156 οὐκ
1302 3086 1374 3156 ἂν
1394 3090 1520 3157 ἔστ’
1552 3089 1716 3167 ἴσως.

168 3223 451 3297 Sequentia
472 3232 699 3294 autem,
718 3241 844 3296 quae
866 3240 1037 3279 nemo
1062 3240 1227 3278 sanus
1252 3238 1383 3277 sana
1404 3221 1630 3289 dixerit,
1648 3222 1727 3276 sic

170 3312 433 3368 constituo
458 3328 473 3369 :

260 3428 317 3509 β.
356 3415 538 3501 Em<
572 3421 861 3516 κυάμινον
893 3415 1001 3489 διὰ
1035 3419 1098 3489 τί
1120 3432 1199 3513 τῇ
1229 3422 1335 3512 μὲν
1362 3424 1603 3514 γαστέρι

260 3532 419 3621 φύσ’,
448 3535 515 3597 οὐ
548 3524 621 3597 δὲ
649 3529 864 3622 πυροί;
899 3526 1134 3621 χάριεν,
1156 3522 1245 3604 οἷς
1269 3530 1663 3619 γιγνώσκεται

260 3638 329 3701 τὸ
358 3641 619 3731 πρᾶγμα
652 3646 759 3703 τοῦ
793 3635 1131 3711 Παύσωνος.
1161 3628 1243 3710 ὡς
1272 3626 1331 3699 δ’
1368 3634 1464 3702 ἀεί
1490 3658 1637 3701 ποτε

262 3742 509 3834 κυάμους
526 3743 667 3832 περί
686 3738 745 3833 γ’
766 3739 933 3817 οὗτός
952 3744 1117 3807 ἐστιν
1137 3745 1170 3805 ὀ
1191 3741 1473 3831 σοφιστὴς
1493 3732 1719 3817 τάλαςῑ

724 3926 1161 3985 TRocfflLUS.

272 4032 317 4071 a.
340 4016 499 4089 Apud
526 4034 618 4075 me
641 4016 917 4091 reputanti
933 4056 950 4085 ,
982 4030 1079 4089 per
1104 4012 1235 4072 deos
1251 4055 1267 4083 ‚

276 4102 363 4173 qui
386 4103 522 4161 licus
542 4102 771 4161 differat
792 4118 823 4160 a
850 4100 1119 4160 nasturtio
1136 4142 1153 4171 ‚
1173 4108 1307 4158 tune

278 4192 565 4253 Pausonem
592 4190 649 4248 id
680 4188 990 4265 praedixi‘sse
1012 4190 1131 4246 ais?

204 4342 213 4353 ⁰
276 4274 326 4330 b.
345 4276 510 4348 Sane,
534 4285 591 4335 et
618 4282 807 4334 contra
828 4291 916 4332 me
935 4276 1147 4348 rogavit
1170 4290 1287 4331 rem
1316 4272 1697 4331 difficillimam
1715 4314 1730 4341 ‚

186 4364 214 4411 5
277 4361 578 4436 multasque
600 4360 991 4435 cogitationum
1009 4362 1123 4419 vias
1145 4360 1457 4418 habentem.

276 4461 323 4501 a.
348 4448 445 4505 Dic
461 4448 597 4506 illud
612 4490 627 4517 ‚
656 4448 805 4521 quod
828 4448 1061 4505 fortasse
1082 4447 1227 4504 risus
1251 4461 1365 4503 non
1394 4448 1499 4503 erit
1517 4463 1728 4519 expers.

278 4530 324 4587 b.
344 4534 563 4592 Fabaria
588 4550 690 4592 cur
718 4533 790 4590 sit
810 4533 986 4590 ventri
1226 4592 1233 4598 ,

282 4616 474 4677 inflatio
488 4664 505 4690 ,
522 4636 681 4680 secus
702 4634 868 4694 quam
890 4619 1187 4677 frumenta.
1215 4617 1512 4691 Lepidum,
1534 4618 1733 4691 quibus

1310 4706 1623 4777 [cognitum
1652 4714 1735 4763 ωε
1781 4724 1789 4793 f

286 4793 533 4851 Pausonis
561 4794 767 4851 factum
786 4811 802 4863 3
822 4792 1154 4865 mirumque,

204 4883 259 4931 10
288 4894 487 4953 suuper
507 4898 633 4941 rum
652 4881 795 4939 fabis
820 4896 935 4940 rem
963 4880 1165 4939 habere
1186 4880 1445 4937 miserum
1472 4880 1619 4937 bunc
1649 4896 1731 4937 so·

1434 4968 1729 5041 miniatum!
1828 4976 1892 5027 ιε»
1929 4968 2150 5026 feminae
2171 4977 2354 5027 autem
2382 4967 2510 5026 duae
2535 4968 2853 5043 perturbant
2869 4982 2993 5032 eas,

557 5060 657 5116 EX
692 5060 997 5117 INCERTA
1039 5058 1351 5114 FABULA.

290 5142 539 5215 Equidem
560 5146 743 5204 statim
766 5146 1195 5219 uuiuscujusque
1217 5161 1420 5203 nomen

290 5226 481 5287 dicam:
509 5242 633 5289 sunt
656 5240 839 5291 autem
861 5240 1073 5291 cunctae
1092 5232 1269 5289 omnis
1293 5234 1507 5305 generis
1536 5232 1699 5290 urbes
1714 5274 1729 5299 ,

3275 409 3408 459 601-

1813 521 1966 578 Dedi
1984 517 2152 602 φύσα,
2171 521 2236 581 h.
2257 538 2310 579 e.
2336 481 2478 600 iptio«
2503 519 2640 594 ἐστὶ,
2651 523 2834 596 flatus
2853 537 2948 595 est,
2983 546 3093 602 pro
3115 545 3207 601 eo,
3231 530 3392 604 quod

1815 610 1970 667 dicas
1991 605 2274 688 φυσητικόν
2297 609 2409 666 ἔστι
2422 650 2439 680 ,
2461 612 2552 668 vel
2569 616 2709 690 φυσᾷ
2724 653 2741 682 ,
2755 613 3116 684 flatuleneum
3141 630 3244 687 est,
3277 629 3386 676 etc.

1813 699 1931 754 Nec
1952 699 2126 754 verba
2139 695 2322 777 χάριεν
2351 707 2410 756 et
2433 717 2590 773 seqq.
2623 701 2784 757 alteri
2811 722 3058 778 personae
3085 705 3384 762 tribuenda

1813 796 1964 844 sunt.
2003 789 2073 845 V.
2117 803 2188 842 ιο
2229 785 2477 840 alienum
2514 803 2650 842 sane
2676 783 2818 854 τέλος
2866 810 2878 844 ;
2916 791 3109 866 itaque
3151 793 3382 851 Jacobs.

1813 874 1978 930 malit
2007 871 2170 938 πολὺς
2183 915 2200 944 ,
2229 874 2556 949 Dalecamp.
2584 869 2700 940 ὅλος
2715 917 2732 950 ,
2774 878 3046 956 Bergkius
3093 879 3252 949 τέως,
3287 882 3387 938 sed

1816 962 1984 1037 longe
2019 961 2254 1018 similius
2299 962 2603 1036 aptiusque
2630 974 2715 1018 est
2738 963 2902 1029 τάλας
2919 1006 2936 1035 ,
2974 973 3158 1036 miser,
3207 971 3390 1042 qualis

1814 1067 2016 1108 revera
2054 1049 2166 1108 fuit
2191 1051 2383 1124 pictor
2407 1052 2662 1126 Pauson‚
2712 1051 2783 1109 de
2827 1073 2944 1127 quo
2987 1055 3063 1112 ad
3098 1055 3382 1131 Aristoph.

1815 1139 1962 1195 Plut.
1997 1135 2111 1214 598
2137 1148 2341 1193 ηοω-τε
2366 1138 2461 1195 ed.

2191 1245 2294 1304 Ex
2333 1247 2655 1308 INCERTA
2697 1251 3012 1311 FABULA.

1894 1357 2055 1417 Stob.
2083 1359 2280 1417 Floril.
2305 1361 2403 1433 43,
2433 1379 2530 1432 27,
2558 1380 2689 1419 cum
2713 1363 2974 1422 lemmate
2997 1361 3270 1445 Ἧνιόχου.

1963 1469 2100 1570 Ἐγὼ
2129 1468 2188 1542 δ’
2215 1477 2481 1570 ὀνόματα
2513 1479 2618 1570 μὲν
2645 1480 2778 1547 καθ’
2815 1480 3070 1560 ἑκάστης
3096 1485 3310 1552 αὐτίκα

1959 1581 2116 1664 λέξω
2136 1607 2151 1622 ·
2183 1584 2518 1650 συνάπασαι
2546 1579 2600 1649 δ’
2621 1583 2736 1653 εἰσὶ
2753 1581 3138 1655 παντοδαπαὶ
3155 1593 3382 1676 πόλεις,

1964 1684 2032 1754 αἲ
2059 1698 2156 1754 νῦν
2188 1686 2601 1760 ἀνοηταίνουσι
2627 1691 2812 1757 πολὺν
2841 1684 2961 1768 ἤδη
2989 1697 3222 1788 χρόνον.

1966 1793 2125 1886 Τάχ’
2157 1791 2229 1862 ἄν
2261 1820 2356 1874 τις
2386 1798 2760 1889 ὑποκρούσειε
2779 1792 3095 1895 κάνέροιθ’,
3130 1805 3167 1869 ὅ
3191 1830 3253 1870 τι

1826 1896 1863 1968 5
1967 1911 2063 1968 νῦν
2081 1893 2284 1969 ἐνθαδί
2309 1910 2451 1970 ποτ’
2485 1902 2599 1970 εἰσί
2623 1929 2638 1944 ·
2672 1911 2812 1999 παρ’
2848 1910 2998 1999 ἐμοῦ
3029 1910 3331 1978 πεύσεται.

1902 2049 1910 2056 -
1965 2006 2048 2072 Τὸ
2077 2005 2294 2100 χωρίον
2324 2009 2428 2099 μὲν
2454 2004 2571 2102 γὰρ
2601 2001 2732 2076 τόδ’
2765 2011 2896 2078 ἐστὶ
2923 2020 3044 2082 πᾶν
3078 2018 3282 2102 κύκλῳ

1970 2105 2266 2204 ὀλυμπία
2287 2162 2306 2198 ,
2341 2107 2520 2186 τηνδὶ
2547 2107 2615 2180 δὲ
2645 2118 2754 2189 τὴν
2798 2119 3010 2192 σκευὴν
3039 2122 3168 2186 ἐκεῖ

1966 2221 2182 2292 σκηνὴν
2208 2223 2346 2312 ὁρᾶν
2379 2221 2656 2312 θεωρικήν
2683 2216 2974 2313 νομίζετε.

1965 2321 2104 2392 Εἶεν
2121 2353 2135 2368 ·
2159 2323 2222 2392 τί
2249 2322 2367 2420 οὖνν
2379 2326 2628 2394 ἐνταῦθα
2649 2319 2873 2419 δρῶσιν
2895 2329 2958 2394 αἱ
2989 2330 3192 2410 πόλεις

1836 2452 1916 2497 10
1967 2427 2230 2524 ἐλευθέρί
2251 2429 2533 2521 ἀφίκοντο
2552 2433 2829 2501 θύσουσαί
2856 2461 3006 2501 ποτε
3024 2485 3042 2520 ,

1963 2539 2064 2604 ὅτε
2090 2545 2210 2603 τῶν
2236 2537 2422 2632 φόρων
2445 2535 2698 2630 ἐγένοντ’
2727 2541 3014 2634 ἐλεύθεραι
3043 2535 3288 2632 σχεδόν·

1966 2639 2208 2712 κᾶπειτ’
2247 2645 2356 2711 ἀπ’
2393 2644 2618 2723 ἐκείνης
2643 2657 2752 2726 τῆς
2779 2646 2978 2726 θυσίας
3007 2640 3300 2743 διέφθορεν

1968 2749 2152 2830 αὐτὰς
2187 2745 2465 2831 ξενίζουσ’
2499 2756 2728 2845 ἡμέραν
2755 2753 2818 2836 ἐξ
2853 2757 3078 2848 ἡμέρας

1969 2853 2228 2925 λὲουλία
2252 2907 2271 2943 ,
2303 2856 2682 2953 κατέχουσα“
2715 2860 2902 2927 πολὺν
2934 2853 3052 2935 ἤδη
3081 2861 3290 2954 χρόνον
3306 2888 3319 2901 ·

1834 2988 1855 3031 ι
1876 2961 1915 3033 5
1965 2972 2211 3059 γυναῖκε
2233 2956 2293 3030 δ’
2323 2964 2507 3044 αὐτὰς
2535 2958 2644 3032 δύο
2667 2966 3042 3060 ταράττετόν
3071 2993 3194 3033 τινε
3220 3018 3238 3053 ,

1967 3067 2059 3136 ἀεὶ
2091 3080 2364 3137 συνοῦσαι
2382 3096 2396 3112 ·
2436 3072 2833 3164 Δημοκρατία
2865 3073 3086 3164 θατέρᾳ

1966 3174 2130 3265 ὄνομ’
2168 3172 2337 3259 ἐστὶ,
2369 3184 2446 3268 τῇ
2477 3168 2531 3241 δ’
2561 3168 3004 3270 Ἀριστοκρατία
3028 3178 3247 3269 θατέρᾳ
3271 3228 3288 3259 ,

1966 3274 2006 3361 ὃ
2012 3276 2048 3345 ι’
2079 3276 2150 3357 ἃς
2179 3282 2680 3371 πεπαρῳνῆκασιν
2707 3274 2826 3355 ἤδη
2851 3281 3172 3359 πολλάκις.

1820 3407 2132 3463 Verisimile
2157 3406 2386 3463 videtur
2421 3408 2732 3479 Meinekio‚
2770 3409 3094 3478 comaediae,
3131 3408 3291 3481 cujus
3321 3427 3389 3464 ex

1820 3496 2064 3570 prologo
2083 3496 2336 3570 excerpti
2357 3505 2488 3551 sunt
2501 3497 2563 3552 hi
2583 3514 2801 3568 versus,
2827 3496 3072 3553 indicem
3093 3496 3258 3554 fuisse
3282 3494 3388 3557 [16-

1820 3581 1956 3654 λεις,
1981 3593 2046 3638 ut
2059 3582 2328 3639 dramatis
2349 3583 2508 3657 quod
2531 3585 2765 3658 Eupolis
2783 3587 3028 3659 scripsit,
3053 3602 3388 3659 comparan-

1820 3670 1962 3725 dum
1988 3689 2121 3727 cum
2147 3671 2541 3746 Aristophanis
2573 3667 2772 3740 Νήσοις
2805 3688 2818 3729 :
2855 3690 2914 3727 v.
2946 3689 3120 3745 supra
3155 3671 3308 3727 dicta
3335 3672 3392 3725 in

1822 3758 2046 3833 Proleg.
2080 3760 2146 3813 V.
2181 3778 2204 3813 1
2239 3759 2410 3833 vulgo
2430 3760 2546 3815 καθ’
2571 3755 2815 3827 ἑκάστην.
2843 3760 2912 3814 V.
2947 3767 2976 3827 ἱ.
3005 3771 3062 3815 et
3087 3758 3119 3815 5
3140 3758 3271 3814 libri

3317 3873 3370 3891 d

1932 3944 2058 4001 quae
2079 3943 2230 3985 nunc
2239 3927 2568 4000 jamdudum
2589 3925 2841 3984 delirant.

1930 4017 2182 4071 Fortasse
2201 4014 2306 4070 erit
2319 4055 2335 4082 ,
2361 4014 2456 4086 qui
2481 4030 2568 4071 me
2595 4013 2901 4087 interpellet
2917 4054 2934 4082 ‚
2955 4030 3204 4086 quaerens

1822 4106 1856 4157 5
1930 4116 2026 4157 cur
2043 4100 2262 4157 tandem
2291 4100 2382 4158 hic
2407 4103 2517 4157 sint
2543 4120 2556 4157 ι
2583 4118 2649 4159 ex
2677 4116 2764 4159 me
2791 4104 3103 4175 comperiet.

1931 4190 2110 4245 Locus
2135 4186 2226 4243 hio
2243 4185 2466 4260 quidem
2485 4187 2667 4245 omnis
2695 4188 2902 4245 circum
2919 4196 3004 4246 est

1932 4273 2220 4347 Olympia;
2251 4272 2402 4330 hunc
2433 4288 2561 4330 vero
2584 4282 2906 4348 apparatum

1931 4360 2228 4417 tentorium
2247 4358 2428 4416 videre
2451 4360 2754 4432 legatorum
2778 4360 3098 4418 existimate.

1933 4454 2050 4520 Age
2073 4448 2273 4522 igitur:
2301 4447 2434 4521 quid
2459 4448 2551 4505 hle
2579 4457 2750 4521 agunt
2771 4449 2971 4506 urbes?

1828 4542 1893 4591 ιο
1933 4534 2164 4591 libertati
2186 4549 2337 4593 sacra
2364 4534 2593 4592 facturae
2611 4534 2742 4591 olim
2771 4544 3039 4593 venerunt
3055 4578 3072 4603 ‚

1932 4638 2108 4696 quum
2131 4622 2349 4679 tributis
2374 4620 2768 4697 propemodum
2788 4622 3031 4679 liberatae
3053 4630 3264 4687 essent3

1931 4707 2130 4766 deinde
2152 4723 2278 4765 vero
2301 4716 2423 4781 post
2443 4707 2580 4765 illud
2603 4708 2927 4766 sacrificium
2955 4707 3191 4780 perdidit

1930 4810 2047 4863 ear,
2075 4794 2308 4868 hospitio
2325 4795 2600 4869 excipiens
2617 4793 2687 4852 de
2709 4794 2798 4852 die
2817 4796 2876 4851 in
2896 4794 3042 4851 diem
3059 4836 3076 4864 ‚

1932 4880 2288 4953 Incogitantia
2306 4923 2322 4950 ‚
2365 4880 2662 4939 multarum
2699 4880 2892 4939 sedum
2927 4894 3206 4953 occupans
3245 4878 3390 4935 thro-

3177 4970 3340 5034 [num
3377 4988 3387 5021 :

1932 5072 2058 5131 quae
2082 5072 2190 5114 uua
2210 5064 2342 5115 sunt
2365 5072 2581 5129 semper
2606 5078 2620 5115 ι
2649 5056 2802 5113 alteri
2837 5054 3178 5111 Democratia

1935 5160 2136 5200 nomen
2158 5150 2270 5211 est,
2293 5142 2446 5199 alteri
2467 5159 2594 5199 vero
2617 5140 2992 5207 Aristocrati33

1929 5246 2052 5303 qum
2082 5230 2202 5303 plus
2223 5230 2388 5288 semel
2407 5244 2497 5286 eas
2519 5229 2655 5285 male
2679 5226 3034 5284 inebriarunt.
