3809 5850
463 439 578 489 2⁴6

1457 422 1872 483 coMOEmAE
1918 390 2243 485 ventus
2286 407 2698 497 numum.

558 568 639 645 εἷς
674 561 734 635 δ’
774 568 1132 659 ἀμφοτέρων
1179 567 1470 658 ὄστρακον
1519 570 1790 632 αὐτοῖσιν
1832 564 2027 638 alst-⁶⁶2
2074 566 2085 653 Ι
2126 554 2343 617 λαόοῦσ’
2370 558 2396 581 ¹*
2424 556 2831 617 ἅνασκάλλεται.
2870 582 2893 608 υ
2930 558 3305 617 probabiliter
3338 561 3483 615 Mein.
3510 560 3611 616 ἅνα-

1492 670 1570 749 εἰς
1609 674 1787 763 μέσον
1823 674 2033 755 ἑστὼς,

464 776 503 846 5
555 777 666 847 κᾶν
717 783 822 873 μὲν
873 780 1144 871 πίπτῃσι
1199 775 1280 843 τὰ
1312 780 1478 844 λεύκ’
1530 778 1761 857 ἐπάνω,
1799 781 2034 871 φεύγειν

1272 882 1430 976 ταχὺ
1475 884 1612 961 τοὺς
1645 886 1877 977 ἐτέρους
1911 875 2034 969 δεῖ,

559 992 696 1069 τοὺς
726 983 797 1057 δὲ
825 984 1090 1059 διώκειν.

461 1122 644 1175 lidem
677 1139 869 1177 versus
891 1122 1160 1195 leguntur
1186 1136 1278 1193 ap.
1301 1118 1556 1175 Eustath.
1580 1118 1656 1173 ad
1673 1120 1745 1178 11.
1767 1137 1825 1193 p.
1857 1138 1878 1173 1
1895 1117 1997 1174 161
2012 1158 2031 1187 ,

465 1218 560 1273 42.
599 1212 774 1265 Versu
823 1229 838 1265 ι
890 1204 992 1285 γὰρ
1041 1208 1302 1262 Hermias
1335 1206 1614 1281 Bekkeri3
1657 1208 1799 1263 Astii
1843 1217 2033 1261 autem

463 1294 549 1367 δὲ,
608 1300 768 1371 quasi
831 1298 994 1352 Plato
1062 1296 1374 1369 scripsisset
1439 1291 1812 1373 παιδαρίοισιν.
1877 1297 2033 1351 Eust.

464 1386 695 1440 omittit.
738 1376 805 1441 ln
831 1381 882 1443 οἳ
912 1384 990 1441 ἑκ.
1023 1383 1271 1439 insolens
1305 1379 1356 1438 οἳ
1391 1392 1716 1457 correptum
1735 1422 1752 1451 ‚
1797 1400 2033 1457 praeser-

463 1476 566 1529 tim
593 1476 653 1530 in
695 1476 808 1530 hoc
853 1491 1062 1551 genere
1113 1472 1433 1535 carminum
1468 1490 1483 1526 ι
1523 1488 1704 1546 quare
1741 1472 1940 1525 malim
1983 1464 2037 1527 οἳ

463 1560 720 1622 ’καίοι-οτι.
745 1566 813 1620 V.
857 1562 890 1619 3
923 1562 1056 1617 libri
1093 1560 1140 1617 οἱ
1175 1559 1221 1617 δ’
1242 1547 1342 1631 αὖ,
1378 1560 1536 1634 quod
1572 1559 1776 1615 eodem
1801 1560 2035 1616 nomine

462 1650 756 1726 displicet5
787 1669 894 1707 nec
937 1650 1176 1706 dubium
1215 1648 1354 1721 quin
1393 1646 1664 1721 ponenda
1693 1648 1862 1703 suerit
1905 1666 2031 1703 mo·

461 1758 582 1794 rem
623 1739 882 1794 indicans
923 1734 986 1793 ἂν
1022 1737 1322 1811 particula.
1368 1738 1436 1792 V.
1473 1742 1504 1801 ί.
1555 1738 1810 1792 Eustath.
1858 1736 2033 1799 αὐτοῖς

463 1824 688 1894 ἀνίησιν.
721 1826 950 1881 Pridem
977 1826 1148 1881 etiam
1166 1825 1341 1881 Mein.
1368 1824 1550 1879 versui
1579 1824 1915 1898 opitulatus,
1936 1823 2031 1881 αὖ-

461 1919 624 1970 τοῑσιν
637 1910 829 1983 ἀνίησ’,
842 1930 1030 1987 neque
1045 1930 1190 1987 opus
1200 1912 1392 1967 verbis
1403 1912 1758 1986 transpositis
1772 1911 1946 1977 αὗτοῖς
1962 1912 2033 1977 εἷς

463 1999 623 2074 μέσον
659 1998 821 2065 emb<
850 1998 1075 2071 ἀνίησιν.
1119 2001 1380 2057 Henuias
1411 1997 1588 2063 αὐτοῖς
1629 2000 1861 2059 omittit.
1895 2004 1965 2059 V.
2000 1998 2033 2055 5

463 2087 688 2166 πίπτῃσι
721 2093 905 2160 Eust.;
934 2092 1133 2147 Herm.
1156 2084 1352 2165 πίπτῃ,
1385 2087 1545 2164 quod
1563 2084 1812 2166 ἄμετρον.
1838 2089 2037 2145 Eustar·

461 2181 613 2236 thius
633 2182 674 2236 1.
699 2201 754 2239 c.
781 2200 796 2239 τ
823 2178 1005 2244 παῖδες
1031 2176 1144 2248 δύο,
1165 2180 1390 2256 γραμμῇ
1414 2200 1516 2235 τινι
1537 2174 1907 2254 μεσολαΰούσῃ
1934 2177 2037 2235 διε-

465 2266 712 2338 στηκότες
739 2265 1016 2337 ἀλλήλων,
1036 2264 1292 2345 ὄστρακον
1317 2267 1438 2343 ἆνερ
1476 2262 1688 2337 ίπτουν,
1721 2254 1784 2323 οὗ
1821 2264 2036 2345 θάτερον

464 2353 562 2429 μὲν
587 2354 742 2433 μέρος
767 2352 788 2431 (
809 2354 988 2433 latus)
1017 2350 1420 2429 πεπισσωμίνον
1477 2376 1526 2425 ν,
1551 2352 1612 2412 τὸ
1631 2352 1771 2419 ἐντὸς
1795 2354 1996 2426 δηλαδὴ
2016 2397 2035 2427 ,

463 2442 526 2501 τὸ
551 2441 607 2500 δὲ
632 2442 778 2508 ἐκτὸς
801 2440 1124 2499 ἀπίσσωτον·
1159 2440 1404 2519 διώριστο
1437 2439 1494 2499 δὲ
1525 2444 1738 2518 (intell.
1765 2438 1833 2497 τὰ
1857 2440 2040 2521 ὄστρα·

467 2530 564 2607 κα)
591 2530 696 2597 τοῖς
731 2529 1117 2607 συμπαίζουσι,
1149 2532 1305 2587 τινῶν
1334 2527 1430 2605 μὲν
1452 2526 1547 2599 τὴν
1571 2526 1770 2586 πίσσαν
1793 2527 2039 2608 ἐχόντων,

465 2620 619 2677 τινῶν
664 2616 717 2675 δὲ
761 2617 822 2675 τὸ
863 2617 1070 2675 λευκόν·
1107 2617 1200 2675 καὶ
1240 2616 1325 2674 ὅτε
1357 2614 1651 2687 ἀναὸληθὶν
1681 2614 1740 2674 τὸ
1783 2616 2039 2696 ὄστρακον

465 2706 618 2766 πέσοι
639 2750 658 2783 ,
685 2698 760 2766 ὧν
797 2704 891 2783 μὲν
931 2698 995 2779 ἦν
1023 2704 1083 2764 τὸ
1111 2705 1260 2764 κάτω
1285 2709 1379 2763 τοῦ
1401 2702 1692 2783 ὀστράκου,
1727 2702 1963 2784 ἔφευγον,
1993 2708 2039 2763 οἱ

468 2794 524 2856 δὲ
570 2794 744 2854 λοιποὶ
785 2794 1021 2854 ἐδίωκον.
1075 2797 1265 2873 χρῆσις
1304 2796 1398 2865 τῆς
1437 2790 1622 2861 λέξεως
1663 2792 2037 2872 (ὀστρακίνδα)

467 2885 520 2941 ἐν
554 2886 618 2962 τῇ
641 2881 895 2964 κωμῳδία
924 2884 1062 2959 (Eq.
1096 2882 1242 2960 795)
1270 2878 1398 2962 πρὸς
1428 2877 1646 2958 αἴνιγμα
1676 2885 1768 2939 τοῦ
1805 2878 2043 2962 ῥηθέντος

467 2970 900 3051 ἐξοστρακισμοῦ.
930 2972 1040 3034 Πλ.
1069 2969 1161 3049 δὲ,
1187 2967 1366 3051 φασὶν,
1409 2972 1438 3028 ὃ
1471 2991 1610 3044 κωμ.
1659 2968 1843 3049 φράζει
1877 2969 2039 3041 αὐτὴν

468 3059 630 3127 οὕτως
659 3061 945 3137 (sequitur
985 3061 1134 3142 ῥῆσις
1171 3058 1412 3136 poetae).
1453 3061 1482 3116 δ
1528 3055 1581 3115 δὲ
1622 3055 1955 3135 ἅναρρίπτων
1982 3055 2043 3116 τὸ

466 3145 722 3227 ὄστρακον
757 3147 983 3226 ἐπιλέγει
1027 3173 1050 3198 α
1086 3145 1198 3215 Νὺξ
1228 3144 1265 3216 ἣ
1298 3146 1501 3225 ἡμίραὶ
1533 3171 1558 3198 ³·
1591 3149 1660 3204 In
1697 3147 1784 3202 his
1809 3146 2041 3222 quidem

467 3239 600 3294 libri
650 3241 796 3294 mira
847 3238 1218 3313 corruptione
1261 3231 1419 3293 τίνων
1461 3234 1561 3310 μὲν
1603 3232 1662 3291 τὸ
1697 3229 1793 3305 τὴν
1845 3233 2042 3294 πίσσαν

467 3322 614 3402 ἔχον,
643 3323 798 3382 τίνων
823 3322 961 3382 δὲτὸ
994 3322 1199 3382 λοιπόν.
1230 3325 1319 3381 De
1346 3343 1381 3379 κ
1402 3335 1461 3379 et
1493 3345 1535 3379 π
1567 3324 1768 3379 litteris
1795 3324 2045 3382 confusis

467 3413 545 3470 ad
583 3413 744 3474 Iliad.
779 3413 838 3485 3,
865 3414 1002 3482 406.
1031 3438 1058 3465 σι
1080 3415 1346 3471 Ceterum
1369 3410 1617 3487 Bergkio
1653 3421 1829 3485 poeta
1855 3431 2044 3486 respe-

469 3503 610 3560 xisse
623 3501 847 3562 videtur
862 3502 1182 3579 Hyperboli
1201 3498 1734 3558 condemnationem
1749 3516 1764 3558 :
1779 3497 1873 3557 hic
1891 3501 2043 3556 enim

469 3607 650 3664 quum
679 3593 901 3666 populo
933 3593 1223 3660 suasisset,
1257 3600 1323 3645 ut
1343 3591 1565 3646 Niciam
1589 3625 1607 3658 ,
1655 3598 1754 3643 aut
1779 3588 2043 3644 Alcibia-

469 3678 624 3748 dem,
657 3691 756 3736 aut
779 3680 1070 3737 Phaeacem
1087 3719 1106 3748 ,
1131 3697 1164 3736 e
1181 3679 1410 3736 civitate
1435 3675 1698 3748 ejiceret,
1723 3677 1838 3747 illi,
1863 3679 2042 3733 socie·

469 3775 583 3820 tate
608 3766 758 3821 inter
782 3784 842 3820 se
869 3767 1040 3836 inita,
1073 3765 1388 3822 effecerunt
1427 3775 1492 3820 ut
1529 3765 1648 3838 ipse
1683 3763 1884 3821 iisdem
1926 3763 2041 3819 suf-

470 3851 662 3926 fragiis
688 3853 1074 3910 damnaretur.
1107 3851 1197 3908 Ab
1218 3850 1324 3908 hac
1352 3853 1526 3928 igitur
1555 3853 1824 3908 societate
1840 3865 2043 3926 poten-

473 3940 816 3996 tissimorum
851 3951 988 3996 tunc
1029 3939 1266 3996 Athenis
1297 3939 1558 3994 virorum
1594 3935 1891 3994 Platonem
1933 3957 2041 4013 pu-

474 4036 554 4081 tat
575 4025 826 4082 fabulam
847 4027 1187 4102 inscripsisse
1203 4021 1552 4101 Συμμαχίαν,
1565 4043 1752 4098 neque
1770 4027 1850 4080 ita
1861 4028 2043 4082 multo

471 4125 603 4188 post
635 4115 852 4189 olymp.
897 4134 998 4189 91,
1050 4132 1074 4169 1
1117 4111 1396 4168 docuisse.
1445 4113 1584 4183 Quae
1619 4112 1682 4168 in
1715 4111 2045 4185 conjectura

473 4220 590 4260 csse
611 4203 795 4277 posita
813 4241 832 4271 ,
857 4200 1022 4259 facile
1047 4210 1308 4276 apparet.
1346 4221 1371 4249 υ
1407 4199 1458 4254 Ε
1476 4199 1561 4256 M.

1232 4325 1286 4382 3.

553 4439 754 4495 Pollux
804 4459 862 4508 α,
889 4439 964 4495 83
1018 4458 1032 4494 t
1071 4435 1358 4516 ὠτογλυφὶς
1384 4435 1438 4493 δὲ
1478 4434 1682 4513 εἴρηται
1711 4435 1856 4515 παρὰ
1891 4438 2043 4497 Πλά-

2076 1992 2090 2791 Μ

2126 645 2437 704 σκαλεύεται
2462 635 2656 723 (ὦτα).
2680 645 2934 705 Scribam

2222 756 2342 820 Σὺν
2387 749 2445 821 δ’
2499 753 2684 837 ἐλαίῳ
2715 758 2774 847 γ’
2830 747 3219 847 ὠτογλυφίδα
3262 751 3479 823 λα’ὅοῦσ’
3500 758 3611 821 α’να-

3300 866 3610 929 σκαλεύεται.

2128 976 2359 1051 Ἀνασκ.,
2388 984 2622 1037 rimatur
2646 990 2704 1037 et
2724 990 2931 1056 purgat
2944 998 3134 1051 aures,
3151 982 3333 1037 oleum
3350 982 3415 1037 ad
3437 1001 3615 1037 manum

2125 1068 2339 1125 habens
2358 1108 2377 1138 ,
2406 1088 2525 1143 quo
2563 1069 2769 1127 deinde
2798 1088 2893 1125 eas
2920 1068 3143 1127 illiniat.
3178 1072 3368 1126 Versus
3390 1082 3616 1143 asymrte·

2126 1166 2235 1227 tus,
2263 1169 2525 1214 constans
2542 1176 2575 1215 e
2596 1158 2883 1215 trochaico
2900 1169 2959 1216 et
2982 1157 3228 1215 iambico
3248 1158 3493 1229 dimetris‚
3510 1176 3615 1231 qua·

2126 1246 2193 1301 lis
2219 1258 2303 1301 est
2324 1248 2573 1321 AEscbyli
2608 1252 2712 1324 Ag.
2738 1257 2850 1320 427
2879 1266 2897 1307 ε

2206 1358 2343 1416 ἀλλὰ
2363 1357 2669 1440 ταχύμορον
2690 1360 3167 1439 γυναικοκήρυκτον
3186 1360 3390 1420 ὄλλυται
3422 1360 3561 1437 κλέος,

2126 1476 2371 1521 metrum
2398 1468 2569 1521 etiam
2590 1464 2795 1523 Plauto
2814 1478 2872 1525 et
2901 1470 3171 1527 Terentio
3204 1472 3465 1527 usitatum.
3499 1472 3620 1525 Cete-

2124 1572 2253 1609 rum
2264 1554 2439 1609 verba
2454 1555 2507 1611 ἐν
2530 1554 2713 1630 Συμμ.
2730 1557 2933 1613 absunt
2946 1558 3017 1613 ab
3035 1562 3257 1634 optimo
3274 1560 3395 1616 cod.
3414 1557 3621 1613 Bckkeri.

2124 1642 2371 1697 Cobetus
2421 1642 2588 1701 Obss.
2636 1663 2695 1718 p.
2766 1644 2873 1700 126
2926 1664 2940 1698 τ
2993 1646 3045 1702 ἐν
3109 1644 3390 1724 Συμμαχίᾳ
3438 1642 3536 1701 καὶ
3576 1642 3623 1697 ἐν

2126 1724 2307 1807 Λαΐῳ
2335 1747 2350 1788 t
2384 1726 2529 1802 Ὤτ.,
2553 1742 2659 1788 etc.

2885 1846 2945 1905 Ιι.

2207 1948 2368 2006 Idem
2394 1950 2453 2025 6,
2491 1969 2558 2022 17
2599 1971 2613 2007 ·.
2645 1948 2705 2009 τὸ
2740 1952 2829 2007 νῦν
2866 1948 3091 2030 ἕψημα
3134 1950 3626 2029 ὀνομαζόμενον,ὅι·.ερ

2125 2036 2268 2095 ἐστὶν
2294 2025 2429 2104 οἶνος
2463 2036 2729 2119 ἡψημένος
2764 2038 2836 2104 εἷς
2859 2038 3183 2116 γλυκύτητα.
3218 2041 3306 2100 καὶ
3334 2041 3459 2098 τοῦτ’
3486 2036 3538 2096 ἂν
3563 2038 3624 2105 εἴη

2126 2124 2187 2183 τὸ
2210 2124 2483 2205 εἰρημένον
2514 2129 2567 2185 ἐν
2584 2131 2648 2206 τῇ
2675 2130 2767 2186 τοῦ
2794 2126 3081 2196 Πλάτωνος
3104 2134 3200 2189 τοῦ
3223 2132 3445 2207 κωμικοῦ
3468 2129 3611 2201 Συμμ.

2282 2282 2379 2295 -—
2406 2245 2492 2312 Τὸ
2520 2243 2631 2339 γὰρ
2670 2244 2876 2338 ἔψημσί
2910 2272 3010 2313 σου

2241 2351 2558 2445 γευόμενος
2589 2353 2800 2419 ἔλαθον
2831 2355 3179 2447 ἐκροφῆσας.

2138 2506 2161 2531 α
2194 2483 2457 2557 Figurate
2489 2480 2741 2555 dictum,
2778 2495 2844 2539 ut
2868 2482 3119 2555 videtur,
3162 2486 3325 2557 Quod
3345 2497 3400 2541 tn
3427 2488 3636 2549 ino-ivim,

2130 2582 2350 2642 egomet
2376 2572 2565 2632 exedi.
2600 2596 2627 2621 υ
2658 2574 2710 2627 Ε
2734 2574 2821 2631 M.
2860 2574 2947 2628 De
2966 2573 3080 2628 hoc
3112 2573 3343 2647 quidem
3364 2592 3415 2629 v.
3440 2570 3639 2627 Terentii

2132 2660 2359 2715 Phorm.
2392 2678 2453 2733 α,
2485 2678 2545 2729 2,
2579 2666 2609 2726 4
2637 2680 2654 2730 3
2682 2660 2783 2717 sed
2808 2678 3013 2719 vereor
3038 2672 3103 2716 ut
3136 2661 3200 2718 id
3230 2663 3312 2720 Pl.
3346 2658 3637 2736 significave-

2130 2749 2226 2807 rit.

2762 2850 2775 2863 ο
2890 2835 2945 2895 5·

2212 2949 2414 3006 Athen.
2437 2967 2497 3018 α,
2522 2967 2581 3024 p.
2613 2937 2796 3024 68,'c‚
2813 2959 2870 3006 et
2888 2967 2959 3006 ex
2976 2967 3047 3008 eo
3078 2953 3235 3009 Eust.
3263 2952 3336 3008 ad
3354 2953 3417 3008 ll.
3440 2969 3491 3024 p.
3511 2945 3642 3014 1148,

2136 3037 2211 3093 26
2258 3057 2272 3091 :
2308 3037 2542 3107 θηλυκῶς
2572 3035 2701 3114 (τὴν
2734 3037 2972 3114 ὀρίγανον
3013 3036 3188 3118 λέγει)
3228 3037 3381 3108 Πλ.ἢ
3428 3035 3643 3112 Κάνθαρος

2137 3147 2225 3201 μ’.
2252 3126 2660 3201 prolegomena
2677 3127 2718 3200 )·

2234 3218 2289 3298 fi
2324 3226 2382 3310 ’ξ
2411 3223 2715 3324 Ᾱρκαδίας
2744 3257 2843 3299 τοι
2870 3225 3251 3328 δριμυτάτην
3282 3234 3547 3328 ὀρίγανον.

2144 3385 2167 3411 α
2204 3363 2365 3418 Libri
2394 3359 2534 3440 Ἀρκ.
2570 3358 2709 3418 οὕτω
2734 3359 2881 3440 δριμ.
2906 3363 3171 3420 Correxit
3196 3367 3450 3432 Person.,
3480 3359 3647 3436 proba·

2134 3451 2326 3508 biliter
2342 3451 2463 3506 haec
2482 3450 2733 3507 referens
2750 3451 2825 3507 ad
2843 3452 3084 3530 Συμμαχ
3086 3449 3190 3511 ίαν.
3208 3454 3503 3528 Origanum
3518 3455 3647 3506 Arca·

2134 3539 2326 3596 dicum
2348 3552 2760 3596 commemorat
2780 3542 3069 3617 Theophr.
3090 3545 3167 3603 H.
3195 3545 3283 3602 Pl.
3310 3542 3365 3613 6,
3382 3549 3469 3608 24.
3492 3567 3513 3591 ι
3528 3540 3569 3593 E
3582 3537 3645 3590 Μ-

2888 3653 2949 3712 6.

2213 3774 2371 3830 Idem
2404 3794 2463 3845 7,
2490 3793 2551 3848 p.
2588 3773 2724 3844 312,
2752 3776 2804 3831 D
2835 3795 2847 3829 :
2877 3774 2986 3834 m.
3012 3772 3122 3844 3ὲῆ
3141 3774 3413 3855 Κάνθαρος
3430 3776 3477 3832 ἐν
3504 3772 3650 3846 >lupp-

2135 3857 2227 3917 σὺν
2258 3861 2333 3940 τῷ
2357 3881 2390 3916 σ
2417 3862 2702 3937 (scribunt
2723 3860 3009 3940 μύραινα),

2258 3984 2439 4064 Βατίς
2477 4011 2571 4068 τε,
2596 3985 2697 4051 καὶ
2724 3987 3019 4079 σμύραινα
3056 3992 3327 4083 προσέτι.

2134 4123 2295 4178 Libri
2313 4119 2597 4200 πρόσεστι,
2640 4123 2800 4199 quod
2828 4127 3077 4183 correxit
3126 4128 3305 4186 Mein.
3352 4123 3435 4182 De
3466 4123 3579 4178 bato
3600 4115 3656 4172 ad

2138 4211 2425 4286 Aristoph.
2452 4212 2598 4270 Plut.
2636 4229 2777 4282 1007
2796 4229 2815 4283 3
2834 4211 2911 4272 cf.
2938 4217 3109 4289 vesp.
3130 4213 3269 4291 495.

2218 4439 2379 4498 Idem
2410 4439 2490 4500 ib.
2518 4459 2579 4514 p.
2601 4439 2735 4512 314,
2762 4445 2811 4498 A
2846 4461 2858 4495 ι
2892 4354 3109 4520 ἷῖοίρκη.
3144 4442 3259 4502 Πλ.
3291 4439 3325 4510 ἢ
3356 4437 3595 4511 Κάνθαρος
3615 4431 3654 4484 ἑν

472 4548 598 4584 τωνι
623 4527 701 4604 τῷ
734 4527 953 4605 κωμικῷ
975 4524 1039 4616 ,ἐν
1079 4522 1265 4602 Σύμμ.
1303 4551 1328 4575 α
1366 4523 1476 4584 Σὺν
1504 4523 1693 4601 ἐλαίῳ,
1715 4523 2046 4604 ὠτογλυφίδα
2140 4527 2324 4601 Συμμ.

489 4645 640 4656 ———-

477 4723 624 4765 unus
646 4715 827 4764 autem
855 4715 1215 4780 utrorumque
1233 4715 1428 4765 testam
1455 4708 1514 4764 in
1543 4706 1785 4764 medium
1808 4724 2048 4780 progres·
2072 4745 2084 4778 ⁸

1733 4799 1857 4863 [sus
1875 4795 2043 4866 jacit3

2892 4720 2923 4769 4
2934 4755 2945 4768 .

2278 4829 2347 4839 -
2374 4798 2667 4856 Defrutum
2690 4801 2833 4855 enim
2858 4809 3015 4857 tuum

477 4890 529 4938 et
547 4881 734 4938 album
753 4879 897 4937 latus
913 4881 961 4937 si
985 4896 1221 4954 superne
1243 4881 1410 4950 adit,
1433 4881 1598 4938 altera
1621 4896 1745 4954 pars
1769 4885 1880 4938 cito
1905 4881 2046 4939 effu-
2133 4893 2415 4956 gustatum
2442 4885 2587 4942 clam
2606 4887 2879 4946 exsorbui.

1671 4973 1835 5042 [gere
1859 4969 2040 5034 debet.

476 5061 643 5115 altera
669 5073 794 5113 vero
823 5055 1094 5130 persequi.

1235 5150 1288 5200 ³.

477 5255 614 5308 Cum
640 5251 759 5306 oleo
785 5249 873 5305 illa
902 5247 1068 5305 simul
1095 5257 1318 5322 sumpto
1342 5247 1668 5321 auriscalpio
1687 5251 1933 5306 rimatur.

2891 4981 2941 5030 5.

2134 5059 2235 5115 Vel
2258 5075 2321 5116 ex
2342 5059 2575 5117 Arcadia
2598 5061 2888 5133 origanum
2907 5063 3260 5118 acerrimum.

2884 5171 2937 5220 6.

2140 5253 2411 5322 Ratusque
2432 5291 2445 5317 ,
2478 5257 2531 5306 et
2556 5265 2801 5308 muraeua
2830 5260 3114 5324 praeterea.
