3809 5850
1700 439 1989 503 PLATo.

213 596 284 650 Ex
309 591 646 650 Herodiano
674 593 872 665 Etym.
901 592 982 647 M.
1009 607 1073 666 p.
1098 591 1238 662 621,
1274 589 1389 646 51:
1421 585 1600 653 ὀλίος
1633 587 1774 646 κατὰ

213 680 492 738 διάλεκτον·
537 678 864 758 Ταραντῖνοι
890 674 992 756 γὰρ
1031 675 1093 734 τὸ
1129 675 1302 754 ὀλίγος
1327 675 1509 741 ὀλίος
1533 673 1777 752 λέγουσιν

211 769 322 826 ἄνευ
348 772 444 826 τοῦ
483 789 581 844 γ.
613 767 780 826 ..Πλ
831 765 1006 842 μέντοι
1041 767 1072 822 6
1113 762 1346 840 κωμικὸς
1392 761 1653 832 διαπαίζει
1680 759 1777 832 τὴν

213 857 386 924 λέξιν*
357 879 430 921 ως
459 853 755 932 βάρόαρον,
786 851 958 910 καίτοι
979 850 1040 910 τὸ
1060 850 1228 927 γίννος
1249 849 1427 916 ίννος
1449 849 1602 931 φησί·
1625 854 1781 908 τοῦτο

213 946 260 1002 δὲ
275 943 516 1024 εἷρηκετὸ
529 939 634 1009 ίξ“’
613 961 776 1000 ιππου
797 941 894 1016 μὲν
917 938 1134 1018 μητρὸς,
1152 936 1348 1018 πατρὸς
1367 936 1422 996 δὲ
1442 935 1782 998 ὅνου.1ΕῙίιιε

215 1033 506 1107 Dionysius
543 1050 642 1106 ap.
683 1031 940 1087 Eustath.
989 1048 1050 1104 p.
1105 1029 1278 1098 1160,
1327 1027 1452 1084 16:
1495 1024 1692 1102 ὀλίγον·
1721 1023 1782 1082 τὸ

213 1119 262 1177 δὲ
281 1119 514 1178 ὀλίον;
535 1114 574 1188 ἦ
614 1114 920 1195 βάρὸαρον,
957 1111 994 1185 ἢ
1023 1112 1248 1174 laudm«
1275 1115 1547 1171 Similiter
1567 1110 1782 1191 ὀλίωρος

214 1229 310 1284 pro
340 1205 596 1284 ὀλίγωρος
637 1205 852 1262 dixisse
889 1205 1078 1260 minus
1114 1205 1286 1260 attice
1327 1203 1659 1276 loquentes,
1687 1221 1784 1256 os·

213 1297 380 1352 tendit
417 1295 607 1370 glossa
646 1293 837 1350 Photii
875 1294 1008 1348 Lex.
1049 1310 1111 1366 p.
1149 1290 1289 1361 327,
1323 1308 1419 1360 aa,
1447 1285 1778 1366 Ὀλίγωρος.

214 1382 296 1439 σὺν
325 1384 402 1460 τῷ
421 1404 476 1456 γ.
511 1383 634 1437 »E
677 1383 768 1436 M.
803 1381 948 1438 nist.
994 1381 1124 1436 crit.
1155 1381 1320 1438 Com.
1349 1398 1414 1453 p.
1453 1395 1590 1455 ¹9²·
1622 1376 1782 1432 idem

213 1476 440 1527 annotat
463 1468 792 1526 adversum
821 1486 894 1523 1·
925 1467 1316 1541 «Suspicabar
1353 1466 1591 1536 Μοῦσαι,
1621 1483 1778 1538 quo-

213 1561 378 1632 niam,
405 1559 514 1612 ubi
549 1556 630 1611 de
655 1556 981 1630 elegantia
965 1574 1026 1610 m
1063 1554 1314 1610 dicendo
1344 1552 1561 1628 agitur,
1593 1555 1783 1608 Musa·

214 1665 332 1700 rum
353 1645 500 1699 mihi
527 1661 704 1718 quam
729 1645 1034 1698 Parcarum
1057 1641 1256 1717 aptior
1287 1641 1602 1699 videbatur
1618 1650 1782 1703 ante-

217 1734 394 1790 statio.
431 1757 458 1782 n
490 1732 760 1806 Speciosa
792 1731 1026 1805 quidem
1075 1733 1438 1806 conjectura3
1469 1747 1575 1785 nec
1599 1739 1786 1786 tamen

221 1820 654 1877 summovendas
667 1830 812 1894 puto
827 1821 1168 1895 Parcas,·sed
1181 1821 1496 1889 invocata,
1519 1830 1784 1892 tanquam

227 1909 288 1964 de
309 1910 510 1965 litteris
529 1909 832 1980 sollicitas,
856 1909 1072 1984 quippe
1099 1909 1444 1964 inventrices
1461 1907 1784 1964 litterarum

229 2001 288 2070 A,
311 2001 372 2066 B,
403 1999 476 2066 fl,
497 1999 552 2070 1,
579 1999 628 2052 Τ
643 2008 704 2052 et
727 1997 803 2066 Y,
827 1997 1138 2052 secundum
1164 1997 1452 2070 Hyginum
1471 1997 1615 2053 Fab.
1643 2014 1716 2067 ²7
1727 2015 1781 2068 7.

231 2087 394 2158 Igitur
405 2095 582 2160 poeta
607 2084 854 2140 ridicule
869 2085 1098 2140 videtur
1114 2085 1320 2155 vereri,
1336 2102 1409 2140 ne
1425 2102 1572 2158 aegre
1601 2083 1786 2140 serant

233 2171 560 2228 deletionem
599 2175 692 2228 τοῦ
739 2191 801 2246 γ.
835 2174 905 2231 V.
935 2171 984 2228 .3
1021 2173 1104 2227 sic
1130 2173 1306 2231 Mein.
1345 2190 1458 2245 pro
1496 2173 1782 2246 corruptis

233 2254 404 2334 ἔφασκε
441 2257 520 2328 δὴ
545 2261 627 2338 τῷ
658 2255 785 2333 μήν.
833 2257 1100 2315 Formam
1130 2260 1282 2315 enim
1313 2255 1632 2333 ἐδιαιτώμην
1665 2260 1777 2313 im·-

237 2349 476 2420 probasse
507 2351 592 2404 ait
627 2349 914 2404 Atticistas
957 2348 1270 2405 secundum
1307 2349 1548 2406 Antiatt.
1581 2365 1643 2421 p.
1686 2367 1784 2420 91,

244 2434 304 2488 18
337 2435 678 2512 (ἐδιαίτων
725 2455 742 2490 :
799 2433 920 2491 ἀντὶ
974 2439 1066 2492 τοῦ
1122 2431 1372 2512 διῄτων).
1415 2439 1478 2492 V.
1525 2443 1559 2503 4
1601 2436 1783 2491 codex

235 2521 386 2600 ὀλίγον
415 2523 614 2602 ἔλεγεν.
640 2525 815 2580 Mein.
860 2535 1098 2581 auctore
1137 2525 1380 2580 Blochio
1417 2520 1590 2600 ὀλίγον
1625 2521 1784 2593 ὄλίον,

236 2611 362 2668 hanc
383 2631 584 2670 vocem
603 2613 992 2688 gravissimam
1020 2613 1312 2670 occultans
1343 2611 1408 2670 in
1430 2613 1597 2682 thesi,
1628 2611 1786 2685 quod

233 2701 388 2760 nefas.
417 2704 530 2758 Nos
547 2703 576 2758 6
599 2699 646 2757 δ’
673 2701 1020 2759 addidimus.
1055 2705 1141 2757 De
1167 2702 1384 2777 duplici
1409 2699 1465 2756 δὲ
1493 2719 1554 2758 v.
1586 2702 1786 2757 Matth.

234 2789 316 2844 Gr.
343 2789 376 2862 §
407 2791 543 2860 606,
586 2789 644 2846 3.
688 2790 866 2864 Apud
907 2791 1308 2864 Etymologum
1343 2791 1476 2846 libri
1519 2791 1668 2846 male
1716 2790 1787 2854 ὡς

236 2874 498 2955 βᾰρὸαρον,
523 2877 614 2935 καὶ
637 2875 698 2935 τὸ
713 2875 913 2955 ὀγίννος
931 2875 1095 2955 γίννος
1117 2877 1269 2957 φησὶ,
1294 2897 1400 2936 uec
1429 2878 1638 2936 sufficit
1658 2899 1785 2936 cor·

233 2968 450 3021 rectioni
471 2967 634 3041 quod
663 2969 844 3023 suasit.
867 2968 1044 3023 Mein.
1081 2966 1170 3023 καὶ
1209 2964 1270 3022 τὸ
1296 2962 1462 3039 γίννος
1478 2964 1636 3041 ἵννος,
1665 2969 1787 3023 suf-

231 3048 334 3106 ficit
351 3052 522 3111 καίτοι
547 3053 609 3111 τὸ
635 3054 804 3129 γίννος
832 3050 966 3117 ίννος
1005 3076 1060 3133 φ.
1080 3056 1344 3111 Ceterum
1369 3053 1460 3111 Pl.
1489 3074 1788 3129 usurpasse

233 3142 436 3199 videtur
456 3144 516 3201 τὸ
542 3142 714 3220 γίννος
750 3146 1105 3201 notione-roff
1135 3140 1280 3220 ὀρεύς
1315 3164 1328 3198 :
1366 3163 1422 3202 v.
1459 3144 1790 3201 Sclmcideri

225 3230 344 3292 [ιι.
369 3234 462 3290 illa
488 3252 658 3295 voce.

978 3379 1032 3416 2.

291 3485 628 3546 Plutarchus
656 3488 784 3546 Nic.
834 3506 856 3542 ι
875 3508 942 3557 ι,
972 3488 1046 3544 de
1073 3490 1450 3545 ostracismot
1480 3485 1792 3567 Ἱπερίῖόλῳ

217 3572 266 3630 δὲ
293 3576 454 3649 τιμὴν
481 3576 573 3634 καὶ
611 3573 961 3653 προσποίησιν
991 3574 1294 3644 ἀλαζονείας
1323 3574 1478 3657 (scil.
1505 3565 1640 3634 εἶναι
1675 3575 1791 3633 ἐνό-

207 3666 356 3733 μιζον
411 3664 500 3721 τὸν
553 3661 1020 3741 ἐξοστρακισμὸν),
1065 3666 1112 3721 εἷ
1153 3662 1239 3721 διὰ
1289 3661 1582 3742 μοχθηρίαν
1625 3662 1793 3720 ταύτὰ

207 3750 368 3809 ἔπαθε
401 3776 508 3819 τοις
537 3749 855 3832 ἅρίστοις,“’
816 3774 889 3817 ως
909 3773 1012 3809 που
1042 3750 1132 3809 καὶ
1158 3754 1266 3813 Πλ.
1297 3754 1324 3809 6
1356 3749 1589 3827 κωμικὸς
1617 3773 1792 3830 ειρηκε

209 3838 326 3915 περὶ
343 3842 504 3898 αὐτοῦ
541 3868 564 3889 ο
599 3837 793 3899 Καίτοι
923 3838 1139 3917 εὑρέθη·
1163 3866 1186 3891 ι
1217 3852 1276 3897 et
1293 3842 1485 3897 Alcib.
1525 3840 1593 3896 13
1628 3842 1794 3916 τφαῦ-

211 3926 296 3991 >az
334 3928 440 4007 γὰρ
482 3928 652 3993 οὗδεὶς
714 3926 992 3987 ἐνέπιπτεν
1045 3929 1117 3995 εἷς
1165 3934 1348 3987 τοῦτον
1393 3928 1482 3986 τὸν
1523 3924 1796 4001 κολασμὸν

213 4021 638 4078 ιαςιηοίεωιιιιι
655 4017 698 4093 ),
750 4017 860 4074 οὐδ’
915 4014 1134 4089 ἄδοξος,
1175 4014 1356 4096 ὥσπερ
1407 4016 1498 4075 καὶ
1549 4017 1654 4076 Πλ.
1705 4017 1795 4071 τοῦ

213 4100 540 4185 Ὑπερὸόλου
571 4102 844 4182 μνησθεὶς,

309 4236 540 4303 Καίτοι
566 4238 838 4327 πέπραγε
869 4243 991 4302 τῶν
1026 4234 1263 4327 τρόπων
1301 4236 1409 4326 μὲν
1448 4230 1607 4316 ἄξια,

311 4346 492 4407 αὑτοῦ
521 4334 595 4407 δὲ
631 4344 876 4405 καύτῶν
901 4339 1258 4433 στιγμάτων
1297 4334 1534 4417 ἀνάξια·

315 4452 382 4511 οὐ
413 4446 526 4539 γὰρ
555 4452 850 4513 τοιούτων
887 4448 1077 4511 οὕνεκ’
1123 4442 1368 4537 ὄστραχ’
1394 4444 1622 4535 εὑρέθη.

233 4586 388 4642 Libri
411 4588 648 4667 πέπραχε
665 4632 683 4661 ,
704 4588 870 4663 quod
889 4589 1132 4643 activam
1150 4587 1444 4644 notionem
1470 4588 1659 4655 habet,
1685 4606 1796 4661 qua

243 4842 552 4915 Quanquam
573 4844 767 4915 viguit,
795 4850 862 4899 ut
878 4761 1078 4914 digguis
1100 4840 1323 4914 quidem
1344 4848 1462 4897 erat
1482 4840 1743 4905 moribus,

247 4924 332 4981 sed
352 4928 604 5002 indiguus
621 4930 722 5003 qui
739 4930 890 4985 illico
907 4929 1072 4985 etiam
1103 4927 1187 4983 bis
1211 4927 1562 5000 stigmatibus
1591 4936 1800 5078 ηἳιρᾶξ

253 5114 402 5173 neuque
419 5104 570 5161 enim
597 5101 792 5159 talium
813 5116 972 5158 cama
999 5108 1154 5159 testae
1175 5102 1409 5158 inventae
1435 5108 1582 5157 sunt

989 5194 1039 5243 3.

367 5290 416 5331 ει,
445 5278 646 5333 Beatus
665 5290 744 5341 οε,
768 5272 1008 5330 domine.

3324 455 3441 508 249

1871 590 2005 645 huic
2034 591 2164 646 loco
2190 591 2379 665 aptior
2412 600 2496 646 est
2541 593 2813 648 neutralis
2850 595 2941 649 τοῦ
2980 591 3254 673 πέπραγε,
3282 599 3445 670 quod

1870 681 2045 734 suasit
2070 679 2243 738 Mein.
2272 679 2431 734 Idem
2458 689 2615 734 recte
2644 680 2801 755 apud
2830 682 3119 738 Platonem
3142 681 3310 741 οὕνεκ’
3336 706 3444 761 pro

1872 763 2046 826 εἵνεκ’.
2088 767 2217 843 lpse
2244 767 2673 841 correxi-verba
2704 769 2935 842 vulgata
2962 771 3119 826 αὑτοῦ
3139 767 3195 826 δὲ
3222 769 3315 828 καὶ
3341 775 3443 830 τῶν

1877 856 1896 930 (
1912 851 2148 930 στιγμ.).
2178 857 2442 912 Ceterum
2470 857 2712 910 moribus
2746 858 2893 925 suis,
2927 858 2987 918 h.
3012 877 3069 916 e.
3100 859 3446 934 adulatione,

1871 943 2184 1016 profecisse
2236 943 2417 998 modo
2470 961 2530 998 se
2578 943 2755 1018 digno
2801 943 3011 1002 dicitur
3064 947 3445 1022 Hyperbolus.

1872 1029 2158 1102 Selgmaea
2180 1031 2569 1108 metaphorice
2608 1033 3009 1108 intelligenda,
3042 1047 3305 1110 respectu
3338 1039 3446 1094 ha·-

1873 1116 1999 1173 bito
2038 1118 2115 1174 ad
2141 1137 2277 1175 vera
2312 1121 2599 1194 stigmata,
2624 1120 2834 1193 quibus
2873 1132 3039 1195 pater
3066 1123 3187 1196 ejus
3213 1127 3443 1200 punitus

1874 1203 2000 1260 fuit.
2026 1206 2345 1266 Andocides
2361 1207 2651 1264 mschoho
2664 1207 2739 1264 ad
2754 1209 3047 1285 Aristoph.
3068 1215 3233 1288 Vesp.
3258 1232 3441 1271 ιοοι.

1875 1289 2002 1370 περὶ
2022 1291 2357 1371 “Υπερ66λου
2400 1293 2571 1369 λέγειν
2609 1291 2961 1372 αἰσχύνομαι,
2988 1286 3049 1354 οὗ
3084 1301 3113 1356 6
3140 1295 3236 1373 μὲν
3265 1297 3445 1378 πατὴρ

1875 1379 2174 1490 ἐστιγμένος
2214 1379 2291 1439 ἔτι
2320 1378 2551 1439 δουλεύει
2584 1382 2661 1460 τῷ
2700 1380 2961 1462 δημοσίῳ,
2992 1385 3021 1440 6
3050 1379 3103 1441 δὲ
3136 1385 3248 1460 (sic
3269 1389 3443 1447 Mein.

1871 1487 1984 1543 pro
2006 1470 2076 1533 ὡς
2102 1465 2186 1546 δὶ)
2216 1465 2355 1536 ξένος
2390 1465 2465 1525 ὧν
2485 1465 2576 1525 καὶ
2607 1438 2897 1548 ραρὸαρος,
2925 1470 3245 1548 λυχνοποιεί.
3278 1476 3445 1532 Cete-

1874 1575 2005 1611 rum
2054 1558 2210 1617 conf.
2261 1556 2463 1616 Cobet.
2511 1556 2675 1613 Obss.
2731 1575 2793 1631 p.
2852 1564 2985 1624 140.
3034 1559 3165 1634 Quo
3210 1573 3448 1620 auctore

1875 1646 2049 1702 Mein.
2085 1646 2199 1703 hoc
2224 1645 2425 1722 fragm.
2457 1645 2517 1702 in
2550 1646 2779 1702 Incerta
2800 1645 3063 1707 deduxit.

2638 1793 2695 1852 3.

1957 1935 2150 1994 Schol.
2167 1936 2816 2012 Aristoph.'l'hesmoph.
2845 1938 2961 1997 808
2986 1959 3001 1995 z
3028 1938 3119 1996 καὶ
3143 1941 3176 2009 ἡ
3204 1940 3449 2016 Εὖὸούλη

1873 2019 2197 2080 πέπλασται·
2227 2019 2286 2078 τὸ
2315 2020 2370 2078 δὲ
2400 2019 2520 2079 ὅλον
2549 2021 2600 2078 τί
2634 2022 2917 2100 βούλεται,
2972 2025 3068 2083 οὐκ
3114 2025 3224 2084 ἔστι
3270 2028 3447 2109 σαφές·

1876 2111 1997 2168 ἀλλ’
2024 2107 2140 2168 οὐδὲ
2174 2105 2321 2189 παρὰ
2364 2107 2611 2169 Πλάτωνι
2648 2111 2700 2168 ἐν
2728 2109 3066 2194 Ὑπερὸόλῳ·
3098 2113 3240 2194 λέγει
3269 2117 3369 2195 γάρ
3396 2141 3450 2176 τι

1875 2196 1998 2277 περὶ
2020 2201 2111 2255 τοῦ
2130 2196 2499 2275 ἐπιλαγχοίνειν
2520 2205 2625 2264 τοῖς
2654 2200 2973 2276 βουλευταῖς·

2070 2389 2249 2431 -α.
2302 2367 2616 2455 Εὐτυχεῒς,
2658 2359 2708 2427 ὦ
2742 2355 3018 2430 δέσποτα

1992 2475 2053 2556 β.
2070 2470 2152 2536 Τί
2169 2463 2227 2536 δ’
2246 2471 2379 2535 ἔστι
2392 2494 2405 2509 ·
2424 2495 2487 2534 α.
2508 2472 2813 2537 Βουλεύειν
2827 2469 3036 2563 ὀλίγου
3052 2463 3263 2563 ’λαχες
3276 2475 3450 2544 πάνυ.

1990 2575 2141 2669 ἀτὰρ
2175 2581 2243 2642 οὐ
2270 2578 2481 2668 λαχὼν
2504 2577 2667 2667 ὅμως
2696 2577 2933 2671 ἔλαχες,
2962 2575 3036 2651 ἢν
3073 2589 3206 2648 νοῦν
3239 2583 3418 2674 ἔχῃς·

1984 2689 2043 2769 β.
2084 2683 2230 2760 Πῶς
2249 2680 2347 2750 οὖν
2378 2677 2448 2747 ἂν
2470 2683 2629 2775 ἔχων
2658 2694 2831 2771 νοῦν,
2857 2708 2918 2750 α.
2942 2675 3063 2751 ὅτι
3086 2699 3323 2781 πονηρῷ
3354 2691 3455 2754 καὶ

3307 2789 3455 2881 ξένῳ

1885 2883 1927 2957 5
1980 2889 2269 2979 ἐπέλαχες
2296 2878 2473 2981 ἀνδρί
2482 2893 2575 2981 γ’,
2607 2878 2835 2961 officia-n
2858 2887 2970 2982 γὰρ
2998 2889 3303 2985 ἐλευθέρῳ.

1889 3096 1915 3121 α
1960 3068 2283 3127 Dilucidius
2330 3066 2755 3123 subsortitiouis
2804 3068 3087 3124 rationem
3143 3071 3450 3147 explicuit,

1882 3158 2129 3215 eundem
2157 3156 2406 3211 Platonis
2439 3156 2482 3212 l.
2516 3156 2841 3229 respiciens,
2868 3158 3212 3229 Harpocrat.
3258 3178 3320 3231 p.
3344 3158 3413 3214 81
3433 3195 3451 3227 ,

1883 3270 1922 3324 9
1951 3269 1963 3302 :
1997 3248 2310 3324 ἐκληροῦντο
2331 3244 2378 3302 οἳ
2404 3242 2667 3321 βουλεύειν
2692 3242 2727 3313 ἢ
2753 3242 2934 3322 ἄρχειν
2959 3242 3217 3323 ἐφιέμενοι
3236 3263 3250 3277 ·
3286 3246 3465 3305 ἔπειτα

1883 3333 2091 3413 ἑκάστῳ
2118 3335 2220 3391 τῶν
2244 3328 2514 3409 λαχόντων
2564 3330 2737 3410 ἔτερος
2774 3328 3153 3408 ἐπελάγχανεν,
3181 3330 3275 3409 ἵν’,
3308 3331 3400 3392 ἐὰν
3430 3336 3459 3391 6

1883 3426 2087 3501 πρῶτος
2110 3416 2293 3497 λαχὼν
2330 3420 2733 3496 ἀποδοκιμασθῇ
2761 3416 2797 3489 ἢ
2822 3417 3135 3497 τελευτήσῃ,
3176 3421 3291 3477 ἀντ’
3320 3421 3457 3479 ἐκεί-

1884 3532 1973 3568 νου
1992 3507 2203 3588 γένηται
2224 3504 2505 3585 βουλευτὴς
2527 3501 2563 3576 ἢ
2584 3504 2762 3583 ἄρχων
2782 3507 2811 3562 6
2844 3504 3112 3585 ἐπιλαχὼν
3132 3510 3299 3586 αὐτῷ.
3330 3511 3458 3566 ὑπο-

1885 3596 2123 3677 φαίνεται
2153 3594 2209 3653 δὲ
2247 3597 2415 3653 ταῦτα
2430 3595 2485 3651 ἐν
2511 3595 2587 3673 τῷ
2612 3591 2897 3660 Πλάτωνος
2919 3591 3049 3653 Ὓπ.
3073 3598 3248 3652 Versu
3270 3596 3303 3652 3
3324 3595 3459 3675 ἀτὰρ

1884 3687 1945 3744 οὗ
1972 3706 2079 3762 pro
2100 3685 2372 3741 mendoso
2391 3680 2590 3759 άγαρου
2609 3684 2629 3758 (
2641 3682 2747 3756 sic)
2774 3685 3063 3739 Hanovius
3081 3686 3279 3744 Exere.
3305 3686 3456 3741 critt.

1893 3796 1944 3846 1,
1962 3796 2023 3851 p.
2049 3774 2148 3849 93,
2171 3773 2551 3849 adstipulante
2573 3772 2820 3847 Bergkio
2854 3773 3200 3829 Commentt.
3230 3792 3293 3847 p.
3317 3772 3457 3848 312,

1887 3874 1945 3921 ct
1962 3866 2137 3920 Mein.
2123 3902 2164 3934 .,
2195 3863 2296 3936 qui
2322 3871 2527 3936 praeter
2543 3860 2650 3916 hos
2666 3860 2866 3915 laudat
2886 3862 3057 3916 etiam
3082 3860 3455 3919 Fritzschium

1889 3952 1963 4009 ad
1988 3953 2159 4009 A1ist.
2202 3948 2544 4023 Thesmoph.
2574 3966 2635 4022 p.
2674 3947 2811 4005 312.
2847 3948 2917 4007 V.
2960 3956 2993 4016 4
3024 3949 3207 4004 codex
3234 3950 3346 4013 πῶς
3372 3940 3459 4005 ουν

1889 4035 2015 4109 ἦν’
1986 4061 2096 4118 εχω
2137 4060 2187 4095 ν.
2220 4040 2471 4095 Confusa
2499 4032 2561 4092 ἂν
2605 4048 2663 4092 et
2689 4032 2779 4112 ἢν,
2807 4047 2873 4090 ut
2905 4036 3084 4093 Thuc.
3110 4038 3170 4106 8,
3212 4036 3327 4111 46,
3352 4048 3460 4093 etc.

1889 4130 2125 4183 Temere
2163 4134 2523 4183 extruserunt
2563 4112 2669 4178 ουν.
2698 4123 2936 4197 Elegans
2965 4118 3049 4181 ἄν.
3102 4122 3171 4182 V.
3210 4122 3245 4179 5
3280 4124 3463 4179 codex

1841 4238 1847 4273 ι
1892 4236 2025 4272 cum
2052 4215 2209 4270 hiatu
2241 4210 2420 4290 ἀνδρὶ,
2454 4207 2697 4281 οὐδέπω,
2723 4232 2758 4279 η
2782 4222 2840 4266 et
2861 4207 3253 4285 m'permixtis,
3282 4221 3461 4267 utsae-

1891 4307 2039 4380 pius.
2082 4302 2419 4359 Fritzschius
2468 4296 2721 4373 μηδέπω,
2768 4301 3061 4355 llanovius
3110 4296 3349 4355 κούδέπω
3385 4302 3458 4374 γ,

1893 4392 2164 4466 Beigkius
2200 4387 2477 4462 κούδαμῶς
2505 4386 2574 4461 γ’.
2608 4382 2900 4489 Ἐλευκθέρῳ
2928 4386 3149 4443 dictum
3176 4406 3289 4463 pro
3307 4385 3460 4443 ἐλευ-

1892 4476 2047 4557 θερίῳ
2062 4521 2081 4552 ,
2110 4478 2327 4551 quippe
2354 4476 2683 4577 oppositum
2708 4475 2783 4529 τῶ
2802 4473 3039 4551 πονηρῷ.

1974 4566 2192 4624 Eodem
2214 4566 2347 4621 loco
2372 4566 2451 4619 sic
2478 4564 2665 4638 pergit.
2682 4562 3045 4618 scholiastes:
3075 4558 3167 4618 καὶ
3186 4582 3239 4617 εν
3262 4560 3457 4639 ταύτῷ·

1891 4751 1946 4808 b.
1975 4748 2251 4823 Quidnam
2269 4750 2392 4805 est?
2414 4750 2557 4804 a.1u
2578 4754 2829 4803 senatum
2854 4753 2917 4803 ut
2960 4745 3291 4817 cooptareris
3311 4760 3465 4817 paene

2909 4833 3040 4902 [tibi
3066 4841 3213 4889 sorte
3231 4832 3462 4903 obtigit,

1891 4925 1987 4982 sed
2008 4940 2119 4980 non
2143 4923 2369 4980 sortitus
2390 4930 2573 4979 nmen
2592 4920 2818 4978 sortitus
2834 4936 2911 4988 οε,
2933 4921 2975 4975 si
2998 4918 3163 4991 sapis.

1893 5000 1949 5069 b.
1973 5010 2261 5083 Quomodo
2296 5010 2485 5082 igitur,
2522 5010 2570 5067 si
2599 5008 2793 5079 sapio?
2832 5022 2883 5065 a.
2913 5010 3053 5078 Quia
3073 5021 3235 5079 pravo
3254 5004 3463 5059 homini

3076 5096 3151 5159 [et
3180 5092 3465 5164 peregrino

1895 5184 2229 5241 subsortitus
2250 5200 2341 5240 es
2333 5226 2342 5236 .
2366 5198 2709 5255 nequaquam
2734 5181 2879 5237 enim
2902 5178 3182 5235 liberali...
