<?xml version="1.0" encoding="UTF-8"?>
<!DOCTYPE html PUBLIC "-//W3C//DTD XHTML 1.0 Transitional//EN"
    "http://www.w3.org/TR/xhtml1/DTD/xhtml1-transitional.dtd">
<html xmlns="http://www.w3.org/1999/xhtml" xml:lang="en" lang="en">
 <head>
  <title>
</title>
<meta http-equiv="Content-Type" content="text/html;charset=utf-8" />
  <meta name='ocr-system' content='tesseract 3.04.00' />
  <meta name='ocr-capabilities' content='ocr_page ocr_carea ocr_par ocr_line ocrx_word'/>
</head>
<body>
  <div class='ocr_page' id='page_1' title='image "./poetarumcomicor01hunzgoog_0272.png"; bbox 0 0 3809 5850; ppageno 0'>
   <div class='ocr_carea' id='block_1_1' title="bbox 419 451 532 504">
    <p class='ocr_par' dir='ltr' id='par_1_1' title="bbox 419 451 532 504">
     <span class='ocr_line' id='line_1_1' title="bbox 419 451 532 504; baseline 0.009 -2"><span class='ocrx_word' id='word_1_1' title='bbox 419 451 532 504; x_wconf 78' lang='lat'><strong>2⁵2</strong></span> 
     </span>
    </p>
   </div>
   <div class='ocr_carea' id='block_1_2' title="bbox 561 584 1988 760">
    <p class='ocr_par' dir='ltr' id='par_1_2' title="bbox 561 584 1988 760">
     <span class='ocr_line' id='line_1_2' title="bbox 561 584 1988 680; baseline 0.001 -29"><span class='ocrx_word' id='word_1_2' title='bbox 561 587 841 678; x_wconf 82' lang='grc' dir='ltr'><strong>Σκορπίος</strong></span> <span class='ocrx_word' id='word_1_3' title='bbox 889 584 1037 653; x_wconf 83' lang='grc' dir='ltr'><strong>αὖ...</strong></span> <span class='ocrx_word' id='word_1_4' title='bbox 1079 590 1134 670; x_wconf 88' lang='grc' dir='ltr'><strong>β.</strong></span> <span class='ocrx_word' id='word_1_5' title='bbox 1173 586 1415 652; x_wconf 83' lang='grc' dir='ltr'><strong>Παίσειὲ</strong></span> <span class='ocrx_word' id='word_1_6' title='bbox 1446 613 1516 680; x_wconf 85' lang='grc' dir='ltr'><strong>γε</strong></span> <span class='ocrx_word' id='word_1_7' title='bbox 1549 598 1652 653; x_wconf 83' lang='grc' dir='ltr'><strong>σοῦ</strong></span> <span class='ocrx_word' id='word_1_8' title='bbox 1690 588 1796 655; x_wconf 83' lang='grc' dir='ltr'><strong>τὸν</strong></span> <span class='ocrx_word' id='word_1_9' title='bbox 1829 615 1988 679; x_wconf 85' lang='grc' dir='ltr'><strong>πρω-</strong></span> 
     </span>
     <span class='ocr_line' id='line_1_3' title="bbox 1506 694 1982 760; baseline 0 -2"><span class='ocrx_word' id='word_1_10' title='bbox 1506 695 1651 759; x_wconf 87' lang='grc' dir='ltr'><strong>κτὸν</strong></span> <span class='ocrx_word' id='word_1_11' title='bbox 1688 694 1982 760; x_wconf 83' lang='grc' dir='ltr'><strong>ὑπελθών.</strong></span> 
     </span>
    </p>
   </div>
   <div class='ocr_carea' id='block_1_3' title="bbox 403 817 1989 4148">
    <p class='ocr_par' dir='ltr' id='par_1_3' title="bbox 403 817 1989 4148">
     <span class='ocr_line' id='line_1_4' title="bbox 413 817 1987 896; baseline 0.001 -20"><span class='ocrx_word' id='word_1_12' title='bbox 413 823 590 876; x_wconf 88' lang='lat' dir='ltr'><strong>Versu</strong></span> <span class='ocrx_word' id='word_1_13' title='bbox 627 839 648 874; x_wconf 84' lang='lat'><strong>1</strong></span> <span class='ocrx_word' id='word_1_14' title='bbox 686 821 816 875; x_wconf 83' lang='lat' dir='ltr'>libri</span> <span class='ocrx_word' id='word_1_15' title='bbox 846 818 1169 876; x_wconf 82' lang='lat' dir='ltr'><strong>difficiliore</strong></span> <span class='ocrx_word' id='word_1_16' title='bbox 1204 831 1389 876; x_wconf 87' lang='lat' dir='ltr'><strong>metro</strong></span> <span class='ocrx_word' id='word_1_17' title='bbox 1421 818 1567 896; x_wconf 82' lang='grc' dir='ltr'><strong>Ἐγὼ</strong></span> <span class='ocrx_word' id='word_1_18' title='bbox 1597 817 1644 878; x_wconf 87' lang='grc' dir='ltr'><strong>δ’</strong></span> <span class='ocrx_word' id='word_1_19' title='bbox 1670 821 1774 882; x_wconf 82' lang='grc' dir='ltr'><strong>ἑνθ.</strong></span> <span class='ocrx_word' id='word_1_20' title='bbox 1809 823 1987 878; x_wconf 85' lang='lat' dir='ltr'>Recte</span> 
     </span>
     <span class='ocr_line' id='line_1_5' title="bbox 414 904 1987 986; baseline 0 -22"><span class='ocrx_word' id='word_1_21' title='bbox 414 907 618 982; x_wconf 81' lang='lat' dir='ltr'><strong>Bergk.</strong></span> <span class='ocrx_word' id='word_1_22' title='bbox 650 910 866 964; x_wconf 75' lang='lat' dir='ltr'><strong>Cotum.</strong></span> <span class='ocrx_word' id='word_1_23' title='bbox 897 928 959 982; x_wconf 94' lang='lat' dir='ltr'><strong>p.</strong></span> <span class='ocrx_word' id='word_1_24' title='bbox 995 926 1060 962; x_wconf 71' lang='grc' dir='ltr'><strong>αι</strong></span> <span class='ocrx_word' id='word_1_25' title='bbox 1081 927 1100 962; x_wconf 89' lang='grc' dir='ltr'><strong>ι</strong></span> <span class='ocrx_word' id='word_1_26' title='bbox 1138 904 1239 984; x_wconf 86' lang='grc' dir='ltr'><strong>γὰρ</strong></span> <span class='ocrx_word' id='word_1_27' title='bbox 1263 909 1546 980; x_wconf 88' lang='lat' dir='ltr'><strong>siquidem</strong></span> <span class='ocrx_word' id='word_1_28' title='bbox 1571 906 1689 986; x_wconf 81' lang='grc' dir='ltr'><strong>γὰρ,</strong></span> <span class='ocrx_word' id='word_1_29' title='bbox 1731 921 1790 964; x_wconf 87' lang='lat' dir='ltr'><strong>et</strong></span> <span class='ocrx_word' id='word_1_30' title='bbox 1809 906 1864 966; x_wconf 82' lang='grc' dir='ltr'><strong>δὲ</strong></span> <span class='ocrx_word' id='word_1_31' title='bbox 1885 928 1987 964; x_wconf 82' lang='lat' dir='ltr'><strong>sae-</strong></span> 
     </span>
     <span class='ocr_line' id='line_1_6' title="bbox 411 992 1985 1070; baseline 0.003 -23"><span class='ocrx_word' id='word_1_32' title='bbox 411 995 538 1066; x_wconf 85' lang='lat' dir='ltr'><strong>pius</strong></span> <span class='ocrx_word' id='word_1_33' title='bbox 563 994 793 1049; x_wconf 79' lang='lat' dir='ltr'><strong>confusa</strong></span> <span class='ocrx_word' id='word_1_34' title='bbox 816 1005 962 1051; x_wconf 79' lang='lat' dir='ltr'><strong>sunt.</strong></span> <span class='ocrx_word' id='word_1_35' title='bbox 994 995 1165 1053; x_wconf 88' lang='lat' dir='ltr'><strong>Mein.</strong></span> <span class='ocrx_word' id='word_1_36' title='bbox 1182 992 1238 1050; x_wconf 87' lang='grc' dir='ltr'><strong>δέ</strong></span> <span class='ocrx_word' id='word_1_37' title='bbox 1253 993 1321 1070; x_wconf 89' lang='grc' dir='ltr'><strong>γ’.</strong></span> <span class='ocrx_word' id='word_1_38' title='bbox 1345 995 1416 1054; x_wconf 88' lang='lat' dir='ltr'><strong>V.</strong></span> <span class='ocrx_word' id='word_1_39' title='bbox 1439 993 1470 1050; x_wconf 83' lang='lat'>5</span> <span class='ocrx_word' id='word_1_40' title='bbox 1492 996 1646 1052; x_wconf 88' lang='lat' dir='ltr'><strong>idem</strong></span> <span class='ocrx_word' id='word_1_41' title='bbox 1673 997 1845 1052; x_wconf 85' lang='lat' dir='ltr'><strong>Mein.</strong></span> <span class='ocrx_word' id='word_1_42' title='bbox 1874 993 1985 1052; x_wconf 85' lang='grc' dir='ltr'><strong>ἔστ’</strong></span> 
     </span>
     <span class='ocr_line' id='line_1_7' title="bbox 413 1071 1987 1154; baseline 0.003 -20"><span class='ocrx_word' id='word_1_43' title='bbox 413 1099 523 1154; x_wconf 89' lang='lat' dir='ltr'><strong>pro</strong></span> <span class='ocrx_word' id='word_1_44' title='bbox 552 1079 718 1140; x_wconf 86' lang='grc' dir='ltr'><strong>ἔστιν.</strong></span> <span class='ocrx_word' id='word_1_45' title='bbox 757 1081 830 1140; x_wconf 84' lang='lat' dir='ltr'><strong>V.</strong></span> <span class='ocrx_word' id='word_1_46' title='bbox 863 1103 894 1152; x_wconf 93' lang='lat'><strong>7</strong></span> <span class='ocrx_word' id='word_1_47' title='bbox 921 1080 1016 1138; x_wconf 78' lang='grc' dir='ltr'><strong>οὐκ</strong></span> <span class='ocrx_word' id='word_1_48' title='bbox 1049 1071 1137 1152; x_wconf 73' lang='grc' dir='ltr'><strong>ἦν,</strong></span> <span class='ocrx_word' id='word_1_49' title='bbox 1157 1083 1200 1140; x_wconf 89' lang='lat' dir='ltr'><strong>i.</strong></span> <span class='ocrx_word' id='word_1_50' title='bbox 1240 1101 1293 1138; x_wconf 90' lang='lat' dir='ltr'><strong>e.</strong></span> <span class='ocrx_word' id='word_1_51' title='bbox 1325 1083 1419 1139; x_wconf 78' lang='grc' dir='ltr'><strong>οὐκ</strong></span> <span class='ocrx_word' id='word_1_52' title='bbox 1435 1079 1575 1153; x_wconf 77' lang='grc' dir='ltr'><strong>ἐξῆν.</strong></span> <span class='ocrx_word' id='word_1_53' title='bbox 1613 1082 1882 1140; x_wconf 85' lang='lat' dir='ltr'><strong>Mendose</strong></span> <span class='ocrx_word' id='word_1_54' title='bbox 1912 1084 1987 1138; x_wconf 91' lang='lat' dir='ltr'><strong>li-</strong></span> 
     </span>
     <span class='ocr_line' id='line_1_8' title="bbox 412 1167 1981 1242; baseline 0.004 -21"><span class='ocrx_word' id='word_1_55' title='bbox 412 1167 505 1222; x_wconf 90' lang='lat' dir='ltr'><strong>bri</strong></span> <span class='ocrx_word' id='word_1_56' title='bbox 531 1167 739 1241; x_wconf 78' lang='grc' dir='ltr'><strong>οὖκοῧν,</strong></span> <span class='ocrx_word' id='word_1_57' title='bbox 772 1171 1102 1242; x_wconf 84' lang='lat' dir='ltr'><strong>permutatis</strong></span> <span class='ocrx_word' id='word_1_58' title='bbox 1123 1172 1272 1226; x_wconf 87' lang='lat' dir='ltr'><strong>inter</strong></span> <span class='ocrx_word' id='word_1_59' title='bbox 1290 1189 1349 1226; x_wconf 90' lang='lat' dir='ltr'><strong>se</strong></span> <span class='ocrx_word' id='word_1_60' title='bbox 1379 1193 1413 1240; x_wconf 90' lang='grc' dir='ltr'><strong>η</strong></span> <span class='ocrx_word' id='word_1_61' title='bbox 1431 1183 1490 1227; x_wconf 92' lang='lat' dir='ltr'><strong>et</strong></span> <span class='ocrx_word' id='word_1_62' title='bbox 1515 1192 1597 1240; x_wconf 89' lang='grc' dir='ltr'><strong>ου,</strong></span> <span class='ocrx_word' id='word_1_63' title='bbox 1625 1173 1772 1226; x_wconf 86' lang='lat' dir='ltr'><strong>sicut</strong></span> <span class='ocrx_word' id='word_1_64' title='bbox 1799 1170 1981 1228; x_wconf 86' lang='lat' dir='ltr'><strong>Thuc.</strong></span> 
     </span>
     <span class='ocr_line' id='line_1_9' title="bbox 414 1254 1987 1332; baseline 0.002 -23"><span class='ocrx_word' id='word_1_65' title='bbox 414 1255 474 1324; x_wconf 80' lang='lat'><strong>3,</strong></span> <span class='ocrx_word' id='word_1_66' title='bbox 503 1255 578 1311; x_wconf 81' lang='lat'><strong>62</strong></span> <span class='ocrx_word' id='word_1_67' title='bbox 599 1275 618 1332; x_wconf 70' lang='grc' dir='ltr'><strong>ς</strong></span> <span class='ocrx_word' id='word_1_68' title='bbox 636 1255 694 1326; x_wconf 89' lang='lat'><strong>8,</strong></span> <span class='ocrx_word' id='word_1_69' title='bbox 723 1254 822 1324; x_wconf 83' lang='lat'><strong>52,</strong></span> <span class='ocrx_word' id='word_1_70' title='bbox 849 1266 962 1315; x_wconf 87' lang='lat' dir='ltr'><strong>etc.</strong></span> <span class='ocrx_word' id='word_1_71' title='bbox 995 1257 1177 1313; x_wconf 88' lang='lat' dir='ltr'><strong>Iidem</strong></span> <span class='ocrx_word' id='word_1_72' title='bbox 1203 1258 1338 1313; x_wconf 87' lang='lat' dir='ltr'>libri</span> <span class='ocrx_word' id='word_1_73' title='bbox 1365 1260 1461 1326; x_wconf 82' lang='grc' dir='ltr'><strong>τῆς</strong></span> <span class='ocrx_word' id='word_1_74' title='bbox 1486 1259 1756 1328; x_wconf 76' lang='grc' dir='ltr'><strong>τελευτῆς,</strong></span> <span class='ocrx_word' id='word_1_75' title='bbox 1788 1275 1987 1313; x_wconf 84' lang='lat' dir='ltr'><strong>corre-</strong></span> 
     </span>
     <span class='ocr_line' id='line_1_10' title="bbox 411 1342 1989 1418; baseline 0.003 -22"><span class='ocrx_word' id='word_1_76' title='bbox 411 1353 568 1396; x_wconf 74' lang='lat' dir='ltr'><strong>ctum</strong></span> <span class='ocrx_word' id='word_1_77' title='bbox 596 1362 627 1398; x_wconf 88' lang='lat' dir='ltr'><strong>a</strong></span> <span class='ocrx_word' id='word_1_78' title='bbox 658 1342 1019 1403; x_wconf 88' lang='lat' dir='ltr'><strong>Casaubon0.</strong></span> <span class='ocrx_word' id='word_1_79' title='bbox 1049 1346 1155 1418; x_wconf 88' lang='lat' dir='ltr'><strong>(In</strong></span> <span class='ocrx_word' id='word_1_80' title='bbox 1196 1346 1374 1401; x_wconf 87' lang='lat' dir='ltr'><strong>altera</strong></span> <span class='ocrx_word' id='word_1_81' title='bbox 1404 1345 1498 1405; x_wconf 87' lang='lat' dir='ltr'><strong>ed.</strong></span> <span class='ocrx_word' id='word_1_82' title='bbox 1539 1345 1716 1402; x_wconf 86' lang='lat' dir='ltr'><strong>Mein.</strong></span> <span class='ocrx_word' id='word_1_83' title='bbox 1761 1345 1858 1400; x_wconf 90' lang='lat' dir='ltr'><strong>illa</strong></span> <span class='ocrx_word' id='word_1_84' title='bbox 1891 1344 1989 1413; x_wconf 75' lang='grc' dir='ltr'><strong>τῆς</strong></span> 
     </span>
     <span class='ocr_line' id='line_1_11' title="bbox 413 1431 1987 1508; baseline 0.002 -23"><span class='ocrx_word' id='word_1_85' title='bbox 413 1431 658 1500; x_wconf 72' lang='grc' dir='ltr'>τελευτῆς</span> <span class='ocrx_word' id='word_1_86' title='bbox 701 1451 814 1506; x_wconf 92' lang='lat' dir='ltr'><strong>pro</strong></span> <span class='ocrx_word' id='word_1_87' title='bbox 861 1433 1369 1508; x_wconf 87' lang='lat' dir='ltr'><strong>interpretamento</strong></span> <span class='ocrx_word' id='word_1_88' title='bbox 1409 1434 1586 1490; x_wconf 90' lang='lat' dir='ltr'><strong>habet</strong></span> <span class='ocrx_word' id='word_1_89' title='bbox 1629 1433 1987 1506; x_wconf 82' lang='lat' dir='ltr'><strong>sequentium</strong></span> 
     </span>
     <span class='ocr_line' id='line_1_12' title="bbox 411 1517 1987 1596; baseline 0.003 -23"><span class='ocrx_word' id='word_1_90' title='bbox 411 1517 614 1576; x_wconf 80' lang='grc' dir='ltr'><strong>ἐνταυθὶ</strong></span> <span class='ocrx_word' id='word_1_91' title='bbox 643 1517 868 1593; x_wconf 78' lang='grc' dir='ltr'><strong>τάξεως,</strong></span> <span class='ocrx_word' id='word_1_92' title='bbox 895 1540 1013 1595; x_wconf 88' lang='lat' dir='ltr'><strong>quo</strong></span> <span class='ocrx_word' id='word_1_93' title='bbox 1043 1521 1407 1578; x_wconf 80' lang='lat' dir='ltr'><strong>obliteratam</strong></span> <span class='ocrx_word' id='word_1_94' title='bbox 1444 1522 1612 1578; x_wconf 84' lang='lat' dir='ltr'><strong>fuisse</strong></span> <span class='ocrx_word' id='word_1_95' title='bbox 1645 1523 1987 1596; x_wconf 77' lang='lat' dir='ltr'><strong>scripturam</strong></span> 
     </span>
     <span class='ocr_line' id='line_1_13' title="bbox 410 1599 1983 1682; baseline 0.001 -19"><span class='ocrx_word' id='word_1_96' title='bbox 410 1609 530 1666; x_wconf 80' lang='lat' dir='ltr'><strong>sere</strong></span> <span class='ocrx_word' id='word_1_97' title='bbox 557 1611 725 1666; x_wconf 89' lang='lat' dir='ltr'><strong>talem</strong></span> <span class='ocrx_word' id='word_1_98' title='bbox 757 1627 774 1669; x_wconf 77' lang='lat' dir='ltr'><strong>t</strong></span> <span class='ocrx_word' id='word_1_99' title='bbox 810 1609 997 1667; x_wconf 78' lang='grc' dir='ltr'><strong>οὐκοῦν</strong></span> <span class='ocrx_word' id='word_1_100' title='bbox 1025 1607 1244 1666; x_wconf 79' lang='grc' dir='ltr'><strong>δεινὸν</strong></span> <span class='ocrx_word' id='word_1_101' title='bbox 1269 1599 1305 1680; x_wconf 74' lang='grc' dir='ltr'>ἦ</span> <span class='ocrx_word' id='word_1_102' title='bbox 1321 1633 1350 1666; x_wconf 88' lang='grc' dir='ltr'><strong>ν</strong></span> <span class='ocrx_word' id='word_1_103' title='bbox 1377 1608 1451 1667; x_wconf 80' lang='grc' dir='ltr'><strong>τὸ</strong></span> <span class='ocrx_word' id='word_1_104' title='bbox 1485 1607 1619 1666; x_wconf 79' lang='grc' dir='ltr'><strong>πολὺ</strong></span> <span class='ocrx_word' id='word_1_105' title='bbox 1653 1607 1802 1682; x_wconf 85' lang='grc' dir='ltr'><strong>κράτ.</strong></span> <span class='ocrx_word' id='word_1_106' title='bbox 1825 1621 1938 1665; x_wconf 90' lang='lat' dir='ltr'><strong>etc.</strong></span> <span class='ocrx_word' id='word_1_107' title='bbox 1967 1629 1983 1666; x_wconf 71' lang='grc' dir='ltr'><strong>ι</strong></span> 
     </span>
     <span class='ocr_line' id='line_1_14' title="bbox 407 1693 1982 1774; baseline 0.001 -22"><span class='ocrx_word' id='word_1_108' title='bbox 407 1699 706 1753; x_wconf 87' lang='lat' dir='ltr'><strong>articulum</strong></span> <span class='ocrx_word' id='word_1_109' title='bbox 733 1699 951 1774; x_wconf 87' lang='lat' dir='ltr'><strong>quippe</strong></span> <span class='ocrx_word' id='word_1_110' title='bbox 973 1716 1088 1754; x_wconf 69' lang='lat' dir='ltr'><strong>esse</strong></span> <span class='ocrx_word' id='word_1_111' title='bbox 1109 1700 1488 1754; x_wconf 88' lang='lat' dir='ltr'><strong>necessarium</strong></span> <span class='ocrx_word' id='word_1_112' title='bbox 1506 1698 1582 1756; x_wconf 86' lang='lat' dir='ltr'><strong>ad</strong></span> <span class='ocrx_word' id='word_1_113' title='bbox 1600 1693 1735 1754; x_wconf 75' lang='grc' dir='ltr'><strong>πολὺ</strong></span> <span class='ocrx_word' id='word_1_114' title='bbox 1759 1693 1913 1774; x_wconf 86' lang='grc' dir='ltr'><strong>κράτ.</strong></span> <span class='ocrx_word' id='word_1_115' title='bbox 1938 1695 1982 1773; x_wconf 91' lang='grc'><strong>).</strong></span> 
     </span>
     <span class='ocr_line' id='line_1_15' title="bbox 410 1783 1984 1859; baseline 0 -19"><span class='ocrx_word' id='word_1_116' title='bbox 410 1787 472 1840; x_wconf 87' lang='lat' dir='ltr'><strong>V.</strong></span> <span class='ocrx_word' id='word_1_117' title='bbox 506 1783 542 1840; x_wconf 89' lang='grc'><strong>8</strong></span> <span class='ocrx_word' id='word_1_118' title='bbox 573 1786 706 1840; x_wconf 89' lang='lat' dir='ltr'><strong>libri</strong></span> <span class='ocrx_word' id='word_1_119' title='bbox 744 1803 912 1840; x_wconf 84' lang='lat' dir='ltr'><strong>versu</strong></span> <span class='ocrx_word' id='word_1_120' title='bbox 937 1784 1295 1859; x_wconf 70' lang='lat' dir='ltr'><strong>pessumdato</strong></span> <span class='ocrx_word' id='word_1_121' title='bbox 1334 1785 1582 1844; x_wconf 75' lang='grc' dir='ltr'><strong>ἐνταῦθα.</strong></span> <span class='ocrx_word' id='word_1_122' title='bbox 1615 1785 1855 1844; x_wconf 81' lang='lat' dir='ltr'><strong>casaub.</strong></span> <span class='ocrx_word' id='word_1_123' title='bbox 1901 1783 1984 1840; x_wconf 84' lang='grc' dir='ltr'><strong>ἐν·</strong></span> 
     </span>
     <span class='ocr_line' id='line_1_16' title="bbox 407 1867 1986 1948; baseline 0 -21"><span class='ocrx_word' id='word_1_124' title='bbox 407 1871 622 1945; x_wconf 83' lang='grc' dir='ltr'><strong>ταυθοῖ,</strong></span> <span class='ocrx_word' id='word_1_125' title='bbox 661 1873 837 1932; x_wconf 90' lang='lat' dir='ltr'><strong>Dind.</strong></span> <span class='ocrx_word' id='word_1_126' title='bbox 869 1883 928 1930; x_wconf 89' lang='lat' dir='ltr'><strong>et</strong></span> <span class='ocrx_word' id='word_1_127' title='bbox 949 1875 1124 1932; x_wconf 86' lang='lat' dir='ltr'><strong>Mein.</strong></span> <span class='ocrx_word' id='word_1_128' title='bbox 1153 1871 1378 1931; x_wconf 78' lang='grc' dir='ltr'><strong>ἕνταυθί.</strong></span> <span class='ocrx_word' id='word_1_129' title='bbox 1416 1876 1485 1930; x_wconf 87' lang='lat' dir='ltr'><strong>V.</strong></span> <span class='ocrx_word' id='word_1_130' title='bbox 1515 1891 1584 1928; x_wconf 85' lang='lat'><strong>10</strong></span> <span class='ocrx_word' id='word_1_131' title='bbox 1611 1874 1786 1948; x_wconf 83' lang='lat' dir='ltr'><strong>vulgo</strong></span> <span class='ocrx_word' id='word_1_132' title='bbox 1823 1867 1986 1948; x_wconf 83' lang='grc' dir='ltr'><strong>δέμας</strong></span> 
     </span>
     <span class='ocr_line' id='line_1_17' title="bbox 409 1958 1978 2040; baseline 0.001 -24"><span class='ocrx_word' id='word_1_133' title='bbox 409 1961 646 2040; x_wconf 76' lang='grc' dir='ltr'><strong>ἄνορθοῖ,</strong></span> <span class='ocrx_word' id='word_1_134' title='bbox 689 1971 754 2016; x_wconf 87' lang='lat' dir='ltr'><strong>ut</strong></span> <span class='ocrx_word' id='word_1_135' title='bbox 791 1961 1043 2018; x_wconf 83' lang='lat' dir='ltr'><strong>Eustath.</strong></span> <span class='ocrx_word' id='word_1_136' title='bbox 1081 1961 1158 2016; x_wconf 89' lang='lat' dir='ltr'><strong>ad</strong></span> <span class='ocrx_word' id='word_1_137' title='bbox 1193 1964 1369 2019; x_wconf 86' lang='lat' dir='ltr'><strong>Hom.</strong></span> <span class='ocrx_word' id='word_1_138' title='bbox 1395 1979 1455 2035; x_wconf 91' lang='lat' dir='ltr'><strong>p.</strong></span> <span class='ocrx_word' id='word_1_139' title='bbox 1495 1959 1669 2029; x_wconf 75' lang='lat'><strong>1283,</strong></span> <span class='ocrx_word' id='word_1_140' title='bbox 1703 1959 1776 2016; x_wconf 86' lang='lat'><strong>33</strong></span> <span class='ocrx_word' id='word_1_141' title='bbox 1821 1979 1834 2013; x_wconf 90' lang='lat'>:</span> <span class='ocrx_word' id='word_1_142' title='bbox 1867 1958 1978 2019; x_wconf 88' lang='grc' dir='ltr'><strong>Πλ.</strong></span> 
     </span>
     <span class='ocr_line' id='line_1_18' title="bbox 407 2043 1985 2126; baseline -0.002 -20"><span class='ocrx_word' id='word_1_143' title='bbox 407 2050 437 2106; x_wconf 81' lang='grc' dir='ltr'>ὁ</span> <span class='ocrx_word' id='word_1_144' title='bbox 463 2045 694 2126; x_wconf 81' lang='grc' dir='ltr'><strong>κωμικὸς</strong></span> <span class='ocrx_word' id='word_1_145' title='bbox 718 2044 876 2120; x_wconf 65' lang='grc' dir='ltr'><strong>εἰπὼν</strong></span> <span class='ocrx_word' id='word_1_146' title='bbox 892 2045 1014 2126; x_wconf 86' lang='grc' dir='ltr'><strong>περὶ</strong></span> <span class='ocrx_word' id='word_1_147' title='bbox 1037 2045 1253 2126; x_wconf 77' lang='grc' dir='ltr'><strong>βολὸοῦ,</strong></span> <span class='ocrx_word' id='word_1_148' title='bbox 1273 2045 1329 2114; x_wconf 86' lang='grc' dir='ltr'><strong>ὃς</strong></span> <span class='ocrx_word' id='word_1_149' title='bbox 1349 2045 1512 2114; x_wconf 76' lang='grc' dir='ltr'><strong>πολὺς</strong></span> <span class='ocrx_word' id='word_1_150' title='bbox 1529 2049 1581 2106; x_wconf 81' lang='grc' dir='ltr'><strong>ἐν</strong></span> <span class='ocrx_word' id='word_1_151' title='bbox 1601 2044 1838 2117; x_wconf 77' lang='grc' dir='ltr'><strong>Ἀθήναις</strong></span> <span class='ocrx_word' id='word_1_152' title='bbox 1859 2043 1985 2124; x_wconf 81' lang='grc' dir='ltr'><strong>φύε-</strong></span> 
     </span>
     <span class='ocr_line' id='line_1_19' title="bbox 407 2133 1975 2215; baseline -0.001 -23"><span class='ocrx_word' id='word_1_153' title='bbox 407 2157 517 2215; x_wconf 88' lang='grc' dir='ltr'><strong>ται,</strong></span> <span class='ocrx_word' id='word_1_154' title='bbox 543 2135 622 2196; x_wconf 72' lang='grc' dir='ltr'><strong>ὅτι</strong></span> <span class='ocrx_word' id='word_1_155' title='bbox 650 2135 710 2195; x_wconf 82' lang='grc' dir='ltr'><strong>τὸ</strong></span> <span class='ocrx_word' id='word_1_156' title='bbox 729 2135 892 2214; x_wconf 83' lang='grc' dir='ltr'>δέμας</span> <span class='ocrx_word' id='word_1_157' title='bbox 917 2139 1146 2214; x_wconf 77' lang='grc' dir='ltr'><strong>ἀνορθοῖ,</strong></span> <span class='ocrx_word' id='word_1_158' title='bbox 1176 2135 1413 2195; x_wconf 88' lang='grc' dir='ltr'><strong>τούτεστι</strong></span> <span class='ocrx_word' id='word_1_159' title='bbox 1436 2135 1496 2193; x_wconf 80' lang='grc' dir='ltr'><strong>τὸ</strong></span> <span class='ocrx_word' id='word_1_160' title='bbox 1524 2135 1721 2193; x_wconf 79' lang='grc' dir='ltr'><strong>αἰδοῖον</strong></span> <span class='ocrx_word' id='word_1_161' title='bbox 1745 2133 1975 2194; x_wconf 78' lang='grc' dir='ltr'><strong>ἐντείνει.</strong></span> 
     </span>
     <span class='ocr_line' id='line_1_20' title="bbox 407 2222 1976 2306; baseline -0.003 -22"><span class='ocrx_word' id='word_1_162' title='bbox 407 2230 586 2285; x_wconf 80' lang='lat' dir='ltr'><strong>Recte</strong></span> <span class='ocrx_word' id='word_1_163' title='bbox 599 2229 884 2304; x_wconf 76' lang='lat' dir='ltr'><strong>supplevit</strong></span> <span class='ocrx_word' id='word_1_164' title='bbox 903 2227 1138 2288; x_wconf 79' lang='lat' dir='ltr'><strong>casaub.</strong></span> <span class='ocrx_word' id='word_1_165' title='bbox 1157 2223 1322 2303; x_wconf 80' lang='grc' dir='ltr'><strong>δέμας</strong></span> <span class='ocrx_word' id='word_1_166' title='bbox 1341 2222 1524 2306; x_wconf 82' lang='grc' dir='ltr'><strong>ἀνδρὸς</strong></span> <span class='ocrx_word' id='word_1_167' title='bbox 1546 2223 1768 2302; x_wconf 76' lang='grc' dir='ltr'><strong>ἀνορθοῖ.</strong></span> <span class='ocrx_word' id='word_1_168' title='bbox 1795 2227 1840 2282; x_wconf 87' lang='lat' dir='ltr'><strong>V</strong></span> <span class='ocrx_word' id='word_1_169' title='bbox 1852 2224 1976 2280; x_wconf 90' lang='lat' dir='ltr'><strong>ide·</strong></span> 
     </span>
     <span class='ocr_line' id='line_1_21' title="bbox 411 2311 1977 2394; baseline -0.001 -23"><span class='ocrx_word' id='word_1_170' title='bbox 411 2327 505 2372; x_wconf 85' lang='lat' dir='ltr'><strong>tur</strong></span> <span class='ocrx_word' id='word_1_171' title='bbox 544 2317 733 2374; x_wconf 82' lang='lat' dir='ltr'><strong>fraudi</strong></span> <span class='ocrx_word' id='word_1_172' title='bbox 773 2317 940 2374; x_wconf 83' lang='lat' dir='ltr'><strong>fuisse</strong></span> <span class='ocrx_word' id='word_1_173' title='bbox 986 2317 1194 2394; x_wconf 82' lang='grc' dir='ltr'><strong>ἀνορθοῖ</strong></span> <span class='ocrx_word' id='word_1_174' title='bbox 1225 2315 1396 2371; x_wconf 82' lang='lat' dir='ltr'><strong>simili</strong></span> <span class='ocrx_word' id='word_1_175' title='bbox 1439 2316 1572 2371; x_wconf 75' lang='lat' dir='ltr'><strong>voci</strong></span> <span class='ocrx_word' id='word_1_176' title='bbox 1603 2311 1802 2391; x_wconf 78' lang='grc' dir='ltr'><strong>ἀνδρός.</strong></span> <span class='ocrx_word' id='word_1_177' title='bbox 1835 2315 1977 2370; x_wconf 89' lang='lat' dir='ltr'><strong>Din-</strong></span> 
     </span>
     <span class='ocr_line' id='line_1_22' title="bbox 407 2399 1981 2480; baseline -0.003 -20"><span class='ocrx_word' id='word_1_178' title='bbox 407 2403 560 2462; x_wconf 82' lang='lat' dir='ltr'><strong>dorf.</strong></span> <span class='ocrx_word' id='word_1_179' title='bbox 579 2401 740 2479; x_wconf 81' lang='grc' dir='ltr'>δέμας</span> <span class='ocrx_word' id='word_1_180' title='bbox 751 2399 1099 2480; x_wconf 79' lang='grc' dir='ltr'><strong>ἄνέροςόρθοῖ.</strong></span> <span class='ocrx_word' id='word_1_181' title='bbox 1116 2405 1186 2458; x_wconf 88' lang='lat' dir='ltr'><strong>In</strong></span> <span class='ocrx_word' id='word_1_182' title='bbox 1199 2403 1334 2460; x_wconf 90' lang='lat' dir='ltr'><strong>cod.</strong></span> <span class='ocrx_word' id='word_1_183' title='bbox 1348 2403 1392 2459; x_wconf 90' lang='lat' dir='ltr'>C</span> <span class='ocrx_word' id='word_1_184' title='bbox 1403 2413 1602 2478; x_wconf 73' lang='lat' dir='ltr'><strong>postV.</strong></span> <span class='ocrx_word' id='word_1_185' title='bbox 1635 2419 1704 2456; x_wconf 87' lang='lat'><strong>10</strong></span> <span class='ocrx_word' id='word_1_186' title='bbox 1717 2400 1981 2456; x_wconf 90' lang='lat' dir='ltr'><strong>additum</strong></span> 
     </span>
     <span class='ocr_line' id='line_1_23' title="bbox 409 2487 1985 2569; baseline -0.003 -21"><span class='ocrx_word' id='word_1_187' title='bbox 409 2495 443 2561; x_wconf 88' lang='grc' dir='ltr'>ἡ</span> <span class='ocrx_word' id='word_1_188' title='bbox 471 2487 624 2569; x_wconf 81' lang='grc' dir='ltr'><strong>ψωλὴ</strong></span> <span class='ocrx_word' id='word_1_189' title='bbox 652 2489 814 2567; x_wconf 80' lang='grc' dir='ltr'>δέμας</span> <span class='ocrx_word' id='word_1_190' title='bbox 854 2488 988 2550; x_wconf 75' lang='grc' dir='ltr'><strong>ἐστί.</strong></span> <span class='ocrx_word' id='word_1_191' title='bbox 1033 2494 1098 2548; x_wconf 88' lang='lat' dir='ltr'><strong>V.</strong></span> <span class='ocrx_word' id='word_1_192' title='bbox 1143 2509 1207 2552; x_wconf 76' lang='grc' dir='ltr'><strong>ιι</strong></span> <span class='ocrx_word' id='word_1_193' title='bbox 1257 2490 1390 2546; x_wconf 87' lang='lat' dir='ltr'><strong>libri</strong></span> <span class='ocrx_word' id='word_1_194' title='bbox 1420 2490 1718 2546; x_wconf 87' lang='lat' dir='ltr'><strong>durissime</strong></span> <span class='ocrx_word' id='word_1_195' title='bbox 1758 2500 1815 2544; x_wconf 90' lang='lat' dir='ltr'><strong>et</strong></span> <span class='ocrx_word' id='word_1_196' title='bbox 1847 2509 1985 2564; x_wconf 90' lang='lat' dir='ltr'><strong>pro-</strong></span> 
     </span>
     <span class='ocr_line' id='line_1_24' title="bbox 403 2574 1984 2651; baseline -0.001 -16"><span class='ocrx_word' id='word_1_197' title='bbox 403 2581 502 2635; x_wconf 72' lang='lat' dir='ltr'><strong>&#39;cul</strong></span> <span class='ocrx_word' id='word_1_198' title='bbox 525 2579 704 2636; x_wconf 89' lang='lat' dir='ltr'><strong>dubio</strong></span> <span class='ocrx_word' id='word_1_199' title='bbox 719 2578 990 2636; x_wconf 86' lang='lat' dir='ltr'>mendose</span> <span class='ocrx_word' id='word_1_200' title='bbox 1009 2579 1127 2637; x_wconf 86' lang='grc' dir='ltr'><strong>θαλ.</strong></span> <span class='ocrx_word' id='word_1_201' title='bbox 1160 2576 1207 2634; x_wconf 87' lang='grc' dir='ltr'><strong>δ’</strong></span> <span class='ocrx_word' id='word_1_202' title='bbox 1235 2578 1288 2644; x_wconf 75' lang='grc' dir='ltr'><strong>ἐς</strong></span> <span class='ocrx_word' id='word_1_203' title='bbox 1319 2575 1457 2634; x_wconf 83' lang='grc' dir='ltr'><strong>τέκν’</strong></span> <span class='ocrx_word' id='word_1_204' title='bbox 1481 2574 1672 2651; x_wconf 81' lang='grc' dir='ltr'><strong>ἄνειμι.</strong></span> <span class='ocrx_word' id='word_1_205' title='bbox 1701 2579 1835 2632; x_wconf 88' lang='lat' dir='ltr'><strong>Post</strong></span> <span class='ocrx_word' id='word_1_206' title='bbox 1853 2596 1984 2633; x_wconf 81' lang='lat' dir='ltr'><strong>ver·</strong></span> 
     </span>
     <span class='ocr_line' id='line_1_25' title="bbox 407 2655 1985 2743; baseline -0.001 -21"><span class='ocrx_word' id='word_1_207' title='bbox 407 2685 530 2722; x_wconf 85' lang='lat' dir='ltr'><strong>sum</strong></span> <span class='ocrx_word' id='word_1_208' title='bbox 557 2686 624 2722; x_wconf 81' lang='lat'><strong>12</strong></span> <span class='ocrx_word' id='word_1_209' title='bbox 649 2655 798 2743; x_wconf 75' lang='grc' dir='ltr'><strong>οἶμαι</strong></span> <span class='ocrx_word' id='word_1_210' title='bbox 814 2678 878 2722; x_wconf 90' lang='lat' dir='ltr'><strong>ut</strong></span> <span class='ocrx_word' id='word_1_211' title='bbox 899 2667 1172 2741; x_wconf 82' lang='lat' dir='ltr'><strong>glossema</strong></span> <span class='ocrx_word' id='word_1_212' title='bbox 1193 2661 1419 2740; x_wconf 78' lang='grc' dir='ltr'><strong>ἄμετρον</strong></span> <span class='ocrx_word' id='word_1_213' title='bbox 1439 2663 1650 2720; x_wconf 82' lang='lat' dir='ltr'><strong>delevit</strong></span> <span class='ocrx_word' id='word_1_214' title='bbox 1667 2664 1865 2734; x_wconf 91' lang='lat' dir='ltr'><strong>Dind.,</strong></span> <span class='ocrx_word' id='word_1_215' title='bbox 1882 2665 1985 2720; x_wconf 87' lang='lat' dir='ltr'><strong>sed</strong></span> 
     </span>
     <span class='ocr_line' id='line_1_26' title="bbox 407 2753 1983 2830; baseline -0.001 -21"><span class='ocrx_word' id='word_1_216' title='bbox 407 2756 548 2830; x_wconf 85' lang='lat' dir='ltr'><strong>poni</strong></span> <span class='ocrx_word' id='word_1_217' title='bbox 567 2765 796 2830; x_wconf 86' lang='lat' dir='ltr'><strong>poterat</strong></span> <span class='ocrx_word' id='word_1_218' title='bbox 819 2755 984 2810; x_wconf 87' lang='lat' dir='ltr'><strong>initio</strong></span> <span class='ocrx_word' id='word_1_219' title='bbox 1007 2754 1242 2808; x_wconf 86' lang='lat' dir='ltr'><strong>alterius</strong></span> <span class='ocrx_word' id='word_1_220' title='bbox 1267 2771 1476 2808; x_wconf 80' lang='lat' dir='ltr'><strong>versus.</strong></span> <span class='ocrx_word' id='word_1_221' title='bbox 1503 2753 1634 2807; x_wconf 88' lang='lat' dir='ltr'><strong>Non</strong></span> <span class='ocrx_word' id='word_1_222' title='bbox 1667 2763 1983 2825; x_wconf 83' lang='lat' dir='ltr'><strong>agnoscunt</strong></span> 
     </span>
     <span class='ocr_line' id='line_1_27' title="bbox 407 2838 1983 2918; baseline -0.001 -20"><span class='ocrx_word' id='word_1_223' title='bbox 407 2855 594 2900; x_wconf 89' lang='lat' dir='ltr'><strong>tamen</strong></span> <span class='ocrx_word' id='word_1_224' title='bbox 605 2843 824 2918; x_wconf 86' lang='lat' dir='ltr'><strong>quihuc</strong></span> <span class='ocrx_word' id='word_1_225' title='bbox 835 2841 1148 2918; x_wconf 86' lang='lat' dir='ltr'><strong>respiciunt</strong></span> <span class='ocrx_word' id='word_1_226' title='bbox 1159 2841 1414 2899; x_wconf 85' lang='lat' dir='ltr'><strong>Eustath.</strong></span> <span class='ocrx_word' id='word_1_227' title='bbox 1429 2839 1501 2897; x_wconf 87' lang='lat' dir='ltr'><strong>ad</strong></span> <span class='ocrx_word' id='word_1_228' title='bbox 1515 2838 1714 2914; x_wconf 66' lang='lat' dir='ltr'><strong>Odyss</strong></span> <span class='ocrx_word' id='word_1_229' title='bbox 1731 2859 1788 2914; x_wconf 92' lang='lat' dir='ltr'><strong>p.</strong></span> <span class='ocrx_word' id='word_1_230' title='bbox 1811 2859 1832 2896; x_wconf 90' lang='lat'>1</span> <span class='ocrx_word' id='word_1_231' title='bbox 1845 2839 1983 2916; x_wconf 81' lang='lat'><strong>862,</strong></span> 
     </span>
     <span class='ocr_line' id='line_1_28' title="bbox 409 2929 1979 3008; baseline 0 -21"><span class='ocrx_word' id='word_1_232' title='bbox 409 2952 506 3001; x_wconf 83' lang='lat'><strong>20,</strong></span> <span class='ocrx_word' id='word_1_233' title='bbox 533 2944 590 2987; x_wconf 89' lang='lat' dir='ltr'><strong>et</strong></span> <span class='ocrx_word' id='word_1_234' title='bbox 605 2951 846 3008; x_wconf 84' lang='lat' dir='ltr'><strong>gramm.</strong></span> <span class='ocrx_word' id='word_1_235' title='bbox 871 2951 962 3005; x_wconf 85' lang='lat' dir='ltr'><strong>ap.</strong></span> <span class='ocrx_word' id='word_1_236' title='bbox 985 2929 1244 2987; x_wconf 84' lang='lat' dir='ltr'><strong>Cramer.</strong></span> <span class='ocrx_word' id='word_1_237' title='bbox 1269 2930 1488 2987; x_wconf 86' lang='lat' dir='ltr'><strong>Anecd.</strong></span> <span class='ocrx_word' id='word_1_238' title='bbox 1518 2930 1628 2987; x_wconf 86' lang='lat' dir='ltr'><strong>Ox.</strong></span> <span class='ocrx_word' id='word_1_239' title='bbox 1655 2930 1714 2999; x_wconf 89' lang='lat'><strong>3,</strong></span> <span class='ocrx_word' id='word_1_240' title='bbox 1743 2948 1806 3003; x_wconf 87' lang='lat' dir='ltr'><strong>p.</strong></span> <span class='ocrx_word' id='word_1_241' title='bbox 1842 2929 1979 2988; x_wconf 82' lang='lat'><strong>168.</strong></span> 
     </span>
     <span class='ocr_line' id='line_1_29' title="bbox 407 3015 1984 3095; baseline 0 -22"><span class='ocrx_word' id='word_1_242' title='bbox 407 3021 475 3077; x_wconf 89' lang='lat' dir='ltr'><strong>V.</strong></span> <span class='ocrx_word' id='word_1_243' title='bbox 507 3018 574 3076; x_wconf 84' lang='lat'><strong>15</strong></span> <span class='ocrx_word' id='word_1_244' title='bbox 601 3022 772 3095; x_wconf 84' lang='lat' dir='ltr'><strong>vulgo</strong></span> <span class='ocrx_word' id='word_1_245' title='bbox 788 3016 982 3076; x_wconf 81' lang='grc' dir='ltr'><strong>πολλὸν</strong></span> <span class='ocrx_word' id='word_1_246' title='bbox 1002 3040 1058 3094; x_wconf 88' lang='grc' dir='ltr'><strong>γ.</strong></span> <span class='ocrx_word' id='word_1_247' title='bbox 1087 3015 1321 3089; x_wconf 83' lang='grc' dir='ltr'><strong>ἄμεινον,</strong></span> <span class='ocrx_word' id='word_1_248' title='bbox 1343 3017 1792 3073; x_wconf 87' lang='lat' dir='ltr'><strong>homoeoteleuto</strong></span> <span class='ocrx_word' id='word_1_249' title='bbox 1816 3015 1984 3073; x_wconf 82' lang='lat' dir='ltr'><strong>facile</strong></span> 
     </span>
     <span class='ocr_line' id='line_1_30' title="bbox 405 3103 1983 3178; baseline 0.001 -17"><span class='ocrx_word' id='word_1_250' title='bbox 405 3108 658 3164; x_wconf 82' lang='lat' dir='ltr'><strong>evitabili</strong></span> <span class='ocrx_word' id='word_1_251' title='bbox 683 3128 697 3163; x_wconf 73' lang='grc' dir='ltr'><strong>ι</strong></span> <span class='ocrx_word' id='word_1_252' title='bbox 724 3127 783 3166; x_wconf 82' lang='grc' dir='ltr'><strong>ν.</strong></span> <span class='ocrx_word' id='word_1_253' title='bbox 805 3106 1193 3166; x_wconf 83' lang='lat' dir='ltr'><strong>Bornemann.</strong></span> <span class='ocrx_word' id='word_1_254' title='bbox 1219 3105 1409 3161; x_wconf 87' lang='lat' dir='ltr'><strong>indice</strong></span> <span class='ocrx_word' id='word_1_255' title='bbox 1431 3103 1776 3178; x_wconf 80' lang='lat' dir='ltr'><strong>Cyropaediae</strong></span> <span class='ocrx_word' id='word_1_256' title='bbox 1793 3122 1852 3162; x_wconf 79' lang='lat' dir='ltr'><strong>v.</strong></span> <span class='ocrx_word' id='word_1_257' title='bbox 1871 3105 1983 3162; x_wconf 88' lang='grc' dir='ltr'><strong>Πο-</strong></span> 
     </span>
     <span class='ocr_line' id='line_1_31' title="bbox 405 3192 1983 3272; baseline -0.001 -21"><span class='ocrx_word' id='word_1_258' title='bbox 405 3192 517 3260; x_wconf 92' lang='grc' dir='ltr'><strong>λύς.</strong></span> <span class='ocrx_word' id='word_1_259' title='bbox 560 3199 630 3256; x_wconf 88' lang='lat' dir='ltr'><strong>V.</strong></span> <span class='ocrx_word' id='word_1_260' title='bbox 686 3196 755 3252; x_wconf 84' lang='lat'><strong>16</strong></span> <span class='ocrx_word' id='word_1_261' title='bbox 787 3207 981 3272; x_wconf 87' lang='lat' dir='ltr'><strong>aperte</strong></span> <span class='ocrx_word' id='word_1_262' title='bbox 1028 3195 1230 3250; x_wconf 84' lang='lat' dir='ltr'><strong>vitiosa</strong></span> <span class='ocrx_word' id='word_1_263' title='bbox 1271 3205 1357 3249; x_wconf 90' lang='lat' dir='ltr'><strong>est</strong></span> <span class='ocrx_word' id='word_1_264' title='bbox 1407 3194 1689 3268; x_wconf 82' lang='lat' dir='ltr'><strong>scriptura</strong></span> <span class='ocrx_word' id='word_1_265' title='bbox 1717 3193 1983 3249; x_wconf 89' lang='lat' dir='ltr'><strong>codicum</strong></span> 
     </span>
     <span class='ocr_line' id='line_1_32' title="bbox 405 3276 1978 3359; baseline -0.001 -22"><span class='ocrx_word' id='word_1_266' title='bbox 405 3284 523 3339; x_wconf 82' lang='lat' dir='ltr'><strong>haec</strong></span> <span class='ocrx_word' id='word_1_267' title='bbox 551 3282 873 3348; x_wconf 85' lang='grc' dir='ltr'><strong>πουλύποδος</strong></span> <span class='ocrx_word' id='word_1_268' title='bbox 899 3281 1100 3352; x_wconf 80' lang='grc' dir='ltr'><strong>πλεκτὴ</strong></span> <span class='ocrx_word' id='word_1_269' title='bbox 1125 3280 1172 3337; x_wconf 85' lang='grc' dir='ltr'><strong>δ’</strong></span> <span class='ocrx_word' id='word_1_270' title='bbox 1200 3276 1265 3339; x_wconf 72' lang='grc' dir='ltr'><strong>ἂν</strong></span> <span class='ocrx_word' id='word_1_271' title='bbox 1289 3278 1544 3359; x_wconf 75' lang='grc' dir='ltr'><strong>ἐπιλήψῃ.</strong></span> <span class='ocrx_word' id='word_1_272' title='bbox 1578 3282 1869 3353; x_wconf 84' lang='lat' dir='ltr'><strong>Oxymoro</strong></span> <span class='ocrx_word' id='word_1_273' title='bbox 1900 3282 1978 3337; x_wconf 91' lang='lat' dir='ltr'><strong>le·</strong></span> 
     </span>
     <span class='ocr_line' id='line_1_33' title="bbox 407 3368 1980 3447; baseline -0.001 -22"><span class='ocrx_word' id='word_1_274' title='bbox 407 3371 548 3446; x_wconf 83' lang='lat' dir='ltr'><strong>pido</strong></span> <span class='ocrx_word' id='word_1_275' title='bbox 585 3382 758 3447; x_wconf 88' lang='lat' dir='ltr'><strong>poeta</strong></span> <span class='ocrx_word' id='word_1_276' title='bbox 797 3370 972 3441; x_wconf 87' lang='lat' dir='ltr'><strong>dicit,</strong></span> <span class='ocrx_word' id='word_1_277' title='bbox 999 3372 1046 3427; x_wconf 92' lang='lat' dir='ltr'><strong>si</strong></span> <span class='ocrx_word' id='word_1_278' title='bbox 1075 3371 1205 3443; x_wconf 88' lang='lat' dir='ltr'><strong>quis</strong></span> <span class='ocrx_word' id='word_1_279' title='bbox 1224 3370 1470 3444; x_wconf 85' lang='lat' dir='ltr'><strong>polypos</strong></span> <span class='ocrx_word' id='word_1_280' title='bbox 1495 3368 1742 3439; x_wconf 85' lang='lat' dir='ltr'><strong>habeat,</strong></span> <span class='ocrx_word' id='word_1_281' title='bbox 1771 3369 1980 3423; x_wconf 87' lang='lat' dir='ltr'><strong>elixum</strong></span> 
     </span>
     <span class='ocr_line' id='line_1_34' title="bbox 405 3455 1982 3535; baseline -0.001 -23"><span class='ocrx_word' id='word_1_282' title='bbox 405 3458 682 3531; x_wconf 85' lang='lat' dir='ltr'><strong>majorem</strong></span> <span class='ocrx_word' id='word_1_283' title='bbox 700 3469 965 3535; x_wconf 86' lang='lat' dir='ltr'><strong>praestare</strong></span> <span class='ocrx_word' id='word_1_284' title='bbox 1003 3476 1188 3531; x_wconf 78' lang='lat' dir='ltr'><strong>parvo</strong></span> <span class='ocrx_word' id='word_1_285' title='bbox 1206 3474 1330 3513; x_wconf 84' lang='lat' dir='ltr'><strong>asso</strong></span> <span class='ocrx_word' id='word_1_286' title='bbox 1351 3476 1369 3528; x_wconf 80' lang='lat'>3</span> <span class='ocrx_word' id='word_1_287' title='bbox 1393 3457 1477 3511; x_wconf 87' lang='lat' dir='ltr'><strong>sin</strong></span> <span class='ocrx_word' id='word_1_288' title='bbox 1505 3466 1695 3511; x_wconf 88' lang='lat' dir='ltr'><strong>autem</strong></span> <span class='ocrx_word' id='word_1_289' title='bbox 1724 3455 1842 3511; x_wconf 90' lang='lat' dir='ltr'><strong>duo</strong></span> <span class='ocrx_word' id='word_1_290' title='bbox 1869 3457 1982 3511; x_wconf 86' lang='lat' dir='ltr'><strong>sint</strong></span> 
     </span>
     <span class='ocr_line' id='line_1_35' title="bbox 405 3542 1978 3617; baseline 0 -17"><span class='ocrx_word' id='word_1_291' title='bbox 405 3548 549 3617; x_wconf 82' lang='lat' dir='ltr'><strong>assi,</strong></span> <span class='ocrx_word' id='word_1_292' title='bbox 590 3542 1072 3602; x_wconf 87' lang='lat' dir='ltr'><strong>contemnendum</strong></span> <span class='ocrx_word' id='word_1_293' title='bbox 1113 3556 1234 3600; x_wconf 81' lang='lat' dir='ltr'><strong>esse</strong></span> <span class='ocrx_word' id='word_1_294' title='bbox 1277 3562 1458 3599; x_wconf 87' lang='lat' dir='ltr'><strong>unum</strong></span> <span class='ocrx_word' id='word_1_295' title='bbox 1503 3544 1738 3601; x_wconf 83' lang='lat' dir='ltr'><strong>elixum.</strong></span> <span class='ocrx_word' id='word_1_296' title='bbox 1788 3568 1814 3593; x_wconf 75' lang='grc' dir='ltr'><strong>«ι</strong></span> <span class='ocrx_word' id='word_1_297' title='bbox 1846 3544 1978 3616; x_wconf 87' lang='lat' dir='ltr'><strong>Quo</strong></span> 
     </span>
     <span class='ocr_line' id='line_1_36' title="bbox 405 3630 1979 3710; baseline -0.003 -20"><span class='ocrx_word' id='word_1_298' title='bbox 405 3645 666 3710; x_wconf 77' lang='lat' dir='ltr'><strong>tempore</strong></span> <span class='ocrx_word' id='word_1_299' title='bbox 685 3654 807 3691; x_wconf 85' lang='lat' dir='ltr'><strong>non</strong></span> <span class='ocrx_word' id='word_1_300' title='bbox 830 3633 1116 3689; x_wconf 87' lang='lat' dir='ltr'><strong>conducat</strong></span> <span class='ocrx_word' id='word_1_301' title='bbox 1133 3632 1337 3707; x_wconf 78' lang='lat' dir='ltr'><strong>polypi</strong></span> <span class='ocrx_word' id='word_1_302' title='bbox 1360 3640 1625 3705; x_wconf 85' lang='lat' dir='ltr'><strong>captura,</strong></span> <span class='ocrx_word' id='word_1_303' title='bbox 1656 3630 1827 3686; x_wconf 88' lang='lat' dir='ltr'><strong>docet</strong></span> <span class='ocrx_word' id='word_1_304' title='bbox 1848 3632 1979 3685; x_wconf 78' lang='lat' dir='ltr'><strong>Ari·</strong></span> 
     </span>
     <span class='ocr_line' id='line_1_37' title="bbox 404 3717 1976 3797; baseline -0.004 -18"><span class='ocrx_word' id='word_1_305' title='bbox 404 3726 632 3779; x_wconf 79' lang='lat' dir='ltr'><strong>stoteles</strong></span> <span class='ocrx_word' id='word_1_306' title='bbox 671 3726 746 3782; x_wconf 85' lang='lat' dir='ltr'><strong>H.</strong></span> <span class='ocrx_word' id='word_1_307' title='bbox 775 3728 844 3779; x_wconf 86' lang='lat' dir='ltr'><strong>A.</strong></span> <span class='ocrx_word' id='word_1_308' title='bbox 877 3722 952 3795; x_wconf 85' lang='lat'><strong>5,</strong></span> <span class='ocrx_word' id='word_1_309' title='bbox 987 3740 1091 3797; x_wconf 69' lang='grc' dir='ltr'><strong>ια,</strong></span> <span class='ocrx_word' id='word_1_310' title='bbox 1117 3722 1236 3777; x_wconf 80' lang='lat' dir='ltr'><strong>sive</strong></span> <span class='ocrx_word' id='word_1_311' title='bbox 1284 3717 1441 3794; x_wconf 86' lang='lat' dir='ltr'><strong>apud</strong></span> <span class='ocrx_word' id='word_1_312' title='bbox 1489 3720 1697 3776; x_wconf 78' lang='lat' dir='ltr'><strong>Athen.</strong></span> <span class='ocrx_word' id='word_1_313' title='bbox 1736 3738 1797 3792; x_wconf 87' lang='lat' dir='ltr'><strong>p.</strong></span> <span class='ocrx_word' id='word_1_314' title='bbox 1836 3717 1976 3791; x_wconf 85' lang='lat'>317,</span> 
     </span>
     <span class='ocr_line' id='line_1_38' title="bbox 409 3800 1976 3885; baseline -0.003 -18"><span class='ocrx_word' id='word_1_315' title='bbox 409 3814 472 3871; x_wconf 77' lang='grc' dir='ltr'><strong>Ε.</strong></span> <span class='ocrx_word' id='word_1_316' title='bbox 507 3836 531 3859; x_wconf 73' lang='grc' dir='ltr'><strong>υ</strong></span> <span class='ocrx_word' id='word_1_317' title='bbox 571 3814 778 3885; x_wconf 65' lang='lat' dir='ltr'><strong>Mein„</strong></span> <span class='ocrx_word' id='word_1_318' title='bbox 806 3811 906 3884; x_wconf 86' lang='lat' dir='ltr'><strong>qui</strong></span> <span class='ocrx_word' id='word_1_319' title='bbox 943 3814 1003 3864; x_wconf 87' lang='lat' dir='ltr'><strong>in</strong></span> <span class='ocrx_word' id='word_1_320' title='bbox 1031 3810 1211 3865; x_wconf 85' lang='lat' dir='ltr'><strong>altera</strong></span> <span class='ocrx_word' id='word_1_321' title='bbox 1235 3807 1373 3864; x_wconf 89' lang='lat' dir='ltr'><strong>edit.</strong></span> <span class='ocrx_word' id='word_1_322' title='bbox 1403 3807 1653 3862; x_wconf 83' lang='lat' dir='ltr'><strong>correxit</strong></span> <span class='ocrx_word' id='word_1_323' title='bbox 1673 3800 1874 3874; x_wconf 82' lang='grc' dir='ltr'><strong>πλεκτὴ</strong></span> <span class='ocrx_word' id='word_1_324' title='bbox 1904 3805 1976 3877; x_wconf 89' lang='grc' dir='ltr'><strong>δ’,</strong></span> 
     </span>
     <span class='ocr_line' id='line_1_39' title="bbox 409 3888 1980 3973; baseline -0.003 -20"><span class='ocrx_word' id='word_1_325' title='bbox 409 3898 470 3953; x_wconf 80' lang='grc' dir='ltr'><strong>εἰ</strong></span> <span class='ocrx_word' id='word_1_326' title='bbox 499 3917 570 3953; x_wconf 88' lang='grc' dir='ltr'><strong>πι</strong></span> <span class='ocrx_word' id='word_1_327' title='bbox 584 3896 617 3953; x_wconf 88' lang='grc' dir='ltr'><strong>λ</strong></span> <span class='ocrx_word' id='word_1_328' title='bbox 633 3894 667 3967; x_wconf 81' lang='grc' dir='ltr'>ή</span> <span class='ocrx_word' id='word_1_329' title='bbox 681 3918 714 3953; x_wconf 99' lang='grc' dir='ltr'><strong>σ</strong></span> <span class='ocrx_word' id='word_1_330' title='bbox 729 3918 754 3953; x_wconf 87' lang='grc' dir='ltr'><strong>ε</strong></span> <span class='ocrx_word' id='word_1_331' title='bbox 768 3919 818 3960; x_wconf 88' lang='grc' dir='ltr'><strong>ις</strong></span> <span class='ocrx_word' id='word_1_332' title='bbox 840 3893 978 3952; x_wconf 79' lang='grc' dir='ltr'><strong>κατὰ</strong></span> <span class='ocrx_word' id='word_1_333' title='bbox 1002 3893 1202 3973; x_wconf 80' lang='grc' dir='ltr'><strong>καιρόν,</strong></span> <span class='ocrx_word' id='word_1_334' title='bbox 1221 3894 1499 3968; x_wconf 86' lang='lat' dir='ltr'><strong>siquidem</strong></span> <span class='ocrx_word' id='word_1_335' title='bbox 1527 3888 1590 3951; x_wconf 71' lang='grc' dir='ltr'><strong>ἂν</strong></span> <span class='ocrx_word' id='word_1_336' title='bbox 1610 3893 1809 3949; x_wconf 84' lang='lat' dir='ltr'><strong>addito</strong></span> <span class='ocrx_word' id='word_1_337' title='bbox 1841 3894 1980 3949; x_wconf 81' lang='lat' dir='ltr'><strong>olim</strong></span> 
     </span>
     <span class='ocr_line' id='line_1_40' title="bbox 407 3980 1979 4061; baseline -0.003 -22"><span class='ocrx_word' id='word_1_338' title='bbox 407 3996 711 4059; x_wconf 86' lang='lat' dir='ltr'><strong>postquam</strong></span> <span class='ocrx_word' id='word_1_339' title='bbox 733 3985 832 4039; x_wconf 88' lang='lat' dir='ltr'><strong>illa</strong></span> <span class='ocrx_word' id='word_1_340' title='bbox 857 3986 914 4038; x_wconf 90' lang='lat' dir='ltr'><strong>in</strong></span> <span class='ocrx_word' id='word_1_341' title='bbox 941 3980 1176 4061; x_wconf 71' lang='grc' dir='ltr'><strong>ἐπιλήψῃ</strong></span> <span class='ocrx_word' id='word_1_342' title='bbox 1205 3983 1476 4039; x_wconf 87' lang='lat' dir='ltr'><strong>abierant.</strong></span> <span class='ocrx_word' id='word_1_343' title='bbox 1500 3982 1735 4043; x_wconf 75' lang='lat' dir='ltr'><strong>Confert</strong></span> <span class='ocrx_word' id='word_1_344' title='bbox 1763 3982 1979 4055; x_wconf 82' lang='lat' dir='ltr'><strong>Ephip-</strong></span> 
     </span>
     <span class='ocr_line' id='line_1_41' title="bbox 406 4065 1979 4148; baseline -0.003 -21"><span class='ocrx_word' id='word_1_345' title='bbox 406 4092 544 4148; x_wconf 81' lang='lat' dir='ltr'><strong>pum</strong></span> <span class='ocrx_word' id='word_1_346' title='bbox 564 4072 816 4146; x_wconf 74' lang='lat' dir='ltr'><strong>Geryon.</strong></span> <span class='ocrx_word' id='word_1_347' title='bbox 843 4070 914 4128; x_wconf 85' lang='lat' dir='ltr'><strong>fr.</strong></span> <span class='ocrx_word' id='word_1_348' title='bbox 948 4089 1008 4139; x_wconf 81' lang='lat'><strong>2,</strong></span> <span class='ocrx_word' id='word_1_349' title='bbox 1049 4090 1119 4127; x_wconf 86' lang='lat'><strong>10</strong></span> <span class='ocrx_word' id='word_1_350' title='bbox 1144 4090 1157 4124; x_wconf 92' lang='lat'><strong>:</strong></span> <span class='ocrx_word' id='word_1_351' title='bbox 1190 4070 1362 4128; x_wconf 79' lang='grc' dir='ltr'><strong>πιλεῖν</strong></span> <span class='ocrx_word' id='word_1_352' title='bbox 1389 4090 1446 4125; x_wconf 89' lang='grc' dir='ltr'><strong>τε</strong></span> <span class='ocrx_word' id='word_1_353' title='bbox 1467 4066 1667 4133; x_wconf 74' lang='grc' dir='ltr'><strong>πολλὰς</strong></span> <span class='ocrx_word' id='word_1_354' title='bbox 1681 4065 1979 4133; x_wconf 76' lang='grc' dir='ltr'><strong>πλεκτάνας</strong></span> 
     </span>
    </p>
   </div>
   <div class='ocr_carea' id='block_1_4' title="bbox 510 4230 1978 4460">
    <p class='ocr_par' dir='ltr' id='par_1_4' title="bbox 510 4230 1978 4460">
     <span class='ocr_line' id='line_1_42' title="bbox 510 4230 1978 4307; baseline -0.003 -15"><span class='ocrx_word' id='word_1_355' title='bbox 510 4236 710 4292; x_wconf 85' lang='lat' dir='ltr'><strong>Contra</strong></span> <span class='ocrx_word' id='word_1_356' title='bbox 725 4233 1040 4307; x_wconf 85' lang='lat' dir='ltr'><strong>scorpius...</strong></span> <span class='ocrx_word' id='word_1_357' title='bbox 1061 4232 1117 4290; x_wconf 89' lang='lat' dir='ltr'><strong>b.</strong></span> <span class='ocrx_word' id='word_1_358' title='bbox 1141 4236 1359 4305; x_wconf 85' lang='lat' dir='ltr'><strong>Pungat</strong></span> <span class='ocrx_word' id='word_1_359' title='bbox 1375 4231 1473 4288; x_wconf 88' lang='lat' dir='ltr'><strong>tibi</strong></span> <span class='ocrx_word' id='word_1_360' title='bbox 1487 4230 1706 4305; x_wconf 88' lang='lat' dir='ltr'><strong>quidem</strong></span> <span class='ocrx_word' id='word_1_361' title='bbox 1727 4230 1978 4304; x_wconf 80' lang='lat' dir='ltr'><strong>podicem</strong></span> 
     </span>
     <span class='ocr_line' id='line_1_43' title="bbox 1704 4320 1977 4390; baseline -0.007 -14"><span class='ocrx_word' id='word_1_362' title='bbox 1704 4320 1977 4390; x_wconf 85' lang='lat' dir='ltr'><strong>[subiens.</strong></span> 
     </span>
     <span class='ocr_line' id='line_1_44' title="bbox 1167 4415 1215 4460; baseline 0.021 -1"><span class='ocrx_word' id='word_1_363' title='bbox 1167 4415 1215 4460; x_wconf 83' lang='lat'><strong>2.</strong></span> 
     </span>
    </p>
   </div>
   <div class='ocr_carea' id='block_1_5' title="bbox 442 4506 1982 5363">
    <p class='ocr_par' dir='ltr' id='par_1_5' title="bbox 515 4506 1982 4668">
     <span class='ocr_line' id='line_1_45' title="bbox 515 4506 1981 4583; baseline -0.002 -16"><span class='ocrx_word' id='word_1_364' title='bbox 515 4514 630 4583; x_wconf 82' lang='lat' dir='ltr'><strong>Age</strong></span> <span class='ocrx_word' id='word_1_365' title='bbox 671 4508 857 4583; x_wconf 85' lang='lat' dir='ltr'><strong>igitur,</strong></span> <span class='ocrx_word' id='word_1_366' title='bbox 895 4507 1149 4566; x_wconf 87' lang='lat' dir='ltr'><strong>mulieres</strong></span> <span class='ocrx_word' id='word_1_367' title='bbox 1176 4510 1422 4580; x_wconf 64' lang='grc' dir='ltr'><strong>(ωριτε)</strong></span> <span class='ocrx_word' id='word_1_368' title='bbox 1454 4525 1468 4562; x_wconf 91' lang='lat'>:</span> <span class='ocrx_word' id='word_1_369' title='bbox 1499 4506 1700 4580; x_wconf 84' lang='lat' dir='ltr'><strong>quippe</strong></span> <span class='ocrx_word' id='word_1_370' title='bbox 1727 4507 1889 4579; x_wconf 89' lang='lat' dir='ltr'><strong>longo</strong></span> <span class='ocrx_word' id='word_1_371' title='bbox 1916 4522 1981 4564; x_wconf 89' lang='lat' dir='ltr'><strong>ex</strong></span> 
     </span>
     <span class='ocr_line' id='line_1_46' title="bbox 1697 4596 1982 4668; baseline 0.004 -17"><span class='ocrx_word' id='word_1_372' title='bbox 1697 4596 1982 4668; x_wconf 84' lang='lat' dir='ltr'><strong>[tempore</strong></span> 
     </span>
    </p>

    <p class='ocr_par' dir='ltr' id='par_1_6' title="bbox 513 4680 1646 4740">
     <span class='ocr_line' id='line_1_47' title="bbox 513 4680 1646 4740; baseline -0.002 -1"><span class='ocrx_word' id='word_1_373' title='bbox 513 4684 700 4740; x_wconf 87' lang='lat' dir='ltr'><strong>vinum</strong></span> <span class='ocrx_word' id='word_1_374' title='bbox 730 4697 913 4740; x_wconf 84' lang='lat' dir='ltr'><strong>creare</strong></span> <span class='ocrx_word' id='word_1_375' title='bbox 939 4681 1089 4739; x_wconf 86' lang='lat' dir='ltr'><strong>vobis</strong></span> <span class='ocrx_word' id='word_1_376' title='bbox 1112 4680 1380 4738; x_wconf 81' lang='lat' dir='ltr'><strong>insaniam</strong></span> <span class='ocrx_word' id='word_1_377' title='bbox 1407 4680 1646 4739; x_wconf 78' lang='lat' dir='ltr'><strong>affirmo.</strong></span> 
     </span>
    </p>

    <p class='ocr_par' dir='ltr' id='par_1_7' title="bbox 513 4767 1933 4842">
     <span class='ocr_line' id='line_1_48' title="bbox 513 4767 1933 4842; baseline -0.003 -15"><span class='ocrx_word' id='word_1_378' title='bbox 513 4769 680 4827; x_wconf 81' lang='lat' dir='ltr'><strong>Vobis</strong></span> <span class='ocrx_word' id='word_1_379' title='bbox 704 4768 850 4827; x_wconf 86' lang='lat' dir='ltr'><strong>enim</strong></span> <span class='ocrx_word' id='word_1_380' title='bbox 865 4809 884 4839; x_wconf 85' lang='lat'>‚</span> <span class='ocrx_word' id='word_1_381' title='bbox 907 4768 1124 4842; x_wconf 85' lang='lat' dir='ltr'><strong>opinor,</strong></span> <span class='ocrx_word' id='word_1_382' title='bbox 1149 4769 1320 4837; x_wconf 83' lang='lat' dir='ltr'><strong>nulla,</strong></span> <span class='ocrx_word' id='word_1_383' title='bbox 1353 4776 1413 4825; x_wconf 89' lang='lat' dir='ltr'><strong>ut</strong></span> <span class='ocrx_word' id='word_1_384' title='bbox 1441 4768 1498 4824; x_wconf 90' lang='lat' dir='ltr'><strong>in</strong></span> <span class='ocrx_word' id='word_1_385' title='bbox 1521 4767 1803 4841; x_wconf 82' lang='lat' dir='ltr'><strong>proverbio</strong></span> <span class='ocrx_word' id='word_1_386' title='bbox 1828 4777 1933 4835; x_wconf 86' lang='lat' dir='ltr'><strong>est,</strong></span> 
     </span>
    </p>

    <p class='ocr_par' dir='ltr' id='par_1_8' title="bbox 511 4856 1778 4930">
     <span class='ocr_line' id='line_1_49' title="bbox 511 4856 1778 4930; baseline -0.001 -16"><span class='ocrx_word' id='word_1_387' title='bbox 511 4856 654 4930; x_wconf 89' lang='lat' dir='ltr'><strong>apud</strong></span> <span class='ocrx_word' id='word_1_388' title='bbox 676 4872 980 4930; x_wconf 83' lang='lat' dir='ltr'><strong>cauponem</strong></span> <span class='ocrx_word' id='word_1_389' title='bbox 999 4857 1230 4912; x_wconf 81' lang='lat' dir='ltr'><strong>inveniri</strong></span> <span class='ocrx_word' id='word_1_390' title='bbox 1251 4857 1466 4914; x_wconf 85' lang='lat' dir='ltr'><strong>videtur</strong></span> <span class='ocrx_word' id='word_1_391' title='bbox 1493 4858 1778 4930; x_wconf 84' lang='lat' dir='ltr'><strong>sapientia.</strong></span> 
     </span>
    </p>

    <p class='ocr_par' dir='ltr' id='par_1_9' title="bbox 442 4942 1911 5363">
     <span class='ocr_line' id='line_1_50' title="bbox 442 4942 1887 5017; baseline 0 -16"><span class='ocrx_word' id='word_1_392' title='bbox 442 4954 474 5001; x_wconf 71' lang='lat'><strong>5,</strong></span> <span class='ocrx_word' id='word_1_393' title='bbox 511 4942 722 5017; x_wconf 86' lang='lat' dir='ltr'><strong>Quodsi</strong></span> <span class='ocrx_word' id='word_1_394' title='bbox 747 4943 910 5015; x_wconf 84' lang='lat' dir='ltr'><strong>igitur</strong></span> <span class='ocrx_word' id='word_1_395' title='bbox 933 4942 1212 4999; x_wconf 84' lang='lat' dir='ltr'><strong>Phaonem</strong></span> <span class='ocrx_word' id='word_1_396' title='bbox 1235 4943 1417 4999; x_wconf 85' lang='lat' dir='ltr'><strong>videre</strong></span> <span class='ocrx_word' id='word_1_397' title='bbox 1436 4944 1632 5016; x_wconf 84' lang='lat' dir='ltr'><strong>cupitis</strong></span> <span class='ocrx_word' id='word_1_398' title='bbox 1646 4986 1661 5014; x_wconf 89' lang='lat'>‚</span> <span class='ocrx_word' id='word_1_399' title='bbox 1685 4945 1887 5017; x_wconf 80' lang='lat' dir='ltr'><strong>praevia</strong></span> 
     </span>
     <span class='ocr_line' id='line_1_51' title="bbox 513 5028 1899 5102; baseline 0 -15"><span class='ocrx_word' id='word_1_400' title='bbox 513 5030 684 5087; x_wconf 84' lang='lat' dir='ltr'><strong>multa</strong></span> <span class='ocrx_word' id='word_1_401' title='bbox 707 5028 861 5086; x_wconf 87' lang='lat' dir='ltr'><strong>vobis</strong></span> <span class='ocrx_word' id='word_1_402' title='bbox 887 5028 1141 5085; x_wconf 75' lang='lat' dir='ltr'><strong>facienda</strong></span> <span class='ocrx_word' id='word_1_403' title='bbox 1160 5037 1292 5086; x_wconf 87' lang='lat' dir='ltr'><strong>sunt</strong></span> <span class='ocrx_word' id='word_1_404' title='bbox 1309 5044 1462 5086; x_wconf 86' lang='lat' dir='ltr'><strong>sacra</strong></span> <span class='ocrx_word' id='word_1_405' title='bbox 1486 5030 1899 5102; x_wconf 68' lang='lat' dir='ltr'><strong>huiuscemodi:</strong></span> 
     </span>
     <span class='ocr_line' id='line_1_52' title="bbox 513 5116 1911 5190; baseline 0.001 -17"><span class='ocrx_word' id='word_1_406' title='bbox 513 5118 754 5190; x_wconf 87' lang='lat' dir='ltr'><strong>primum</strong></span> <span class='ocrx_word' id='word_1_407' title='bbox 783 5117 928 5173; x_wconf 88' lang='lat' dir='ltr'><strong>enim</strong></span> <span class='ocrx_word' id='word_1_408' title='bbox 955 5116 1088 5172; x_wconf 84' lang='lat' dir='ltr'><strong>mihi</strong></span> <span class='ocrx_word' id='word_1_409' title='bbox 1108 5117 1375 5189; x_wconf 78' lang='lat' dir='ltr'><strong>juvenum</strong></span> <span class='ocrx_word' id='word_1_410' title='bbox 1404 5119 1658 5174; x_wconf 82' lang='lat' dir='ltr'><strong>curatrici</strong></span> <span class='ocrx_word' id='word_1_411' title='bbox 1681 5118 1911 5175; x_wconf 79' lang='lat' dir='ltr'><strong>offertur</strong></span> 
     </span>
     <span class='ocr_line' id='line_1_53' title="bbox 513 5202 1827 5276; baseline 0.001 -18"><span class='ocrx_word' id='word_1_412' title='bbox 513 5204 758 5276; x_wconf 83' lang='lat' dir='ltr'><strong>placenta</strong></span> <span class='ocrx_word' id='word_1_413' title='bbox 784 5203 1084 5259; x_wconf 80' lang='lat' dir='ltr'><strong>testiculata</strong></span> <span class='ocrx_word' id='word_1_414' title='bbox 1101 5244 1116 5269; x_wconf 88' lang='lat'>‚</span> <span class='ocrx_word' id='word_1_415' title='bbox 1147 5202 1315 5260; x_wconf 84' lang='lat' dir='ltr'><strong>libum</strong></span> <span class='ocrx_word' id='word_1_416' title='bbox 1341 5204 1656 5275; x_wconf 82' lang='lat' dir='ltr'><strong>gravidum,</strong></span> <span class='ocrx_word' id='word_1_417' title='bbox 1683 5204 1827 5261; x_wconf 79' lang='lat' dir='ltr'><strong>turdi</strong></span> 
     </span>
     <span class='ocr_line' id='line_1_54' title="bbox 515 5288 1522 5363; baseline -0.001 -16"><span class='ocrx_word' id='word_1_418' title='bbox 515 5290 770 5349; x_wconf 77' lang='lat' dir='ltr'><strong>undecim</strong></span> <span class='ocrx_word' id='word_1_419' title='bbox 798 5288 990 5363; x_wconf 80' lang='lat' dir='ltr'><strong>integri</strong></span> <span class='ocrx_word' id='word_1_420' title='bbox 1013 5330 1027 5360; x_wconf 89' lang='lat'>,</span> <span class='ocrx_word' id='word_1_421' title='bbox 1059 5289 1216 5348; x_wconf 77' lang='lat' dir='ltr'><strong>melle</strong></span> <span class='ocrx_word' id='word_1_422' title='bbox 1237 5290 1486 5363; x_wconf 77' lang='lat' dir='ltr'><strong>permixti</strong></span> <span class='ocrx_word' id='word_1_423' title='bbox 1509 5334 1522 5359; x_wconf 87' lang='lat'>,</span> 
     </span>
    </p>
   </div>
   <div class='ocr_carea' id='block_1_6' title="bbox 1403 441 2645 519">
    <p class='ocr_par' dir='ltr' id='par_1_10' title="bbox 1403 441 2645 519">
     <span class='ocr_line' id='line_1_55' title="bbox 1403 441 2645 519; baseline 0.004 -16"><span class='ocrx_word' id='word_1_424' title='bbox 1403 441 1815 504; x_wconf 81' lang='lat' dir='ltr'><strong>coMOEmAE</strong></span> <span class='ocrx_word' id='word_1_425' title='bbox 1856 441 2191 502; x_wconf 83' lang='lat' dir='ltr'><strong>VETERlS</strong></span> <span class='ocrx_word' id='word_1_426' title='bbox 2232 443 2645 519; x_wconf 83' lang='lat' dir='ltr'><strong>BELIQUIAE.</strong></span> 
     </span>
    </p>
   </div>
   <div class='ocr_carea' id='block_1_7' title="bbox 2076 573 3651 1344">
    <p class='ocr_par' dir='ltr' id='par_1_11' title="bbox 2076 573 3651 1344">
     <span class='ocr_line' id='line_1_56' title="bbox 2080 573 3649 658; baseline 0.006 -28"><span class='ocrx_word' id='word_1_427' title='bbox 2080 573 2422 655; x_wconf 78' lang='grc' dir='ltr'><strong>ἐπιστρόφως·</strong></span> <span class='ocrx_word' id='word_1_428' title='bbox 2448 591 2505 634; x_wconf 86' lang='lat' dir='ltr'><strong>et</strong></span> <span class='ocrx_word' id='word_1_429' title='bbox 2541 581 2830 654; x_wconf 82' lang='lat' dir='ltr'><strong>Aristoph.</strong></span> <span class='ocrx_word' id='word_1_430' title='bbox 2858 581 2929 640; x_wconf 72' lang='grc' dir='ltr'><strong>[ι’.</strong></span> <span class='ocrx_word' id='word_1_431' title='bbox 2974 580 3085 655; x_wconf 85' lang='lat'><strong>189</strong></span> <span class='ocrx_word' id='word_1_432' title='bbox 3134 601 3145 636; x_wconf 90' lang='grc'>;</span> <span class='ocrx_word' id='word_1_433' title='bbox 3178 579 3383 658; x_wconf 74' lang='grc' dir='ltr'><strong>πληγαὶ</strong></span> <span class='ocrx_word' id='word_1_434' title='bbox 3416 579 3649 658; x_wconf 80' lang='grc' dir='ltr'><strong>λέγονται</strong></span> 
     </span>
     <span class='ocr_line' id='line_1_57' title="bbox 2079 661 3649 741; baseline 0.007 -23"><span class='ocrx_word' id='word_1_435' title='bbox 2079 661 2351 722; x_wconf 81' lang='grc' dir='ltr'><strong>πουλύπου</strong></span> <span class='ocrx_word' id='word_1_436' title='bbox 2381 664 2715 741; x_wconf 84' lang='grc' dir='ltr'><strong>πιλουμένου.</strong></span> <span class='ocrx_word' id='word_1_437' title='bbox 2750 672 2815 727; x_wconf 87' lang='lat' dir='ltr'><strong>V.</strong></span> <span class='ocrx_word' id='word_1_438' title='bbox 2860 688 2928 724; x_wconf 81' lang='lat'><strong>21</strong></span> <span class='ocrx_word' id='word_1_439' title='bbox 2970 670 3103 724; x_wconf 88' lang='lat' dir='ltr'><strong>libri</strong></span> <span class='ocrx_word' id='word_1_440' title='bbox 3144 668 3263 727; x_wconf 77' lang='lat' dir='ltr'><strong>fere</strong></span> <span class='ocrx_word' id='word_1_441' title='bbox 3296 689 3419 726; x_wconf 87' lang='lat' dir='ltr'><strong>uno</strong></span> <span class='ocrx_word' id='word_1_442' title='bbox 3458 683 3649 729; x_wconf 86' lang='lat' dir='ltr'><strong>tenore</strong></span> 
     </span>
     <span class='ocr_line' id='line_1_58' title="bbox 2079 743 3649 834; baseline 0.005 -24"><span class='ocrx_word' id='word_1_443' title='bbox 2079 775 2165 812; x_wconf 88' lang='grc' dir='ltr'><strong>σκ.</strong></span> <span class='ocrx_word' id='word_1_444' title='bbox 2199 743 2267 811; x_wconf 67' lang='grc' dir='ltr'><strong>αὗ</strong></span> <span class='ocrx_word' id='word_1_445' title='bbox 2288 752 2496 812; x_wconf 79' lang='grc' dir='ltr'><strong>παίσειέ</strong></span> <span class='ocrx_word' id='word_1_446' title='bbox 2522 778 2605 832; x_wconf 87' lang='grc' dir='ltr'><strong>γε,</strong></span> <span class='ocrx_word' id='word_1_447' title='bbox 2632 769 2743 815; x_wconf 87' lang='lat' dir='ltr'><strong>etc.</strong></span> <span class='ocrx_word' id='word_1_448' title='bbox 2784 781 2807 808; x_wconf 72' lang='grc' dir='ltr'><strong>α</strong></span> <span class='ocrx_word' id='word_1_449' title='bbox 2836 761 2933 816; x_wconf 90' lang='lat' dir='ltr'><strong>VL</strong></span> <span class='ocrx_word' id='word_1_450' title='bbox 2958 755 3177 814; x_wconf 84' lang='grc' dir='ltr'><strong>παυσειέ</strong></span> <span class='ocrx_word' id='word_1_451' title='bbox 3221 778 3317 834; x_wconf 82' lang='grc' dir='ltr'><strong>γε,</strong></span> <span class='ocrx_word' id='word_1_452' title='bbox 3356 760 3517 816; x_wconf 85' lang='lat' dir='ltr'><strong>unde</strong></span> <span class='ocrx_word' id='word_1_453' title='bbox 3548 765 3649 818; x_wconf 82' lang='lat' dir='ltr'><strong>Ja-</strong></span> 
     </span>
     <span class='ocr_line' id='line_1_59' title="bbox 2078 833 3649 918; baseline 0.007 -22"><span class='ocrx_word' id='word_1_454' title='bbox 2078 842 2306 898; x_wconf 85' lang='lat' dir='ltr'><strong>cobsius</strong></span> <span class='ocrx_word' id='word_1_455' title='bbox 2332 843 2531 902; x_wconf 86' lang='lat' dir='ltr'><strong>Addit.</strong></span> <span class='ocrx_word' id='word_1_456' title='bbox 2566 864 2628 918; x_wconf 94' lang='lat' dir='ltr'><strong>p.</strong></span> <span class='ocrx_word' id='word_1_457' title='bbox 2660 853 2715 912; x_wconf 90' lang='grc'><strong>4.</strong></span> <span class='ocrx_word' id='word_1_458' title='bbox 2762 865 2851 902; x_wconf 91' lang='grc' dir='ltr'><strong>σκ.</strong></span> <span class='ocrx_word' id='word_1_459' title='bbox 2884 833 2951 901; x_wconf 69' lang='grc' dir='ltr'><strong>αὗ</strong></span> <span class='ocrx_word' id='word_1_460' title='bbox 2987 844 3181 902; x_wconf 81' lang='grc' dir='ltr'><strong>παύσει</strong></span> <span class='ocrx_word' id='word_1_461' title='bbox 3224 867 3283 902; x_wconf 78' lang='grc' dir='ltr'><strong>σε</strong></span> <span class='ocrx_word' id='word_1_462' title='bbox 3320 846 3505 906; x_wconf 86' lang='grc' dir='ltr'><strong>πόθου.</strong></span> <span class='ocrx_word' id='word_1_463' title='bbox 3546 851 3649 907; x_wconf 85' lang='lat' dir='ltr'><strong>Sed</strong></span> 
     </span>
     <span class='ocr_line' id='line_1_60' title="bbox 2078 931 3651 1011; baseline 0.006 -27"><span class='ocrx_word' id='word_1_464' title='bbox 2078 931 2371 1003; x_wconf 83' lang='lat' dir='ltr'><strong>Elmslejus</strong></span> <span class='ocrx_word' id='word_1_465' title='bbox 2393 937 2459 988; x_wconf 86' lang='lat' dir='ltr'><strong>ad</strong></span> <span class='ocrx_word' id='word_1_466' title='bbox 2484 933 2731 988; x_wconf 82' lang='lat' dir='ltr'><strong>Acharn.</strong></span> <span class='ocrx_word' id='word_1_467' title='bbox 2758 933 2835 1006; x_wconf 84' lang='lat'><strong>93</strong></span> <span class='ocrx_word' id='word_1_468' title='bbox 2865 934 3181 990; x_wconf 87' lang='lat' dir='ltr'><strong>orationem</strong></span> <span class='ocrx_word' id='word_1_469' title='bbox 3206 935 3281 990; x_wconf 91' lang='lat' dir='ltr'><strong>ab</strong></span> <span class='ocrx_word' id='word_1_470' title='bbox 3306 937 3491 992; x_wconf 86' lang='lat' dir='ltr'><strong>altera</strong></span> <span class='ocrx_word' id='word_1_471' title='bbox 3524 956 3651 1011; x_wconf 86' lang='lat' dir='ltr'><strong>per-</strong></span> 
     </span>
     <span class='ocr_line' id='line_1_61' title="bbox 2076 1021 3649 1094; baseline 0.006 -22"><span class='ocrx_word' id='word_1_472' title='bbox 2076 1037 2219 1074; x_wconf 87' lang='lat' dir='ltr'><strong>sona</strong></span> <span class='ocrx_word' id='word_1_473' title='bbox 2252 1021 2603 1094; x_wconf 83' lang='lat' dir='ltr'><strong>interpellari</strong></span> <span class='ocrx_word' id='word_1_474' title='bbox 2634 1023 2835 1091; x_wconf 84' lang='lat' dir='ltr'><strong>sensit,</strong></span> <span class='ocrx_word' id='word_1_475' title='bbox 2872 1034 3071 1078; x_wconf 89' lang='lat' dir='ltr'><strong>secuto</strong></span> <span class='ocrx_word' id='word_1_476' title='bbox 3106 1023 3439 1084; x_wconf 83' lang='lat' dir='ltr'><strong>Dindorflo.</strong></span> <span class='ocrx_word' id='word_1_477' title='bbox 3485 1027 3649 1082; x_wconf 85' lang='lat' dir='ltr'><strong>Scor·</strong></span> 
     </span>
     <span class='ocr_line' id='line_1_62' title="bbox 2078 1108 3650 1186; baseline 0.005 -25"><span class='ocrx_word' id='word_1_478' title='bbox 2078 1108 2311 1180; x_wconf 87' lang='lat' dir='ltr'><strong>pionem</strong></span> <span class='ocrx_word' id='word_1_479' title='bbox 2340 1109 2577 1164; x_wconf 87' lang='lat' dir='ltr'><strong>moechis</strong></span> <span class='ocrx_word' id='word_1_480' title='bbox 2598 1109 2891 1166; x_wconf 81' lang='lat' dir='ltr'><strong>subditum</strong></span> <span class='ocrx_word' id='word_1_481' title='bbox 2916 1129 3066 1186; x_wconf 68' lang='lat' dir='ltr'><strong>ense,</strong></span> <span class='ocrx_word' id='word_1_482' title='bbox 3099 1114 3431 1182; x_wconf 81' lang='lat' dir='ltr'><strong>annotavit,</strong></span> <span class='ocrx_word' id='word_1_483' title='bbox 3463 1114 3650 1170; x_wconf 87' lang='lat' dir='ltr'><strong>lauda-</strong></span> 
     </span>
     <span class='ocr_line' id='line_1_63' title="bbox 2080 1195 3647 1276; baseline 0.008 -26"><span class='ocrx_word' id='word_1_484' title='bbox 2080 1204 2169 1250; x_wconf 83' lang='lat' dir='ltr'><strong>tus</strong></span> <span class='ocrx_word' id='word_1_485' title='bbox 2202 1195 2719 1273; x_wconf 70' lang='lat' dir='ltr'><strong>Schweighaeusero</strong></span> <span class='ocrx_word' id='word_1_486' title='bbox 2737 1235 2756 1268; x_wconf 89' lang='lat'>,</span> <span class='ocrx_word' id='word_1_487' title='bbox 2786 1198 3066 1258; x_wconf 65' lang='lat' dir='ltr'><strong>Gesnerus</strong></span> <span class='ocrx_word' id='word_1_488' title='bbox 3094 1201 3350 1275; x_wconf 83' lang='lat' dir='ltr'><strong>Aquatil.</strong></span> <span class='ocrx_word' id='word_1_489' title='bbox 3376 1219 3438 1276; x_wconf 87' lang='lat' dir='ltr'><strong>p.</strong></span> <span class='ocrx_word' id='word_1_490' title='bbox 3468 1201 3603 1262; x_wconf 84' lang='lat'><strong>851.</strong></span> <span class='ocrx_word' id='word_1_491' title='bbox 3626 1229 3647 1252; x_wconf 71' lang='lat' dir='ltr'>n</span> 
     </span>
     <span class='ocr_line' id='line_1_64' title="bbox 2077 1285 2247 1344; baseline 0.035 -7"><span class='ocrx_word' id='word_1_492' title='bbox 2077 1285 2131 1338; x_wconf 78' lang='lat' dir='ltr'><em>E</em></span> <span class='ocrx_word' id='word_1_493' title='bbox 2158 1285 2247 1344; x_wconf 84' lang='lat' dir='ltr'><strong>M.</strong></span> 
     </span>
    </p>
   </div>
   <div class='ocr_carea' id='block_1_8' title="bbox 2076 1411 3722 3923">
    <p class='ocr_par' dir='ltr' id='par_1_12' title="bbox 2078 1411 3657 2118">
     <span class='ocr_line' id='line_1_65' title="bbox 2838 1411 2892 1450; baseline 0 0"><span class='ocrx_word' id='word_1_494' title='bbox 2838 1411 2892 1450; x_wconf 72' lang='grc' dir='ltr'><strong>ο.</strong></span> 
     </span>
     <span class='ocr_line' id='line_1_66' title="bbox 2159 1499 3657 1586; baseline 0.007 -31"><span class='ocrx_word' id='word_1_495' title='bbox 2159 1499 2321 1556; x_wconf 89' lang='lat' dir='ltr'><strong>Idem</strong></span> <span class='ocrx_word' id='word_1_496' title='bbox 2358 1521 2452 1575; x_wconf 87' lang='lat'><strong>10,</strong></span> <span class='ocrx_word' id='word_1_497' title='bbox 2494 1522 2555 1578; x_wconf 90' lang='lat' dir='ltr'><strong>p.</strong></span> <span class='ocrx_word' id='word_1_498' title='bbox 2596 1511 2736 1575; x_wconf 76' lang='grc'><strong>441,</strong></span> <span class='ocrx_word' id='word_1_499' title='bbox 2784 1503 2833 1562; x_wconf 90' lang='lat' dir='ltr'>E</span> <span class='ocrx_word' id='word_1_500' title='bbox 2870 1525 2883 1560; x_wconf 89' lang='lat'><strong>:</strong></span> <span class='ocrx_word' id='word_1_501' title='bbox 2920 1505 3031 1564; x_wconf 89' lang='grc' dir='ltr'><strong>Πλ.</strong></span> <span class='ocrx_word' id='word_1_502' title='bbox 3059 1502 3279 1578; x_wconf 84' lang='grc' dir='ltr'><strong>Φάωνι,</strong></span> <span class='ocrx_word' id='word_1_503' title='bbox 3314 1506 3657 1586; x_wconf 81' lang='grc' dir='ltr'><strong>διηγούμενος</strong></span> 
     </span>
     <span class='ocr_line' id='line_1_67' title="bbox 2078 1580 3475 1675; baseline 0.006 -30"><span class='ocrx_word' id='word_1_504' title='bbox 2078 1586 2174 1646; x_wconf 83' lang='grc' dir='ltr'><strong>ὅσα</strong></span> <span class='ocrx_word' id='word_1_505' title='bbox 2203 1588 2288 1647; x_wconf 80' lang='grc' dir='ltr'><strong>διὰ</strong></span> <span class='ocrx_word' id='word_1_506' title='bbox 2313 1589 2400 1648; x_wconf 81' lang='grc' dir='ltr'><strong>τὸν</strong></span> <span class='ocrx_word' id='word_1_507' title='bbox 2429 1580 2565 1649; x_wconf 73' lang='grc' dir='ltr'><strong>οἶνον</strong></span> <span class='ocrx_word' id='word_1_508' title='bbox 2586 1591 2865 1670; x_wconf 74' lang='grc' dir='ltr'><strong>συμὸαίνει</strong></span> <span class='ocrx_word' id='word_1_509' title='bbox 2894 1595 3013 1660; x_wconf 85' lang='grc' dir='ltr'><strong>ταῖς</strong></span> <span class='ocrx_word' id='word_1_510' title='bbox 3039 1591 3279 1670; x_wconf 83' lang='grc' dir='ltr'><strong>γυναιξὶ,</strong></span> <span class='ocrx_word' id='word_1_511' title='bbox 3308 1595 3475 1675; x_wconf 75' lang='grc' dir='ltr'><strong>φησὶν</strong></span> 
     </span>
     <span class='ocr_line' id='line_1_68' title="bbox 2221 1700 3311 1801; baseline 0.004 -29"><span class='ocrx_word' id='word_1_512' title='bbox 2221 1700 2391 1790; x_wconf 88' lang='grc' dir='ltr'><strong>Εἶεν,</strong></span> <span class='ocrx_word' id='word_1_513' title='bbox 2418 1715 2777 1801; x_wconf 84' lang='grc' dir='ltr'><strong>γυναῖκες...</strong></span> <span class='ocrx_word' id='word_1_514' title='bbox 2824 1715 2903 1786; x_wconf 87' lang='grc' dir='ltr'><strong>ὡς</strong></span> <span class='ocrx_word' id='word_1_515' title='bbox 2934 1713 3077 1800; x_wconf 80' lang='grc' dir='ltr'><strong>ὑμῖν</strong></span> <span class='ocrx_word' id='word_1_516' title='bbox 3113 1708 3311 1776; x_wconf 86' lang='grc' dir='ltr'><strong>πάλαι</strong></span> 
     </span>
     <span class='ocr_line' id='line_1_69' title="bbox 2222 1811 3377 1907; baseline 0.004 -30"><span class='ocrx_word' id='word_1_517' title='bbox 2222 1811 2363 1899; x_wconf 85' lang='grc' dir='ltr'><strong>οἴνῳ</strong></span> <span class='ocrx_word' id='word_1_518' title='bbox 2389 1815 2657 1906; x_wconf 82' lang='grc' dir='ltr'><strong>γενέσθαι</strong></span> <span class='ocrx_word' id='word_1_519' title='bbox 2688 1819 2802 1889; x_wconf 79' lang='grc' dir='ltr'><strong>τὴν</strong></span> <span class='ocrx_word' id='word_1_520' title='bbox 2837 1812 3047 1882; x_wconf 78' lang='grc' dir='ltr'><strong>ἄνοιαν</strong></span> <span class='ocrx_word' id='word_1_521' title='bbox 3090 1817 3377 1907; x_wconf 77' lang='grc' dir='ltr'><strong>εὔχομαι.</strong></span> 
     </span>
     <span class='ocr_line' id='line_1_70' title="bbox 2222 1912 3493 2014; baseline 0.003 -30"><span class='ocrx_word' id='word_1_522' title='bbox 2222 1912 2375 2009; x_wconf 76' lang='grc' dir='ltr'><strong>Ῠμῖν</strong></span> <span class='ocrx_word' id='word_1_523' title='bbox 2404 1918 2517 2013; x_wconf 77' lang='grc' dir='ltr'><strong>γὰρ</strong></span> <span class='ocrx_word' id='word_1_524' title='bbox 2550 1912 2773 2004; x_wconf 79' lang='grc' dir='ltr'><strong>οὐδεὶς,</strong></span> <span class='ocrx_word' id='word_1_525' title='bbox 2800 1920 3065 2013; x_wconf 83' lang='grc' dir='ltr'><strong>καθάπερ</strong></span> <span class='ocrx_word' id='word_1_526' title='bbox 3091 1926 3129 1994; x_wconf 80' lang='grc' dir='ltr'>ἡ</span> <span class='ocrx_word' id='word_1_527' title='bbox 3160 1920 3493 2014; x_wconf 76' lang='grc' dir='ltr'><strong>παροιμία,</strong></span> 
     </span>
     <span class='ocr_line' id='line_1_71' title="bbox 2222 2021 3509 2118; baseline 0.004 -29"><span class='ocrx_word' id='word_1_528' title='bbox 2222 2027 2282 2090; x_wconf 80' lang='grc' dir='ltr'><strong>ἐν</strong></span> <span class='ocrx_word' id='word_1_529' title='bbox 2328 2035 2417 2112; x_wconf 83' lang='grc' dir='ltr'><strong>τῷ</strong></span> <span class='ocrx_word' id='word_1_530' title='bbox 2454 2031 2730 2102; x_wconf 70' lang='grc' dir='ltr'><strong>καπήλου</strong></span> <span class='ocrx_word' id='word_1_531' title='bbox 2766 2037 2895 2104; x_wconf 84' lang='grc' dir='ltr'><strong>νοῦς</strong></span> <span class='ocrx_word' id='word_1_532' title='bbox 2926 2026 3139 2093; x_wconf 81' lang='grc' dir='ltr'><strong>ἐνεῖναί</strong></span> <span class='ocrx_word' id='word_1_533' title='bbox 3175 2051 3281 2118; x_wconf 89' lang='grc' dir='ltr'><strong>μοι</strong></span> <span class='ocrx_word' id='word_1_534' title='bbox 3314 2021 3509 2094; x_wconf 86' lang='grc' dir='ltr'><strong>δοκεῖ.</strong></span> 
     </span>
    </p>

    <p class='ocr_par' dir='ltr' id='par_1_13' title="bbox 2128 2125 3659 2654">
     <span class='ocr_line' id='line_1_72' title="bbox 2128 2125 3634 2227; baseline 0.002 -31"><span class='ocrx_word' id='word_1_535' title='bbox 2128 2125 2168 2196; x_wconf 89' lang='grc'><em>5</em></span> <span class='ocrx_word' id='word_1_536' title='bbox 2222 2130 2293 2197; x_wconf 80' lang='grc' dir='ltr'><strong>Εἰ</strong></span> <span class='ocrx_word' id='word_1_537' title='bbox 2324 2129 2438 2224; x_wconf 84' lang='grc' dir='ltr'><strong>γὰρ</strong></span> <span class='ocrx_word' id='word_1_538' title='bbox 2464 2133 2683 2200; x_wconf 86' lang='grc' dir='ltr'><strong>Φάωνα</strong></span> <span class='ocrx_word' id='word_1_539' title='bbox 2714 2127 2902 2200; x_wconf 78' lang='grc' dir='ltr'><strong>δεῖσθ’</strong></span> <span class='ocrx_word' id='word_1_540' title='bbox 2950 2125 3098 2199; x_wconf 81' lang='grc' dir='ltr'><strong>ἰδεῖν</strong></span> <span class='ocrx_word' id='word_1_541' title='bbox 3116 2182 3137 2220; x_wconf 91' lang='grc'><strong>,</strong></span> <span class='ocrx_word' id='word_1_542' title='bbox 3168 2135 3497 2227; x_wconf 82' lang='grc' dir='ltr'><strong>προτέλεια</strong></span> <span class='ocrx_word' id='word_1_543' title='bbox 3526 2128 3634 2201; x_wconf 82' lang='grc' dir='ltr'><strong>δεῖ</strong></span> 
     </span>
     <span class='ocr_line' id='line_1_73' title="bbox 2221 2234 3475 2332; baseline 0.002 -28"><span class='ocrx_word' id='word_1_544' title='bbox 2221 2243 2377 2329; x_wconf 77' lang='grc' dir='ltr'><strong>ὑμᾶς</strong></span> <span class='ocrx_word' id='word_1_545' title='bbox 2400 2248 2651 2314; x_wconf 81' lang='grc' dir='ltr'><strong>ποιῆσαι</strong></span> <span class='ocrx_word' id='word_1_546' title='bbox 2680 2237 2889 2306; x_wconf 84' lang='grc' dir='ltr'><strong>πολλὰ</strong></span> <span class='ocrx_word' id='word_1_547' title='bbox 2918 2239 3201 2332; x_wconf 81' lang='grc' dir='ltr'><strong>πρότερον</strong></span> <span class='ocrx_word' id='word_1_548' title='bbox 3232 2234 3475 2306; x_wconf 84' lang='grc' dir='ltr'><strong>τοιαδί·</strong></span> 
     </span>
     <span class='ocr_line' id='line_1_74' title="bbox 2222 2343 3659 2439; baseline 0.001 -29"><span class='ocrx_word' id='word_1_549' title='bbox 2222 2355 2435 2438; x_wconf 86' lang='grc' dir='ltr'><strong>πρῶτα</strong></span> <span class='ocrx_word' id='word_1_550' title='bbox 2468 2347 2579 2438; x_wconf 81' lang='grc' dir='ltr'><strong>μὲν</strong></span> <span class='ocrx_word' id='word_1_551' title='bbox 2616 2345 2751 2438; x_wconf 80' lang='grc' dir='ltr'><strong>ἐμοὶ</strong></span> <span class='ocrx_word' id='word_1_552' title='bbox 2791 2343 2906 2439; x_wconf 72' lang='grc' dir='ltr'><strong>γὰρ</strong></span> <span class='ocrx_word' id='word_1_553' title='bbox 2938 2346 3311 2438; x_wconf 80' lang='grc' dir='ltr'><strong>κουροτρόφῳ</strong></span> <span class='ocrx_word' id='word_1_554' title='bbox 3336 2345 3659 2439; x_wconf 77' lang='grc' dir='ltr'><strong>προθύεται</strong></span> 
     </span>
     <span class='ocr_line' id='line_1_75' title="bbox 2223 2449 3643 2546; baseline 0.001 -29"><span class='ocrx_word' id='word_1_555' title='bbox 2223 2457 2491 2530; x_wconf 79' lang='grc' dir='ltr'><strong>πλακοῦς</strong></span> <span class='ocrx_word' id='word_1_556' title='bbox 2521 2453 2761 2546; x_wconf 80' lang='grc' dir='ltr'><strong>ἐνόρχης</strong></span> <span class='ocrx_word' id='word_1_557' title='bbox 2783 2502 2803 2538; x_wconf 93' lang='grc'><strong>,</strong></span> <span class='ocrx_word' id='word_1_558' title='bbox 2831 2449 3060 2544; x_wconf 79' lang='grc' dir='ltr'><strong>ἄμυλος</strong></span> <span class='ocrx_word' id='word_1_559' title='bbox 3086 2455 3387 2546; x_wconf 77' lang='grc' dir='ltr'><strong>ἐγκύμων,</strong></span> <span class='ocrx_word' id='word_1_560' title='bbox 3416 2455 3643 2544; x_wconf 78' lang='grc' dir='ltr'><strong>κίχλαι</strong></span> 
     </span>
     <span class='ocr_line' id='line_1_76' title="bbox 2222 2549 3613 2654; baseline 0.001 -31"><span class='ocrx_word' id='word_1_561' title='bbox 2222 2549 2419 2651; x_wconf 81' lang='grc' dir='ltr'><strong>ἔνδεχ’</strong></span> <span class='ocrx_word' id='word_1_562' title='bbox 2460 2559 2812 2652; x_wconf 83' lang='grc' dir='ltr'><strong>ὁλόκληροι,</strong></span> <span class='ocrx_word' id='word_1_563' title='bbox 2848 2561 3055 2652; x_wconf 80' lang='grc' dir='ltr'><strong>μέλιτι</strong></span> <span class='ocrx_word' id='word_1_564' title='bbox 3094 2550 3613 2654; x_wconf 78' lang='grc' dir='ltr'><strong>διαμεμιγμέναι,</strong></span> 
     </span>
    </p>

    <p class='ocr_par' dir='ltr' id='par_1_14' title="bbox 2076 2655 3722 3923">
     <span class='ocr_line' id='line_1_77' title="bbox 2089 2655 3433 2755; baseline 0.003 -27"><span class='ocrx_word' id='word_1_565' title='bbox 2089 2685 2171 2730; x_wconf 84' lang='grc' dir='ltr'><strong>ιο</strong></span> <span class='ocrx_word' id='word_1_566' title='bbox 2220 2670 2435 2755; x_wconf 82' lang='grc' dir='ltr'><strong>λαγῷα</strong></span> <span class='ocrx_word' id='word_1_567' title='bbox 2462 2655 2686 2730; x_wconf 84' lang='grc' dir='ltr'><strong>δώδεκ’</strong></span> <span class='ocrx_word' id='word_1_568' title='bbox 2728 2667 3082 2738; x_wconf 79' lang='grc' dir='ltr'><strong>ἐπισέληνα·</strong></span> <span class='ocrx_word' id='word_1_569' title='bbox 3118 2661 3322 2731; x_wconf 72' lang='grc' dir='ltr'><strong>τᾶλλα</strong></span> <span class='ocrx_word' id='word_1_570' title='bbox 3356 2657 3433 2732; x_wconf 81' lang='grc' dir='ltr'><strong>δὲ</strong></span> 
     </span>
     <span class='ocr_line' id='line_1_78' title="bbox 2222 2761 3505 2863; baseline 0.002 -29"><span class='ocrx_word' id='word_1_571' title='bbox 2222 2761 2342 2843; x_wconf 79' lang='grc' dir='ltr'><strong>ἤδη</strong></span> <span class='ocrx_word' id='word_1_572' title='bbox 2376 2772 2665 2837; x_wconf 84' lang='grc' dir='ltr'><strong>τοιούτων</strong></span> <span class='ocrx_word' id='word_1_573' title='bbox 2688 2767 3055 2863; x_wconf 82' lang='grc' dir='ltr'><strong>εὐτελέστερ’</strong></span> <span class='ocrx_word' id='word_1_574' title='bbox 3080 2765 3299 2861; x_wconf 76' lang='grc' dir='ltr'><strong>(ἄκουε</strong></span> <span class='ocrx_word' id='word_1_575' title='bbox 3342 2763 3429 2846; x_wconf 70' lang='grc' dir='ltr'><strong>δή</strong></span> <span class='ocrx_word' id='word_1_576' title='bbox 3444 2769 3469 2861; x_wconf 95' lang='grc'>)</span> <span class='ocrx_word' id='word_1_577' title='bbox 3488 2799 3505 2813; x_wconf 89' lang='grc'><em>·</em></span> 
     </span>
     <span class='ocr_line' id='line_1_79' title="bbox 2226 2870 3371 2971; baseline -0.001 -27"><span class='ocrx_word' id='word_1_578' title='bbox 2226 2871 2463 2961; x_wconf 56' lang='lat' dir='ltr'><strong>[somene</strong></span> <span class='ocrx_word' id='word_1_579' title='bbox 2495 2878 2601 2969; x_wconf 82' lang='grc' dir='ltr'><strong>μὲν</strong></span> <span class='ocrx_word' id='word_1_580' title='bbox 2634 2870 2869 2971; x_wconf 74' lang='grc' dir='ltr'><strong>ὀρθάνη</strong></span> <span class='ocrx_word' id='word_1_581' title='bbox 2898 2875 3018 2970; x_wconf 89' lang='grc' dir='ltr'><strong>τρί’</strong></span> <span class='ocrx_word' id='word_1_582' title='bbox 3038 2877 3371 2968; x_wconf 74' lang='grc' dir='ltr'><strong>ἡμιεκτέα,</strong></span> 
     </span>
     <span class='ocr_line' id='line_1_80' title="bbox 2224 2975 3455 3076; baseline 0 -26"><span class='ocrx_word' id='word_1_583' title='bbox 2224 2984 2543 3071; x_wconf 80' lang='grc' dir='ltr'><strong>Κονισάλῳ</strong></span> <span class='ocrx_word' id='word_1_584' title='bbox 2579 2975 2650 3049; x_wconf 82' lang='grc' dir='ltr'><strong>δὲ</strong></span> <span class='ocrx_word' id='word_1_585' title='bbox 2679 2984 2787 3050; x_wconf 88' lang='grc' dir='ltr'><strong>καὶ</strong></span> <span class='ocrx_word' id='word_1_586' title='bbox 2822 2982 3244 3076; x_wconf 77' lang='grc' dir='ltr'><strong>παραστάταιν</strong></span> <span class='ocrx_word' id='word_1_587' title='bbox 3280 2975 3455 3050; x_wconf 86' lang='grc' dir='ltr'><strong>δυοῖν</strong></span> 
     </span>
     <span class='ocr_line' id='line_1_81' title="bbox 2226 3087 3701 3183; baseline 0.003 -28"><span class='ocrx_word' id='word_1_588' title='bbox 2226 3090 2461 3182; x_wconf 85' lang='grc' dir='ltr'><strong>μύρτων</strong></span> <span class='ocrx_word' id='word_1_589' title='bbox 2497 3087 2855 3168; x_wconf 81' lang='grc' dir='ltr'><strong>πινακίσκος</strong></span> <span class='ocrx_word' id='word_1_590' title='bbox 2894 3088 3050 3183; x_wconf 83' lang='grc' dir='ltr'><strong>χειρὶ</strong></span> <span class='ocrx_word' id='word_1_591' title='bbox 3081 3094 3635 3183; x_wconf 85' lang='grc' dir='ltr'><strong>παρατετιλμένων</strong></span> <span class='ocrx_word' id='word_1_592' title='bbox 3693 3120 3701 3127; x_wconf 88' lang='grc'><em>·</em></span> 
     </span>
     <span class='ocr_line' id='line_1_82' title="bbox 2086 3186 3655 3289; baseline 0.002 -28"><span class='ocrx_word' id='word_1_593' title='bbox 2086 3218 2109 3261; x_wconf 89' lang='lat'>1</span> <span class='ocrx_word' id='word_1_594' title='bbox 2129 3188 2167 3263; x_wconf 84' lang='lat'>5</span> <span class='ocrx_word' id='word_1_595' title='bbox 2214 3193 2497 3287; x_wconf 86' lang='grc' dir='ltr'><strong>(λύχνων</strong></span> <span class='ocrx_word' id='word_1_596' title='bbox 2525 3192 2637 3289; x_wconf 77' lang='grc' dir='ltr'><strong>γὰρ</strong></span> <span class='ocrx_word' id='word_1_597' title='bbox 2669 3192 2861 3286; x_wconf 77' lang='grc' dir='ltr'><strong>ὀσμὰς</strong></span> <span class='ocrx_word' id='word_1_598' title='bbox 2895 3200 2962 3261; x_wconf 87' lang='grc' dir='ltr'><strong>οὐ</strong></span> <span class='ocrx_word' id='word_1_599' title='bbox 2996 3200 3241 3287; x_wconf 82' lang='grc' dir='ltr'><strong>φιλοῦσι</strong></span> <span class='ocrx_word' id='word_1_600' title='bbox 3276 3186 3655 3289; x_wconf 81' lang='grc' dir='ltr'><strong>δαίμονες)·</strong></span> 
     </span>
     <span class='ocr_line' id='line_1_83' title="bbox 2219 3300 3551 3396; baseline 0.002 -29"><span class='ocrx_word' id='word_1_601' title='bbox 2219 3311 2413 3393; x_wconf 81' lang='grc' dir='ltr'><strong>πυγῆς</strong></span> <span class='ocrx_word' id='word_1_602' title='bbox 2450 3300 2710 3393; x_wconf 78' lang='grc' dir='ltr'><strong>τετάρτη</strong></span> <span class='ocrx_word' id='word_1_603' title='bbox 2740 3300 2875 3368; x_wconf 85' lang='grc' dir='ltr'><strong>κυνί</strong></span> <span class='ocrx_word' id='word_1_604' title='bbox 2901 3327 2970 3369; x_wconf 86' lang='grc' dir='ltr'><strong>τε</strong></span> <span class='ocrx_word' id='word_1_605' title='bbox 3001 3300 3107 3367; x_wconf 88' lang='grc' dir='ltr'><strong>καὶ</strong></span> <span class='ocrx_word' id='word_1_606' title='bbox 3142 3303 3509 3396; x_wconf 86' lang='grc' dir='ltr'><strong>κυνηγέταις</strong></span> <span class='ocrx_word' id='word_1_607' title='bbox 3528 3354 3551 3383; x_wconf 89' lang='grc'><strong>,</strong></span> 
     </span>
     <span class='ocr_line' id='line_1_84' title="bbox 2221 3398 3567 3501; baseline 0.003 -28"><span class='ocrx_word' id='word_1_608' title='bbox 2221 3398 2492 3501; x_wconf 86' lang='grc' dir='ltr'><strong>Λόρδωνι</strong></span> <span class='ocrx_word' id='word_1_609' title='bbox 2523 3398 2767 3500; x_wconf 76' lang='grc' dir='ltr'><strong>δραχμὴ</strong></span> <span class='ocrx_word' id='word_1_610' title='bbox 2792 3456 2813 3491; x_wconf 84' lang='grc'><strong>,</strong></span> <span class='ocrx_word' id='word_1_611' title='bbox 2850 3402 3161 3492; x_wconf 66' lang='grc' dir='ltr'><strong>Κυὲδάσῳ</strong></span> <span class='ocrx_word' id='word_1_612' title='bbox 3190 3402 3567 3499; x_wconf 63' lang='grc' dir='ltr'><strong>τριώὲολον,</strong></span> 
     </span>
     <span class='ocr_line' id='line_1_85' title="bbox 2219 3505 3371 3605; baseline 0 -26"><span class='ocrx_word' id='word_1_613' title='bbox 2219 3518 2343 3603; x_wconf 81' lang='grc' dir='ltr'><strong>ἥρῳ</strong></span> <span class='ocrx_word' id='word_1_614' title='bbox 2374 3514 2607 3586; x_wconf 80' lang='grc' dir='ltr'><strong>Κέλητι</strong></span> <span class='ocrx_word' id='word_1_615' title='bbox 2645 3505 2843 3605; x_wconf 84' lang='grc' dir='ltr'><strong>δέρμα</strong></span> <span class='ocrx_word' id='word_1_616' title='bbox 2873 3513 2979 3579; x_wconf 81' lang='grc' dir='ltr'><strong>καὶ</strong></span> <span class='ocrx_word' id='word_1_617' title='bbox 3012 3514 3371 3604; x_wconf 71' lang='grc' dir='ltr'><strong>θυλήματα·</strong></span> 
     </span>
     <span class='ocr_line' id='line_1_86' title="bbox 2217 3614 3583 3710; baseline 0.004 -28"><span class='ocrx_word' id='word_1_618' title='bbox 2217 3614 2388 3683; x_wconf 83' lang='grc' dir='ltr'><strong>ταῦτ’</strong></span> <span class='ocrx_word' id='word_1_619' title='bbox 2424 3616 2551 3683; x_wconf 75' lang='grc' dir='ltr'><strong>ἐστὶ</strong></span> <span class='ocrx_word' id='word_1_620' title='bbox 2580 3616 2997 3710; x_wconf 82' lang='grc' dir='ltr'><strong>τάναλώματ’·</strong></span> <span class='ocrx_word' id='word_1_621' title='bbox 3039 3620 3091 3685; x_wconf 84' lang='grc' dir='ltr'><strong>εἰ</strong></span> <span class='ocrx_word' id='word_1_622' title='bbox 3136 3619 3243 3709; x_wconf 83' lang='grc' dir='ltr'><strong>μὲν</strong></span> <span class='ocrx_word' id='word_1_623' title='bbox 3280 3616 3385 3685; x_wconf 79' lang='grc' dir='ltr'><strong>οὖν</strong></span> <span class='ocrx_word' id='word_1_624' title='bbox 3415 3614 3583 3687; x_wconf 79' lang='grc' dir='ltr'><strong>τάδε</strong></span> 
     </span>
     <span class='ocr_line' id='line_1_87' title="bbox 2076 3716 3722 3819; baseline -0.001 -27"><span class='ocrx_word' id='word_1_625' title='bbox 2076 3746 2167 3792; x_wconf 86' lang='lat'><strong>20</strong></span> <span class='ocrx_word' id='word_1_626' title='bbox 2218 3722 2586 3816; x_wconf 80' lang='grc' dir='ltr'><strong>προσοίσετ’,</strong></span> <span class='ocrx_word' id='word_1_627' title='bbox 2626 3716 2949 3791; x_wconf 80' lang='grc' dir='ltr'><strong>εἰσέλθοιτ’</strong></span> <span class='ocrx_word' id='word_1_628' title='bbox 2976 3720 3083 3792; x_wconf 80' lang='grc' dir='ltr'><strong>ἄν·</strong></span> <span class='ocrx_word' id='word_1_629' title='bbox 3118 3724 3167 3792; x_wconf 82' lang='grc' dir='ltr'><strong>εἰ</strong></span> <span class='ocrx_word' id='word_1_630' title='bbox 3200 3717 3273 3791; x_wconf 83' lang='grc' dir='ltr'><strong>δὲ</strong></span> <span class='ocrx_word' id='word_1_631' title='bbox 3296 3728 3381 3818; x_wconf 75' lang='grc' dir='ltr'><strong>μὴ</strong></span> <span class='ocrx_word' id='word_1_632' title='bbox 3402 3776 3423 3807; x_wconf 92' lang='grc'><strong>,</strong></span> <span class='ocrx_word' id='word_1_633' title='bbox 3458 3728 3661 3819; x_wconf 70' lang='grc' dir='ltr'><strong>μάτκν</strong></span> <span class='ocrx_word' id='word_1_634' title='bbox 3720 3786 3722 3803; x_wconf 40' lang='lat'>2</span> 
     </span>
     <span class='ocr_line' id='line_1_88' title="bbox 2216 3823 3297 3923; baseline 0.001 -27"><span class='ocrx_word' id='word_1_635' title='bbox 2216 3830 2449 3913; x_wconf 76' lang='grc' dir='ltr'><strong>ἔξεστιν</strong></span> <span class='ocrx_word' id='word_1_636' title='bbox 2480 3836 2621 3923; x_wconf 81' lang='grc' dir='ltr'><strong>ὑμῖν</strong></span> <span class='ocrx_word' id='word_1_637' title='bbox 2651 3823 2690 3896; x_wconf 89' lang='grc' dir='ltr'><strong>δ</strong></span> <span class='ocrx_word' id='word_1_638' title='bbox 2698 3828 2759 3897; x_wconf 74' lang='grc' dir='ltr'><strong>ια</strong></span> <span class='ocrx_word' id='word_1_639' title='bbox 2794 3842 2965 3909; x_wconf 80' lang='grc' dir='ltr'><strong>κενῆς</strong></span> <span class='ocrx_word' id='word_1_640' title='bbox 2994 3836 3297 3906; x_wconf 80' lang='grc' dir='ltr'><strong>κινητιᾶν.</strong></span> 
     </span>
    </p>
   </div>
   <div class='ocr_carea' id='block_1_9' title="bbox 2071 3974 3720 4145">
    <p class='ocr_par' dir='ltr' id='par_1_15' title="bbox 2071 3974 3720 4145">
     <span class='ocr_line' id='line_1_89' title="bbox 2071 3974 3720 4053; baseline -0.002 -19"><span class='ocrx_word' id='word_1_641' title='bbox 2071 3981 2249 4035; x_wconf 83' lang='lat' dir='ltr'><strong>Versu</strong></span> <span class='ocrx_word' id='word_1_642' title='bbox 2274 3996 2297 4033; x_wconf 86' lang='lat'>1</span> <span class='ocrx_word' id='word_1_643' title='bbox 2333 3988 2465 4052; x_wconf 89' lang='lat' dir='ltr'><strong>post</strong></span> <span class='ocrx_word' id='word_1_644' title='bbox 2491 3974 2729 4053; x_wconf 84' lang='grc' dir='ltr'><strong>γυναῖκες</strong></span> <span class='ocrx_word' id='word_1_645' title='bbox 2753 3976 2901 4034; x_wconf 81' lang='lat' dir='ltr'><strong>forte</strong></span> <span class='ocrx_word' id='word_1_646' title='bbox 2928 3978 3159 4052; x_wconf 84' lang='lat' dir='ltr'><strong>periisse</strong></span> <span class='ocrx_word' id='word_1_647' title='bbox 3185 3976 3455 4052; x_wconf 82' lang='lat' dir='ltr'><strong>suspicor</strong></span> <span class='ocrx_word' id='word_1_648' title='bbox 3484 3978 3662 4033; x_wconf 82' lang='lat' dir='ltr'><strong>libra·</strong></span> <span class='ocrx_word' id='word_1_649' title='bbox 3718 3982 3720 3991; x_wconf 91' lang='lat'>&#39;</span> 
     </span>
     <span class='ocr_line' id='line_1_90' title="bbox 2071 4066 3667 4145; baseline -0.003 -22"><span class='ocrx_word' id='word_1_650' title='bbox 2071 4068 2293 4123; x_wconf 90' lang='lat' dir='ltr'><strong>riorum</strong></span> <span class='ocrx_word' id='word_1_651' title='bbox 2331 4068 2678 4141; x_wconf 84' lang='lat' dir='ltr'><strong>negligentia</strong></span> <span class='ocrx_word' id='word_1_652' title='bbox 2724 4068 2904 4122; x_wconf 83' lang='lat' dir='ltr'><strong>simile</strong></span> <span class='ocrx_word' id='word_1_653' title='bbox 2952 4068 3029 4145; x_wconf 80' lang='grc' dir='ltr'><strong>τῷ</strong></span> <span class='ocrx_word' id='word_1_654' title='bbox 3056 4086 3244 4130; x_wconf 82' lang='grc' dir='ltr'><strong>-αικες</strong></span> <span class='ocrx_word' id='word_1_655' title='bbox 3298 4066 3667 4121; x_wconf 77' lang='lat' dir='ltr'><strong>vocabulum</strong></span> 
     </span>
    </p>
   </div>
   <div class='ocr_carea' id='block_1_10' title="bbox 2071 4227 3669 5347">
    <p class='ocr_par' dir='ltr' id='par_1_16' title="bbox 2071 4227 3669 4387">
     <span class='ocr_line' id='line_1_91' title="bbox 2071 4227 3667 4305; baseline -0.003 -17"><span class='ocrx_word' id='word_1_656' title='bbox 2071 4237 2141 4293; x_wconf 85' lang='lat'><strong>10</strong></span> <span class='ocrx_word' id='word_1_657' title='bbox 2181 4233 2440 4305; x_wconf 72' lang='lat' dir='ltr'><strong>leporina-2</strong></span> <span class='ocrx_word' id='word_1_658' title='bbox 2470 4246 2662 4287; x_wconf 79' lang='lat' dir='ltr'><strong>carnes</strong></span> <span class='ocrx_word' id='word_1_659' title='bbox 2689 4228 3006 4300; x_wconf 83' lang='lat' dir='ltr'><strong>duodecim,</strong></span> <span class='ocrx_word' id='word_1_660' title='bbox 3034 4227 3257 4287; x_wconf 84' lang='lat' dir='ltr'><strong>bellaria</strong></span> <span class='ocrx_word' id='word_1_661' title='bbox 3284 4229 3483 4287; x_wconf 85' lang='lat' dir='ltr'><strong>lunata</strong></span> <span class='ocrx_word' id='word_1_662' title='bbox 3526 4248 3543 4283; x_wconf 77' lang='grc' dir='ltr'><strong>ε</strong></span> <span class='ocrx_word' id='word_1_663' title='bbox 3576 4246 3667 4284; x_wconf 81' lang='lat' dir='ltr'><strong>ce·</strong></span> 
     </span>
     <span class='ocr_line' id='line_1_92' title="bbox 3356 4322 3669 4387; baseline -0.013 -11"><span class='ocrx_word' id='word_1_664' title='bbox 3356 4322 3503 4387; x_wconf 82' lang='lat' dir='ltr'><strong>[tera</strong></span> <span class='ocrx_word' id='word_1_665' title='bbox 3534 4332 3669 4374; x_wconf 72' lang='lat' dir='ltr'><strong>vero</strong></span> 
     </span>
    </p>

    <p class='ocr_par' dir='ltr' id='par_1_17' title="bbox 2166 4404 3533 4743">
     <span class='ocr_line' id='line_1_93' title="bbox 2166 4404 3275 4485; baseline -0.007 -18"><span class='ocrx_word' id='word_1_666' title='bbox 2166 4412 2283 4485; x_wconf 86' lang='lat' dir='ltr'><strong>jam</strong></span> <span class='ocrx_word' id='word_1_667' title='bbox 2311 4408 2511 4467; x_wconf 79' lang='lat' dir='ltr'><strong>talibus</strong></span> <span class='ocrx_word' id='word_1_668' title='bbox 2534 4406 2723 4464; x_wconf 82' lang='lat' dir='ltr'><strong>viliora</strong></span> <span class='ocrx_word' id='word_1_669' title='bbox 2742 4414 2875 4463; x_wconf 89' lang='lat' dir='ltr'><strong>sunt</strong></span> <span class='ocrx_word' id='word_1_670' title='bbox 2898 4404 3060 4474; x_wconf 86' lang='lat' dir='ltr'><strong>(audi</strong></span> <span class='ocrx_word' id='word_1_671' title='bbox 3080 4411 3239 4475; x_wconf 83' lang='lat' dir='ltr'><strong>sane)</strong></span> <span class='ocrx_word' id='word_1_672' title='bbox 3263 4425 3275 4459; x_wconf 93' lang='lat'><strong>:</strong></span> 
     </span>
     <span class='ocr_line' id='line_1_94' title="bbox 2172 4492 3533 4568; baseline -0.004 -13"><span class='ocrx_word' id='word_1_673' title='bbox 2172 4496 2469 4556; x_wconf 81' lang='lat' dir='ltr'><strong>bulborum</strong></span> <span class='ocrx_word' id='word_1_674' title='bbox 2492 4494 2715 4568; x_wconf 86' lang='lat' dir='ltr'><strong>quidem</strong></span> <span class='ocrx_word' id='word_1_675' title='bbox 2740 4492 2977 4550; x_wconf 83' lang='lat' dir='ltr'><strong>Orthani</strong></span> <span class='ocrx_word' id='word_1_676' title='bbox 2997 4500 3107 4551; x_wconf 75' lang='lat' dir='ltr'><strong>tres</strong></span> <span class='ocrx_word' id='word_1_677' title='bbox 3126 4492 3491 4551; x_wconf 76' lang='lat' dir='ltr'><strong>semisextarii</strong></span> <span class='ocrx_word' id='word_1_678' title='bbox 3514 4516 3533 4561; x_wconf 78' lang='grc' dir='ltr'>ς</span> 
     </span>
     <span class='ocr_line' id='line_1_95' title="bbox 2174 4578 3325 4651; baseline -0.006 -9"><span class='ocrx_word' id='word_1_679' title='bbox 2174 4583 2426 4642; x_wconf 88' lang='lat' dir='ltr'><strong>Conisalo</strong></span> <span class='ocrx_word' id='word_1_680' title='bbox 2449 4590 2638 4639; x_wconf 87' lang='lat' dir='ltr'><strong>autem</strong></span> <span class='ocrx_word' id='word_1_681' title='bbox 2662 4588 2720 4637; x_wconf 88' lang='lat' dir='ltr'><strong>et</strong></span> <span class='ocrx_word' id='word_1_682' title='bbox 2738 4578 3086 4651; x_wconf 82' lang='lat' dir='ltr'><strong>adjutoribus</strong></span> <span class='ocrx_word' id='word_1_683' title='bbox 3106 4578 3325 4636; x_wconf 85' lang='lat' dir='ltr'><strong>duobus</strong></span> 
     </span>
     <span class='ocr_line' id='line_1_96' title="bbox 2176 4666 3265 4743; baseline -0.006 -15"><span class='ocrx_word' id='word_1_684' title='bbox 2176 4672 2461 4729; x_wconf 83' lang='lat' dir='ltr'><strong>vulvarum</strong></span> <span class='ocrx_word' id='word_1_685' title='bbox 2486 4668 2685 4743; x_wconf 80' lang='lat' dir='ltr'><strong>patella</strong></span> <span class='ocrx_word' id='word_1_686' title='bbox 2710 4682 2879 4725; x_wconf 81' lang='lat' dir='ltr'><strong>manu</strong></span> <span class='ocrx_word' id='word_1_687' title='bbox 2900 4666 3265 4739; x_wconf 81' lang='lat' dir='ltr'><strong>depilatarum</strong></span> 
     </span>
    </p>

    <p class='ocr_par' dir='ltr' id='par_1_18' title="bbox 2072 4754 3587 5183">
     <span class='ocr_line' id='line_1_97' title="bbox 2072 4754 3587 4828; baseline -0.006 -9"><span class='ocrx_word' id='word_1_688' title='bbox 2072 4768 2137 4819; x_wconf 85' lang='lat'><strong>15</strong></span> <span class='ocrx_word' id='word_1_689' title='bbox 2176 4760 2483 4828; x_wconf 88' lang='lat' dir='ltr'><strong>(luminum</strong></span> <span class='ocrx_word' id='word_1_690' title='bbox 2505 4758 2653 4815; x_wconf 87' lang='lat' dir='ltr'><strong>enim</strong></span> <span class='ocrx_word' id='word_1_691' title='bbox 2674 4755 2869 4814; x_wconf 72' lang='lat' dir='ltr'><strong>odorae</strong></span> <span class='ocrx_word' id='word_1_692' title='bbox 2886 4770 2998 4811; x_wconf 89' lang='lat' dir='ltr'><strong>non</strong></span> <span class='ocrx_word' id='word_1_693' title='bbox 3020 4762 3206 4812; x_wconf 76' lang='lat' dir='ltr'><strong>amant</strong></span> <span class='ocrx_word' id='word_1_694' title='bbox 3228 4754 3555 4823; x_wconf 81' lang='lat' dir='ltr'><strong>daemones)</strong></span> <span class='ocrx_word' id='word_1_695' title='bbox 3574 4776 3587 4785; x_wconf 94' lang='lat'><em>·</em></span> 
     </span>
     <span class='ocr_line' id='line_1_98' title="bbox 2176 4843 3173 4919; baseline -0.007 -15"><span class='ocrx_word' id='word_1_696' title='bbox 2176 4848 2286 4905; x_wconf 82' lang='lat' dir='ltr'><strong>culi</strong></span> <span class='ocrx_word' id='word_1_697' title='bbox 2316 4844 2525 4919; x_wconf 84' lang='lat' dir='ltr'><strong>quadra</strong></span> <span class='ocrx_word' id='word_1_698' title='bbox 2554 4846 2677 4902; x_wconf 87' lang='lat' dir='ltr'><strong>cani</strong></span> <span class='ocrx_word' id='word_1_699' title='bbox 2702 4860 2767 4901; x_wconf 89' lang='lat' dir='ltr'><strong>ac</strong></span> <span class='ocrx_word' id='word_1_700' title='bbox 2794 4843 3173 4909; x_wconf 62' lang='lat' dir='ltr'><strong>venatoribus»,</strong></span> 
     </span>
     <span class='ocr_line' id='line_1_99' title="bbox 2176 4928 3345 5006; baseline -0.009 -12"><span class='ocrx_word' id='word_1_701' title='bbox 2176 4935 2421 4994; x_wconf 71' lang='lat' dir='ltr'><strong>Lon-doni</strong></span> <span class='ocrx_word' id='word_1_702' title='bbox 2444 4934 2708 4992; x_wconf 84' lang='lat' dir='ltr'><strong>drachma</strong></span> <span class='ocrx_word' id='word_1_703' title='bbox 2728 4976 2744 5003; x_wconf 87' lang='lat'>,</span> <span class='ocrx_word' id='word_1_704' title='bbox 2774 4931 3021 5006; x_wconf 80' lang='lat' dir='ltr'><strong>Cybdaso</strong></span> <span class='ocrx_word' id='word_1_705' title='bbox 3045 4928 3345 4987; x_wconf 84' lang='lat' dir='ltr'><strong>triobolum</strong></span> 
     </span>
     <span class='ocr_line' id='line_1_100' title="bbox 2176 5019 3004 5081; baseline -0.007 0"><span class='ocrx_word' id='word_1_706' title='bbox 2176 5024 2327 5081; x_wconf 85' lang='lat' dir='ltr'><strong>heroi</strong></span> <span class='ocrx_word' id='word_1_707' title='bbox 2356 5023 2523 5081; x_wconf 85' lang='lat' dir='ltr'><strong>Celeti</strong></span> <span class='ocrx_word' id='word_1_708' title='bbox 2548 5022 2757 5079; x_wconf 87' lang='lat' dir='ltr'><strong>corium</strong></span> <span class='ocrx_word' id='word_1_709' title='bbox 2782 5027 2837 5077; x_wconf 88' lang='lat' dir='ltr'><strong>et</strong></span> <span class='ocrx_word' id='word_1_710' title='bbox 2858 5019 3004 5075; x_wconf 77' lang='lat' dir='ltr'><strong>thus,</strong></span> 
     </span>
     <span class='ocr_line' id='line_1_101' title="bbox 2176 5103 3376 5183; baseline -0.012 -14"><span class='ocrx_word' id='word_1_711' title='bbox 2176 5112 2247 5169; x_wconf 81' lang='lat' dir='ltr'><strong>Hi</strong></span> <span class='ocrx_word' id='word_1_712' title='bbox 2272 5120 2401 5168; x_wconf 89' lang='lat' dir='ltr'><strong>sunt</strong></span> <span class='ocrx_word' id='word_1_713' title='bbox 2424 5119 2673 5183; x_wconf 86' lang='lat' dir='ltr'><strong>sumptus</strong></span> <span class='ocrx_word' id='word_1_714' title='bbox 2696 5128 2709 5165; x_wconf 90' lang='lat'>:</span> <span class='ocrx_word' id='word_1_715' title='bbox 2740 5110 2910 5179; x_wconf 83' lang='lat' dir='ltr'><strong>igitur</strong></span> <span class='ocrx_word' id='word_1_716' title='bbox 2932 5106 3051 5165; x_wconf 74' lang='lat' dir='ltr'><strong>lime</strong></span> <span class='ocrx_word' id='word_1_717' title='bbox 3070 5107 3119 5163; x_wconf 87' lang='lat' dir='ltr'><strong>si</strong></span> <span class='ocrx_word' id='word_1_718' title='bbox 3142 5103 3376 5163; x_wconf 59' lang='lat' dir='ltr'><strong>affertis.</strong></span> 
     </span>
    </p>

    <p class='ocr_par' dir='ltr' id='par_1_19' title="bbox 2072 5194 3233 5347">
     <span class='ocr_line' id='line_1_102' title="bbox 2072 5194 3233 5264; baseline -0.005 -5"><span class='ocrx_word' id='word_1_719' title='bbox 2072 5212 2139 5259; x_wconf 77' lang='grc'><strong>20</strong></span> <span class='ocrx_word' id='word_1_720' title='bbox 2178 5198 2504 5264; x_wconf 79' lang='lat' dir='ltr'><strong>introibitis3</strong></span> <span class='ocrx_word' id='word_1_721' title='bbox 2535 5200 2619 5255; x_wconf 88' lang='lat' dir='ltr'><strong>sin</strong></span> <span class='ocrx_word' id='word_1_722' title='bbox 2645 5198 2830 5253; x_wconf 86' lang='lat' dir='ltr'><strong>minus</strong></span> <span class='ocrx_word' id='word_1_723' title='bbox 2847 5238 2862 5263; x_wconf 78' lang='lat'><em>‚</em></span> <span class='ocrx_word' id='word_1_724' title='bbox 2890 5212 3028 5253; x_wconf 82' lang='lat' dir='ltr'><strong>vano</strong></span> <span class='ocrx_word' id='word_1_725' title='bbox 3046 5194 3233 5253; x_wconf 76' lang='lat' dir='ltr'><strong>laboro</strong></span> 
     </span>
     <span class='ocr_line' id='line_1_103' title="bbox 2180 5286 2963 5347; baseline -0.008 -2"><span class='ocrx_word' id='word_1_726' title='bbox 2180 5288 2306 5347; x_wconf 83' lang='lat' dir='ltr'><strong>licet</strong></span> <span class='ocrx_word' id='word_1_727' title='bbox 2330 5289 2481 5347; x_wconf 81' lang='lat' dir='ltr'><strong>vobis</strong></span> <span class='ocrx_word' id='word_1_728' title='bbox 2508 5288 2712 5346; x_wconf 80' lang='lat' dir='ltr'><strong>frustra</strong></span> <span class='ocrx_word' id='word_1_729' title='bbox 2742 5286 2963 5345; x_wconf 83' lang='lat' dir='ltr'><strong>moveri.</strong></span> 
     </span>
    </p>
   </div>
   <div class='ocr_carea' id='block_1_11' title="bbox 3705 3804 3722 5240">
    <p class='ocr_par' dir='ltr' id='par_1_20' title="bbox 3705 3804 3722 5240">
     <span class='ocr_line' id='line_1_104' title="bbox 3705 3804 3722 5240; baseline 0 0"><span class='ocrx_word' id='word_1_730' title='bbox 3705 3804 3722 5240; x_wconf 95' lang='lat' dir='ltr'><strong> </strong></span> 
     </span>
    </p>
   </div>
  </div>
 </body>
</html>
