3809 5850
1460 398 1956 465 TELECLIDES.

162 530 239 597 ὧν
266 528 325 598 δ’
356 536 542 599 ἕκατι
578 530 751 597 τοῦτ’
781 526 973 597 ἔδωκε
1000 530 1215 621 καίπερ
1248 528 1309 597 εὖ
1344 526 1519 610 εἰδὼς
1540 535 1659 626 ἐγὼ

90 634 115 702 5
158 643 263 705 οὐκ
296 641 452 731 ἐρῶ·
500 636 675 729 φίλος
718 636 836 731 γὰρ
885 637 1059 728 ἀνὴρ,
1104 644 1421 727 σωφρονεῖν
1450 630 1523 703 δέ
1556 664 1661 730 μοι

1472 739 1656 813 δοκεῖ.

82 874 237 926 Versu
282 890 309 927 1
366 872 509 927 libri
538 870 839 950 Χαρικλῆς.
884 872 1061 925 Recte
1104 870 1319 943 Reisig.
1372 870 1655 943 Conjectt.

78 980 119 1035 p.
146 960 253 1035 63,
285 972 349 1016 et
383 962 602 1036 Bergk.
635 963 979 1019 Commentt.
1024 977 1089 1033 p.
1137 957 1275 1033 328,
1328 958 1660 1037 Χαρικλέης,

77 1050 221 1123 quod
246 1052 376 1123 ipse
404 1068 605 1105 versus
630 1047 1003 1105 monstrabat.
1042 1072 1066 1096 ιι
1097 1049 1185 1104 De
1212 1044 1474 1105 Charicle
1491 1089 1509 1119 ,
1540 1052 1659 1125 pri·

73 1156 215 1191 mum
238 1138 557 1211 popularis
572 1138 849 1194 libertatis
866 1143 1301 1211 propugnatore
1322 1136 1655 1207 fortissimo,

70 1237 259 1298 postea
282 1244 435 1281 vero
460 1227 828 1301 optimatium
856 1223 1081 1299 imperii
1104 1223 1387 1294 studioso,
1406 1228 1662 1301 scripto—

70 1334 185 1370 rum
236 1315 413 1369 locos
445 1324 844 1389 apposuerunt
888 1315 1171 1385 Droysen.
1225 1312 1541 1371 Commeat.
1589 1315 1662 1371 de

66 1402 363 1475 Aristoph.
388 1404 505 1459 Av.
539 1421 597 1477 p.
630 1422 732 1476 27,
756 1411 814 1458 et
828 1400 1037 1475 Bergk.
1058 1400 1099 1457 l.
1125 1400 1164 1459 Ι,
1196 1422 1223 1450 ¹»
1244 1401 1339 1461 M.
1368 1404 1435 1458 V.
1466 1420 1501 1457 α
1528 1402 1661 1459 libri

68 1486 382 1562 βαλαντίω.

842 1618 875 1656 2
882 1640 897 1653 .

134 1716 269 1769 Vita
298 1712 601 1787 Euripidis
630 1711 789 1786 apud
826 1708 1155 1785 Elmslejum
1183 1710 1272 1768 ed.
1303 1710 1658 1769 Baccharum

62 1820 111 1873 p.
150 1820 269 1871 ¹72
300 1802 469 1876 Lips.
505 1820 523 1855 z
554 1798 697 1857 δοκεῖ
724 1796 868 1875 αὖτῷ
895 1792 989 1855 καὶ
1017 1796 1308 1877 Σωκράτης
1335 1800 1363 1855 ὁ
1388 1798 1663 1879 φιλόσοφος

61 1887 145 1944 καὶ
172 1886 534 1965 Μνησίλοχος
568 1884 1025 1961 συμπεποιηκὲναι
1062 1885 1181 1945 τινὰ
1197 1930 1219 1963 ,
1260 1883 1335 1953 ὥς
1366 1908 1495 1967 φησι
1520 1889 1659 1959 Τηλ.

60 2004 73 2023 ι
108 1974 473 2052 Μνησίλοχος
520 1971 576 2030 δὲ
617 1976 811 2041 ἐκεῖνος
839 1972 1110 2052 Φρυγικόν
1155 1995 1207 2032 τι
1251 1974 1435 2051 δρᾶμα
1481 1975 1659 2035 καινὸν

60 2062 329 2143 Εὐριπίδῃ
362 2060 461 2121 καὶ
494 2058 791 2144 Σωκράτης
810 2060 1101 2133 ὖποτίθησι.
1126 2086 1153 2114 n
1187 2064 1360 2139 Diog.
1381 2066 1571 2123 Laert.
1598 2085 1657 2137 α,

66 2158 135 2211 ι8
171 2177 187 2211 :
226 2154 411 2211 ἐδόκει
441 2150 499 2211 δὲ
537 2152 869 2230 (Socrates)
898 2157 1173 2228 συμποιεῖν
1213 2148 1497 2229 Εὐριπίδῃ.
1546 2150 1658 2211 ὅθεν

63 2243 417 2320 Μνησίλοχος
461 2239 603 2299 οὕτω
638 2240 769 2321 φησὶ
806 2266 829 2292 α
860 2238 1073 2320 Φρύγες
1109 2237 1221 2297 ἐστὶ
1261 2237 1439 2297 καινὸν
1482 2240 1657 2318 δρᾶμα

62 2332 201 2387 τοῦτ’
238 2327 571 2405 Εὗρε-πέδω,
601 2318 647 2404 ᾧ
672 2325 769 2385 καὶ
800 2325 1090 2405 Σωκράτης
1121 2324 1191 2383 τὰ
1216 2324 1437 2405 φρύγαν’
1474 2326 1657 2385 fimti-

65 2428 215 2485 (ηςσιν
238 2446 289 2475 -.
316 2419 425 2473 His
444 2418 747 2491 utriusque
764 2416 1125 2492 grammatici
1144 2414 1463 2488 conjunctis
1488 2427 1661 2491 atque

62 2505 417 2575 emendatis,
445 2522 631 2579 quum
666 2501 997 2562 Dindorfius
1024 2504 1248 2578 Fragm.
1272 2520 1337 2577 p.
1362 2503 1459 2574 23,
1481 2520 1659 2561 assen-

64 2600 243 2649 tiente
294 2593 591 2649 Meinekio
610 2632 631 2663 ,
662 2586 977 2668 scripsisset
1001 2588 1353 2667 Μνησίλοχός
1382 2590 1490 2647 ἐστ’
1531 2590 1655 2649 ἐκεῖ·

61 2702 171 2747 νος,
202 2680 261 2744 ὃς
282 2679 543 2758 φρύγειτι
568 2680 746 2757 δρᾶμα
770 2677 952 2737 καινὸν
976 2688 1118 2749 etc„
1138 2678 1533 2754 probabiliore
1554 2696 1649 2736 ra-

64 2782 225 2825 tione
250 2787 361 2823 nos
396 2786 411 2821 ι

158 2882 216 2948 ὸ
262 2880 663 2976 Μνησίλοχος
702 2873 761 2946 δ’
805 2878 1053 2948 ἐκεινοσὶ
1096 2881 1299 2972 φρύγει
1344 2904 1405 2946 τι
1451 2873 1658 2972 δρᾶμα

1456 3012 1657 3053 καινον

162 3088 476 3188 Εὐριπίδῃ
496 3146 518 3179 ,
549 3099 657 3160 καὶ
688 3094 1009 3186 Σωκράτης
1045 3090 1127 3157 τὰ
1167 3089 1403 3182 φρύγαν’
1435 3093 1657 3159 ὑποτί-

1468 3197 1654 3271 θησιν.

62 3355 81 3375 n
120 3329 429 3385 intellexit
454 3327 655 3396 Dind„
694 3327 770 3383 de
810 3326 1003 3382 fabula
1044 3321 1333 3398 Euripidis
1368 3325 1489 3399 agi,
1531 3344 1657 3399 quae

52 3437 215 3472 nune
246 3419 471 3492 ipsum,
498 3417 737 3474 fortasse
753 3415 818 3470 in
854 3413 1075 3471 aedibus
1106 3409 1391 3486 Euripidis
1420 3430 1656 3488 conspe·

52 3509 161 3560 ctis
182 3547 201 3572 ‚
266 3514 715 3579 praepararetur.
772 3503 863 3559 De
924 3500 1271 3557 Mnesilocho
1292 3539 1311 3567 ,
1366 3499 1656 3574 Euripidis

52 3612 305 3661 socero,
326 3593 468 3648 satis
494 3601 717 3646 constat
744 3607 777 3646 e
804 3588 1411 3665 Thesmophoriazusis-
1430 3611 1457 3640 ι
1486 3589 1535 3644 Ε
1564 3591 1650 3646 Μ.

842 3701 897 3758 3.

140 3817 340 3874 Porro
372 3819 666 3894 Diogenes
714 3817 754 3871 1.
789 3819 832 3876 1.
879 3837 894 3876 ε
939 3816 1029 3874 καὶ
1080 3815 1239 3874 πάλιν
1292 3843 1317 3867 «ι

64 3905 549 3986 mayaco-stigmam
578 3933 603 3955 ι
632 3903 723 3961 καὶ
754 3902 992 3970 Καλλίας
1022 3902 1302 3975 Πεδήταις·

1372 3815 1657 3896 Εὐριπίδης

148 4049 201 4082 α.
234 4022 309 4082 Τί
338 4021 408 4090 δὴ
438 4018 503 4079 σὺ
526 4026 710 4096 σεμνοῖ
727 4018 818 4075 καὶ
852 4017 1051 4098 φρονεῖς
1071 4016 1209 4076 οὕτω
1233 4016 1401 4094 μέγας

146 4115 201 4185 β.
236 4107 455 4177 Ἔξεστι
486 4105 591 4186 γάρ
621 4128 738 4182 μοι·
774 4103 1064 4184 Σωκράτης
1085 4103 1189 4184 γὰρ
1217 4102 1396 4170 αἴτιος.

86 4223 447 4302 &peroptime
471 4219 765 4302 Νεφέλαις·

148 4333 448 4410 Εὐριπίδης
478 4331 543 4403 δ’,
572 4335 602 4390 ὃ
628 4329 720 4397 τὰς
750 4331 1038 4410 τραγῳδίας
1060 4309 1223 4389 ποίῶν

138 4537 231 4592 sed
248 4579 265 4604 ‚
296 4539 407 4592 boe
434 4551 536 4592 cur
560 4534 802 4600 dederit.
828 4535 1075 4607 quamvis
1097 4535 1275 4591 sciens
1303 4549 1403 4605 ego

84 4629 107 4672 ⁹.
148 4640 253 4677 non
280 4623 465 4678 dicam
500 4641 515 4675 :
556 4622 765 4676 amicus
799 4622 946 4676 enim
980 4621 1063 4674 vir
1086 4627 1195 4681 est.
1224 4628 1281 4675 et
1304 4633 1492 4691 sapere
1521 4618 1652 4674 mihi

1395 4704 1648 4774 [videtur.

810 4801 827 4846 1
876 4799 928 4846 2.

86 4883 447 4940 alnesilochus
472 4891 657 4938 autem
682 4880 772 4936 iiie
790 4878 938 4952 frigit
964 4893 1167 4935 novum
1192 4877 1408 4952 aliquod
1434 4877 1623 4935 drama

92 4969 351 5040 Euripidi,
378 4977 435 5024 et
454 4975 733 5022 sarmenta
758 4967 1005 5023 Socrates
1020 4967 1295 5036 supponit.

832 5059 861 5107 3

102 5141 187 5192 Hie
202 5151 279 5196 est
308 5143 401 5198 ille
422 5138 715 5212 Euripides
738 5140 832 5212 qui
854 5096 1144 5210 tragoedias
1170 5139 1303 5196 facit

100 5243 125 5282 a
148 5233 355 5288 Socrate
372 5237 715 5302 compactas,
744 5227 1112 5304 philosophas.

3116 467 3127 475 .
3213 427 3318 479 12²

1832 530 1927 598 τὰς
1949 534 2332 612 περιλαλούσας
2351 578 2370 609 ,
2395 528 2543 603 οὗτός
2567 540 2677 596 ἐστι
2695 582 2712 610 ,
2743 539 2834 606 τὰς
2859 541 3042 620 σοφὰς,

1830 619 1924 686 τὰς
1951 622 2440 700 σωκρατογόμφους.

1754 738 1880 791 Huc
1920 738 2070 791 enim
2107 738 2250 794 illud
2288 740 2761 821 σωκρατογόμφους
2803 742 3162 800 referendum
3209 764 3325 805 esse

1752 824 1897 879 vidit
1913 824 2020 880 Din
2027 824 2172 889 ἀρνί.
2181 869 2196 895 ,
2215 836 2468 883 ceterum
2481 830 2790 887 audaciore
2803 830 3126 904 conjectura
3137 837 3326 891 omnia

1752 912 1871 967 haec
1882 914 2300 997 Aristophanen
2317 918 2617 973 Teleclidae
2638 919 2971 990 attribuens,
2985 919 3064 975 sic
3078 924 3288 997 scripta
3305 944 3317 978 :

1854 1003 2193 1102 Εὐριπίδης
2225 1005 2280 1077 δ’
2308 1018 2340 1079 ὁ
2365 1012 2473 1091 τὰς
2499 1009 2843 1109 τραγῳδίας
2871 1026 3059 1084 ποιῶν

1850 1114 1962 1195 τὰς
2006 1122 2543 1213 σωκρατογόμφους
2597 1122 2767 1200 οὗτός
2805 1124 2935 1192 ἐστι
2973 1124 3083 1205 τὰς
3121 1128 3323 1219 σοφάς.

1760 1250 1785 1277 ιι
1824 1225 1913 1287 Cf.
1943 1229 2247 1289 Hermann.
2272 1234 2433 1307 praef.
2469 1235 2618 1290 Nub.
2649 1254 2709 1311 p.
2750 1256 2838 1311 19.
2856 1240 3182 1317 'Utrumque
3219 1242 3326 1301 fra·

1752 1328 2046 1391 gmentum
2069 1319 2305 1376 fortasse
2329 1320 2404 1377 ad
2433 1320 2714 1381 Hesiodus
2755 1331 3142 1387 revocandum
3173 1343 3273 1388 est.
3299 1358 3324 1382 n

1751 1406 1928 1461 Mein.

1836 1612 2170 1671 Plutarchus
2199 1614 2417 1671 Pericle
2449 1634 2501 1672 c.
2538 1615 2640 1687 16,
2666 1617 2740 1674 de
2767 1620 2995 1680 Periclis
3018 1629 3278 1701 potentia
3304 1648 3322 1688 :

1751 1702 2024 1770 κακοηθῶς
2067 1701 2278 1779 (αὐτὸν)
2311 1703 2758 1783 παρεμφαίνουσιν
2793 1708 2842 1765 οἱ
2888 1712 3140 1787 κωμικοὶ,
3186 1716 3322 1775 Πει-

1754 1786 2088 1868 σιστρατίδας
2115 1787 2210 1866 μὲν
2251 1789 2395 1857 νέους
2421 1788 2540 1858 τοὺς
2580 1792 2702 1873 περὶ
2745 1794 2902 1854 αὐτὸν
2945 1799 3180 1881 ἑταίρους
3221 1825 3322 1861 κα-

1752 1876 1961 1944 λοῦντες
1972 1922 1990 1949 ,
2013 1876 2168 1935 αὐτὸν
2191 1876 2239 1935 δ’
2252 1877 2520 1956 ἀπομόσαι
2543 1878 2619 1956 μὴ
2636 1882 2975 1961 τυραννήσειν
2992 1887 3320 1970 κελεύοντες,

1753 1963 1823 2030 ὡς
1854 1963 2193 2044 ἀσυμμέτρου
2225 1964 2355 2047 πρὸς
2383 1966 2744 2047 δημοκρατίαν
2763 1970 2854 2029 καὶ
2883 1973 3173 2053 βαρυτέρας
3198 1978 3320 2056 περὶ

1754 2048 1911 2109 αὐτὸν
1937 2048 2094 2124 οὔσης
2119 2054 2380 2133 ὑπεροχῆς
2396 2076 2410 2091 ·
2430 2056 2459 2113 ὃ
2478 2052 2532 2113 δὲ
2554 2056 2692 2129 Τηλ.
2717 2058 3144 2138 παραδεδωκέναι
3163 2064 3322 2146 φησὶν

1752 2139 1897 2219 αὐτῷ
1928 2138 2043 2207 τοὺς
2065 2140 2362 2213 Ἀθηναίους

1854 2252 2108 2322 Πόλεών
2139 2278 2206 2321 τε
2242 2254 2479 2348 φόρους,
2503 2256 2685 2334 αὐτοῖς
2711 2282 2779 2325 τε
2803 2260 3013 2340 πόλεις
3030 2313 3049 2347 ,
3074 2264 3185 2343 τὰς
3212 2268 3322 2359 μὲν

2613 2357 2771 2449 δεῖν,
2801 2364 2912 2445 τὰς
2938 2361 2992 2436 δ’
3019 2369 3319 2450 ἀναλύειν,

1846 2468 2028 2534 λάῗνα
2076 2464 2252 2559 τείχη
2294 2465 2378 2535 τὰ
2424 2468 2533 2559 μὲν
2588 2464 2961 2565 οἰκοδομεῖν,
3026 2474 3109 2542 τὰ
3156 2469 3216 2543 δ’
3249 2474 3321 2545 ἂν

2489 2573 2645 2640 αὐτὰ
2675 2578 2859 2644 πάλιν
2889 2576 3320 2662 καταὸάλλειν,

1849 2669 2145 2761 σπονδὰς,
2173 2668 2454 2771 δύναμιν,
2475 2682 2728 2770 κράτος,
2768 2682 3020 2777 εἰρήνην,
3054 2688 3322 2755 πλοῦτόν

2675 2784 2764 2870 τ’,
2801 2781 3184 2882 εὐδαιμονίαν
3218 2820 3311 2863 τε.
3344 2813 3354 2825 ’

1750 2915 1930 2971 Versu
1957 2931 1992 2970 α
2037 2912 2212 2972 codd.
2243 2912 2464 2971 hiantes
2489 2912 2561 2971 τὰ
2590 2912 2645 2974 δὲ
2676 2914 2832 2976 αὗταί.
2863 2920 3015 2977 Nihil
3053 2923 3323 2981 verisimi-

1749 3001 1856 3056 lius
1882 3017 2056 3074 quam
2097 3002 2320 3076 elegans
2356 3003 2500 3059 illud
2545 3001 2608 3058 ἄν
2654 3004 2801 3061 forte
2842 3007 3165 3082 neglectum
3201 3029 3320 3069 esse

1748 3099 1880 3146 ante
1915 3090 2020 3146 αὖ·
2039 3091 2249 3159 simile,
2277 3091 2436 3164 quod
2460 3093 2738 3165 sequitur.
2769 3093 2857 3153 Cf.
2883 3093 3151 3157 Pherecr.
3181 3099 3316 3178 Kop.

1756 3195 1808 3238 1.
1841 3178 2090 3238 Meinek.
2115 3179 2307 3253 posuit
2334 3177 2476 3256 τάχα
2507 3179 2554 3236 δ’
2579 3177 2713 3237 αὐτὰ
2735 3203 2795 3242 π.
2855 3175 2862 3186 “

2509 3287 2560 3345 5.

1829 3399 2192 3457 Herodianus
2228 3396 2363 3478 Περὶ
2400 3397 2650 3476 μονήρους
2680 3397 2862 3467 λέξεως
2887 3420 2958 3478 p.
3004 3424 3095 3476 17,
3127 3425 3219 3476 ιο,
3249 3407 3318 3463 de

1748 3489 2035 3546 vocabulo
2064 3485 2237 3558 δοθιήν
2271 3488 2447 3556 εΤηλ.

1854 3598 1973 3673 ὅδ’
2011 3607 2116 3672 ἀπ’
2146 3605 2394 3698 Αἰγίνης
2429 3607 2606 3679 νήσου
2635 3615 2830 3698 χωρεῖ
2859 3598 3132 3687 δοθιῆνος
3161 3613 3316 3704 ἔχων

2859 3715 2931 3780 τὸ
2967 3716 3308 3808 πρόσωπον.

1747 3843 1943 3898 Codex
1991 3836 2064 3897 ὅδ’
2095 3836 2186 3895 ἀπ’
2217 3835 2469 3915 Αἰγιύνης
2499 3837 2556 3896 οὔ
2601 3861 2661 3918 χ.
2705 3840 2960 3910 δοθειῆνος
2989 3843 3071 3920 ἐχ.
3117 3841 3176 3900 τὸ
3215 3866 3310 3925 πρ.

1747 3929 2006 3984 Correxit
2029 3923 2096 3985 L.
2122 3925 2388 3983 Dindorf.
2420 3921 2670 3984 Fortasse
2689 3929 2716 3983 ὃ
2745 3925 2791 3984 δ’
2818 3927 2911 3985 ἀπ’
2929 3930 3314 3988 scribendum.

1750 4013 2028 4071 Periclem
2071 4014 2498 4090 intelligendum
2540 4015 2726 4072 videri
2772 4020 3068 4073 annotavit
3112 4020 3312 4095 Bergk.

1746 4105 2090 4160 Commentt.
2119 4120 2180 4176 p.
2212 4101 2345 4159 331.

2504 4211 2558 4270 6.

1827 4325 1983 4386 Plut.
2008 4279 2223 4384 Pericle
2247 4346 2299 4386 c.
2327 4325 2360 4381 3
2387 4344 2400 4385 :
2425 4325 2566 4396 Τηλ.
2591 4324 2644 4384 δὲ
2667 4325 2796 4384 ποτὲ
2822 4327 2916 4403 μὲν
2941 4329 3043 4386 ὑπὸ
3064 4330 3169 4386 τῶν
3187 4352 3316 4407 πρα-

2504 4536 2558 4584 4.

1747 4615 1986 4674 Urbium
2025 4615 2266 4682 reditus,
2300 4617 2549 4688 ipsasque
2575 4613 2770 4684 urbes,
2807 4616 2943 4673 alias
2971 4618 3315 4685 vinciendas,

2805 4702 2968 4770 [alias
2995 4704 3280 4762 solvendas
3297 4749 3315 4774 ‚

1745 4790 1992 4864 lapideos
2033 4805 2220 4846 muros
2249 4790 2413 4846 modo
2457 4789 2760 4858 {edificat-e.
2802 4789 2968 4848 modo
2995 4807 3189 4850 rursus
3231 4793 3316 4852 di·

3099 4881 3114 4951 Ι
3129 4895 3315 4950 ruere,

1749 4971 1897 5037 pacta
1912 5005 1928 5032 .,
1951 4964 2247 5034 potentiam
2263 5004 2278 5030 ‚
2299 4965 2576 5020 victoriam
2593 5005 2608 5030 ‚
2633 4979 2816 5035 pacem
2833 5005 2848 5033 ‚
2872 4965 3320 5039 opulentiamque

2875 5051 2954 5122 {et
2979 5050 3312 5110 felicitatem.

2511 5159 2562 5191 ω’).

1754 5227 1853 5282 Ille
1876 5226 1946 5282 ab
1967 5227 2153 5298 Aigina
2177 5226 2353 5283 insuia
2379 5229 2523 5282 venit
2543 5268 2559 5295 ‚
2580 5225 2855 5283 furunculi
2877 5223 3081 5282 habens
3097 5223 3311 5284 faciem.
