3809 5850
405 457 520 510 470

1383 397 1678 510 'MEmAE
1733 448 2145 510 coMOEmAE
2188 448 2601 524 RELIQUIAE.

403 580 494 634 vir
549 581 606 634 in
641 579 933 654 republica
961 578 1118 636 haud
1139 578 1502 636 mediocriter
1541 581 1867 657 versatus),
1899 599 1973 636 ex
2064 600 2123 656 p.
2167 580 2313 653 342,
2346 581 2397 636 A
2438 575 2541 657 (cf.
2582 577 2753 646 mat„
2790 577 3085 634 Demosth.
3114 574 3347 654 Banu).
3396 604 3425 628 ι
3476 581 3529 634 Ε
3552 581 3631 637 Μ.

407 667 616 725 Athen.
652 685 718 737 7,
750 687 812 742 p.
848 666 988 736 342,
1019 671 1098 735 A,
1135 676 1192 722 et
1237 667 1340 742 13,
1365 687 1427 742 p.
1461 665 1594 740 587,
1621 669 1684 736 C,
1713 669 1974 743 intelligi·
2064 671 2129 727 V.
2172 668 2204 724 3
2214 668 2437 770 ”vulgo
2453 663 2542 722 τὸν
2565 667 2671 726 Κτ.
2706 685 2765 720 τι
2791 662 3001 742 (Dind.
3032 675 3091 722 et
3116 667 3290 722 Mein.
3320 685 3393 724 ex
3430 668 3565 722 cod.
3592 671 3631 723 B

403 764 518 810 tur.
553 755 802 810 Omnino
825 773 996 810 unam
1016 765 1075 809 et
1095 755 1297 829 viginti
1329 754 1547 812 fabulas
1573 774 1704 812 eum
1729 755 1979 814 edidisse

404 851 642 896 narrant
665 840 868 898 Suidas
899 851 957 898 et
981 840 1235 897 Eudocia
1261 861 1324 918 p.
1357 843 1505 912 4263
1537 861 1782 916 quarum
1812 842 1975 898 fabu-

403 929 590 984 larum
621 925 920 1005 Ἀχιλλεὺς,
953 925 1358 1006 Κορινθιαστὴς,
1383 925 1648 1006 Κυνηγὶς,
1671 926 1975 999 Φίλαυλος,

407 1011 651 1090 Κέφαλος
666 1057 682 1089 ,
697 1013 898 1093 Τηρεὺς
913 1055 928 1084 ,
950 1011 1239 1085 Ἀταλάντη
1265 1026 1321 1072 et
1339 1013 1754 1094 Λαμπαδοφόροι
1777 1015 1981 1073 diserte

405 1121 436 1156 a
470 1101 644 1157 Suida
673 1102 1004 1158 tribuuntur
1027 1102 1345 1162 Philetaero.
1370 1103 1542 1158 Petiit
1569 1113 1760 1158 autem
1781 1102 1981 1160 Suidas

403 1190 508 1246 hos
537 1192 728 1246 titulos
765 1209 960 1246 omnes
995 1201 1200 1266 praeter
1235 1190 1548 1264 Cephalum
1585 1209 1654 1246 ex
1681 1191 1980 1260 Athenaeo,

403 1276 564 1349 cujus
591 1296 662 1334 ex
688 1297 748 1348 7,
787 1296 848 1352 p.
877 1277 1016 1348 342,
1047 1281 1128 1348 Α,
1154 1287 1216 1332 et
1255 1295 1348 1351 11,
1377 1295 1436 1352 p.
1483 1278 1624 1354 487,
1651 1279 1738 1348 A,
1769 1277 1983 1334 addere

401 1375 628 1437 poterat
650 1361 985 1433 Ἀσκληπιόν.
1017 1390 1041 1414 n
1081 1367 1132 1419 E
1155 1366 1246 1420 M.
1286 1365 1386 1424 Cn·
1411 1364 1722 1424 Nicostrati
1753 1365 1980 1422 fabula-

403 1471 532 1507 rum
559 1441 986 1530 prolegomena.

930 1575 980 1635 1.
1029 1575 1458 1634 ΑΝΤΥΔΔΟΣ.

481 1684 626 1742 Vide
649 1701 826 1762 supra
851 1687 1158 1744 Nicostrati
1182 1685 1496 1762 fragmenta
1523 1687 1725 1744 fabulae
1749 1701 1981 1764 cogno—

331 1817 339 1824 .
407 1774 592 1832 minis..

887 1883 966 1946 11.
1015 1883 1493 1944 ΑΣΚΛΗΠΙΟΣ.

1169 2016 1224 2056 1.

483 2093 690 2152 Athen.
725 2093 784 2164 8,
815 2113 876 2168 p.
907 2092 1040 2163 342,
1067 2097 1118 2152 A
1146 2113 1160 2149 :
1183 2090 1500 2170 Φιλέταιρος
1521 2091 1570 2150 δ’
1591 2093 1643 2160 ,ἐν
1671 2089 1977 2172 Ἀσκληπιῷ

401 2176 490 2236 τὸν
512 2177 826 2256 Ὑπερείδην
843 2177 970 2258 πρὸς
987 2181 1061 2259 τῷ
1081 2180 1364 2258 ὀψοφαγεῖν
1379 2177 1472 2236 καὶ
1486 2177 1722 2237 κυὸιύειν
1735 2179 1890 2237 αὐτόν
1909 2179 1974 2259 (7)

405 2287 554 2344 φησι.
587 2293 612 2318 ι
643 2269 792 2324 Aleae
821 2268 1004 2324 lusum
1042 2269 1488 2344 ignominiosum
1519 2278 1791 2344 putarunt
1817 2279 1977 2325 vete·

401 2374 492 2410 roe
514 2374 527 2409 ε
553 2374 610 2414 ν.
645 2357 790 2414 nist.
818 2358 945 2414 crit.
971 2357 1134 2416 Com.
1161 2375 1222 2430 p.
1257 2354 1392 2420 364.
1413 2381 1440 2406 1·
1469 2357 1537 2411 E.
1567 2358 1654 2413 M.

1163 2469 1217 2506 2.

481 2545 644 2602 Idem
677 2565 768 2619 11,
791 2567 856 2622 p.
895 2545 1030 2618 487,
1056 2549 1126 2616 A,
1150 2547 1223 2603 de
1261 2543 1622 2623 μιτανιπτρίδι
1660 2546 1972 2606 disserens:

403 2633 536 2691 Φιλ.
563 2631 898 2711 Ἀσκληπιῷ,
1339 2663 1362 2684 0

500 2725 768 2798 Ενέσεισε
795 2733 1021 2824 μεστὴν
1053 2727 1182 2796 ἴσον
1214 2729 1326 2817 ἴσῳ
1353 2722 1797 2822 μετανιπτρίδα

503 2834 794 2931 μεγάλην,
821 2838 1078 2902 ἐπειπὼν
1107 2843 1218 2914 τῆς
1239 2831 1480 2930 Ῠγιείας
1511 2838 1797 2929 τοῦνομα.

402 2951 582 3007 Versu
607 2968 642 3005 2
671 2950 806 3007 libri
839 2946 1096 3022 ὑπειπὼν,
1127 2961 1450 3009 correctum
1479 2968 1518 3007 a
1553 2948 1975 3050 Schweighau-

403 3056 552 3094 sero.

893 3132 1006 3195 111.
1054 3134 1492 3195 ATAAANTH.

479 3242 690 3300 Confer
727 3244 1076 3321 Meleagrum
1102 3245 1372 3303 fabulam.

485 3338 681 3396 Athen.
705 3357 870 3415 10‚p.
895 3339 1032 3411 416,
1053 3342 1118 3411 F,
1141 3340 1213 3398 de
1232 3342 1416 3399 Ctoeia
1431 3337 1720 3419 πολυφᾶγιρ
1743 3340 1969 3397 dicens:

399 3424 534 3484 Φιλ.
567 3422 616 3483 δ’
639 3425 693 3482 ἐν
723 3422 1033 3505 Ἀταλάντῃ,

497 3518 634 3589 Κᾶν
683 3515 761 3617 δῇ
785 3573 806 3610 ,
835 3520 1115 3617 τροχάζω
1157 3517 1391 3592 στάδια
1417 3524 1608 3592 πλείω
1645 3514 1929 3591 Σωτάδου
1950 3574 1971 3607 ,

495 3629 601 3694 τὸν
633 3630 901 3720 Ταυρέαν
939 3624 1009 3697 δὲ
1040 3638 1174 3709 τοῖς
1199 3632 1395 3709 πόνοις
1433 3626 1787 3725 ὑπερὸαλῶ,

495 3734 603 3800 τὸν
637 3732 916 3809 Κτησίαν
944 3737 996 3803 θ’
1029 3730 1524 3831 ὑπερδραμοῢμαι
1554 3748 1646 3823 τῷ
1682 3742 1919 3829 φαγεῖν.

403 3871 428 3893 ιι
457 3846 692 3901 Parasiti
710 3847 907 3905 verba.
933 3847 1094 3904 Libri
1123 3866 1288 3903 versu
1322 3866 1346 3903 1
1383 3842 1496 3924 δίῃ.
1522 3850 1608 3903 De
1636 3847 1816 3902 sonna
1839 3864 1973 3903 con-

405 3944 582 3989 tracta
630 3932 694 4009 δῇ
722 3954 780 3993 ν.
811 3932 1079 3990 Dindorf.
1114 3934 1187 3990 ad
1225 3940 1323 3993 Ar.
1353 3936 1503 3990 Ran.
1537 3933 1674 3993 265.
1729 3934 1969 3991 Antiatt.

401 4040 467 4096 p.
504 4029 644 4091 114,
681 4020 751 4078 18
804 4041 818 4075 z
857 4018 1148 4098 Τροχάζειν
1185 4018 1246 4077 οὔ
1283 4042 1412 4099 φασι
1445 4022 1549 4078 δεῖν
1599 4020 1784 4097 λέγειν,
1833 4018 1972 4077 ἀλλὰ

402 4104 690 4185 τρέχειν.
734 4110 926 4165 Habet
967 4120 1156 4165 tamen
1199 4110 1546 4186 Hermippus
1589 4128 1822 4185 quoque
1863 4111 1975 4166 Mi-

397 4214 585 4251 nervae
605 4198 776 4255 natal.
815 4216 864 4267 1,
893 4196 928 4253 5
959 4217 973 4252 ε

481 4308 539 4364 οὗ
566 4304 828 4364 παύσεται
853 4307 920 4365 δι’
947 4304 1150 4387 ἡμέρας
1171 4306 1430 4387 ὁσημέραι
1456 4306 1746 4389 τροχάζων.

403 4424 468 4480 V.
497 4440 532 4477 2
561 4423 694 4477 libri
722 4420 994 4500 ταυρίτην,
1023 4421 1183 4498 quod
1207 4424 1459 4479 correxit
1477 4402 1674 4480 Valclt.
1703 4422 1778 4479 ad
1800 4422 1971 4478 Phoe-

399 4512 531 4565 niss,
567 4508 701 4567 581.
727 4512 814 4566 De
859 4512 1096 4566 Taurea·
1125 4506 1494 4588 (palaestrita)
1533 4530 1590 4571 ν.
1642 4512 1846 4569 Athen.
1894 4528 1925 4580 7
1949 4551 1966 4585 ,

943 4677 1435 4735 AESCU'LAPIUS.

1177 4768 1228 4820 ¹.

400 4847 608 4907 infudit
630 4846 774 4921 paris
802 4848 919 4921 pari
948 4847 1100 4905 mixti
1124 4848 1342 4922 plenam
1357 4848 1798 4923 metaniptridem

401 4950 678 5008 magnam,
703 4934 891 4992 addito
912 4935 1168 4993 sanitatis
1197 4935 1437 4993 nomine.

985 5022 1404 5079 ATALANTA.

401 5110 490 5175 Et,
519 5108 566 5163 sl
594 5121 731 5179 opus
753 5114 856 5175 est,
887 5122 1046 5163 curm
1075 5105 1226 5179 plura
1250 5105 1418 5163 stadia
1439 5121 1604 5179 quam
1625 5106 1848 5165 Sotades
1865 5148 1881 5175 ‚

401 5198 671 5251 'sauream
695 5209 822 5250 vero
844 5194 1112 5251 exercitiis
1139 5208 1336 5265 supero
1352 5234 1367 5263 ‚

401 5280 748 5353 Ctaeiamque
775 5282 932 5339 vinco
955 5280 1240 5340 vescendo.

2065 752 2153 831 δὲ)
2180 755 2255 832 τῷ
2280 752 2462 834 φαγεῖν
2488 753 2833 832 ὑπερδραμῶ,
2866 772 2993 828 quae
3019 765 3073 810 et
3090 753 3297 828 putida
3326 755 3635 810 uniformi-

2067 852 2177 898 tate
2205 841 2539 910 offendunt,
2570 852 2630 898 et
2657 849 2874 896 tantum
2900 859 3017 896 non
3045 843 3257 896 soloeco
3294 841 3637 920 ὓπερδραμῦ.

2064 931 2442 1004 Reposuimus
2462 929 2731 986 usitatum
2769 927 3239 1006 ὑπιρδραμοΰμαι,
3282 927 3461 1006 cnjus
3492 931 3641 986 finali

2065 1017 2285 1092 syllaba
2306 1017 2453 1073 forte
2482 1017 2679 1073 hausta
2704 1035 2736 1071 a
2760 1017 2930 1072 simili
2948 1037 3119 1090 -μου-
3140 1035 3323 1090 quum
3346 1020 3647 1074 exstitisset

2068 1105 2401 1182 ὑπερδραμῶ
2418 1145 2437 1176 ,
2464 1103 2527 1162 id
2568 1106 2685 1162 cito
2711 1113 2993 1160 mutatum
3027 1105 3091 1160 in
3123 1102 3459 1182 ὑπερδραμῶ
3486 1109 3645 1161 metri

2066 1195 2279 1272 gratia,
2304 1203 2371 1246 ut
2390 1193 2702 1250 censebant
2729 1193 3011 1267 imperiti,
3040 1191 3391 1264 trajecerint.
3426 1193 3607 1250 Mein.
3632 1213 3645 1250 τ
3694 1225 3696 1232 ·

2075 1307 2103 1334 ι
2134 1283 2339 1340 Futuri
2380 1279 2703 1359 ὑπερδραμῶ
2726 1298 2837 1354 pro
2865 1279 3303 1356 θπερδραμοῗὶμαι
3330 1299 3449 1338 nec
3480 1284 3647 1352 mihi,

2066 1388 2173 1426 nec
2193 1371 2564 1440 Buttmanno,
2588 1367 2745 1426 aliud
2775 1369 3097 1443 exemplum
3128 1370 3401 1425 innotuit.
3438 1395 3467 1419 n

2570 1499 2674 1561 lv.
2718 1483 3131 1560 ΑΧΙΛΛΕΥΣ.

2148 1630 2353 1688 Athen.
2388 1649 2479 1700 11,
2504 1647 2567 1704 p.
2604 1633 2751 1700 474,
2783 1629 2881 1686 D:
2910 1623 2992 1683 ὅτι
3018 1625 3075 1684 δὲ
3102 1624 3195 1684 καὶ
3222 1623 3333 1684 ἀπὸ
3364 1627 3647 1704 Κανθάρου
3698 1659 3700 1674 ι

2068 1715 2341 1796 κεραμέως
2358 1713 2641 1790 ὠνομάσθη
2661 1713 2721 1772 τὸ
2739 1712 2993 1790 ἔκπωμα,
3010 1713 3139 1794 φησὶ
3158 1714 3295 1774 Φιλ.
3320 1716 3375 1773 ἐν
3388 1713 3645 1793 Ἀχιλλεῖ,
3700 1682 3702 1772 l

2168 1817 2432 1898 Πηλεύςς
2468 1819 2500 1880 ὁ
2532 1814 2763 1890 Πηλεὺς
2796 1806 2883 1887 δή
2918 1819 3079 1880 ’στιν
3118 1813 3313 1905 ὄνομα
3342 1819 3645 1907 κεραμέως
3700 1811 3702 1822 '

2166 1913 2237 1996 ξη
2245 1930 2340 2012 ροῦ
2368 1925 2727 2011 λυχνοποιοῦ
2742 1969 2761 2001 ,
2778 1917 3087 2011 Κανθάρου
3104 1969 3123 2004 ,
3152 1932 3445 2014 πενιχροῦ
3464 1921 3639 2002 πάνυ,

2166 2025 2309 2092 ἀλλ’
2347 2029 2415 2091 οὐ
2451 2023 2730 2117 τυράννου
2770 2022 2857 2117 μὰ
2886 2024 3028 2092 Δία.

2068 2139 2275 2195 Parum
2300 2147 2465 2213 aptos
2491 2138 2565 2194 ad
2594 2138 2673 2206 id,
2704 2137 2865 2211 quod
2884 2137 3277 2194 demonstrare
3300 2139 3526 2196 Athen.
3558 2159 3643 2194 vo-
3704 2145 3706 2148 ‘

2069 2227 2260 2299 luerit,
2284 2227 2393 2282 hos
2412 2243 2607 2282 versus
2626 2243 2747 2282 esse
2768 2237 2999 2282 censent
3015 2226 3425 2300 Dalecampius
3444 2237 3507 2283 et
3528 2229 3640 2294 alii3

2068 2333 2175 2372 nec
2191 2331 2325 2372 sane
2350 2313 2675 2390 negandum
2702 2323 2788 2369 est
2804 2355 2823 2386 ‚
2848 2312 3066 2388 aliquid
3103 2314 3467 2390 desiderari,
3500 2317 3643 2371 velut
3707 2327 3708 2330 ’

2066 2402 2127 2458 in
2149 2399 2261 2458 fine
2280 2401 2393 2458 hoc
2420 2402 2511 2458 vel
2530 2400 2803 2475 quiddam
2824 2401 3149 2476 hujusmodi
3180 2401 3239 2476 (·
3258 2399 3341 2476 μὰ
3360 2400 3479 2473 Δί’,
3500 2405 3521 2479 )
3546 2403 3613 2459 ὅδ
3620 2423 3639 2458 ι

2066 2483 2134 2545 δὲ
2172 2484 2283 2545 καὶ
2308 2483 2661 2565 κεραμίου.
2683 2483 2949 2558 Ὄδι,εσ.
2966 2485 3251 2564 Κάνθαρος.
3274 2489 3477 2548 Potest
3497 2493 3641 2548 uthis
3709 2501 3710 2504 ’

2070 2575 2595 2634 offecerint.similia
2620 2594 2788 2631 versu
2820 2595 2874 2648 1,
2904 2576 3005 2632 ubi
3026 2578 3354 2653 scripsimus
3380 2577 3467 2648 δή
3494 2577 3639 2634 ’στιν

2064 2683 2173 2740 pro
2202 2661 2249 2719 δ’
2290 2661 2450 2722 ἐστίν.
2480 2667 2551 2725 V.
2584 2663 2617 2722 3
2644 2659 2721 2740 μὰ
2748 2660 2851 2722 Δία
2891 2683 3001 2740 pro
3048 2660 3112 2734 νὴ
3150 2662 3254 2724 Δία
3288 2667 3639 2734 Mefinekius,

2068 2753 2169 2828 qui
2194 2762 2463 2830 praeterea
2500 2753 2619 2810 haec
2654 2755 2990 2812 annotavit:
3036 2777 3061 2804 ιι
3100 2756 3319 2812 Vereor
3342 2772 3419 2810 ne
3464 2755 3639 2811 Athe-

2068 2861 2219 2898 naeus
2246 2843 2391 2899 male
2424 2841 2763 2900 intellexerit
2790 2852 3023 2916 poetam
3051 2859 3073 2898 e
3100 2838 3357 2919 κάνθαρος
3388 2859 3639 2916 pauper-

2067 2932 2182 2987 cuii
2206 2931 2453 2987 hominis
2466 2929 2633 2987 fuisse
2652 2929 2881 2987 videtur
2906 2930 3255 2989 convicium.
3290 2930 3539 2987 Consors
3554 2948 3639 2985 er-

2066 3022 2215 3077 roris
2248 3017 2579 3095 Hesychius.
2619 3018 2812 3074 Primo
2842 3035 3012 3075 versu
3044 3017 3293 3076 scribam
3334 3014 3547 3085 Πηλεύς
3562 3038 3577 3052 ·
3612 3018 3637 3073 ὁ

2068 3109 2141 3171 Π.
2172 3120 2281 3167 etc.
2305 3108 2481 3165 Ludit
2506 3108 2655 3164 enim
2674 3116 2845 3183 poeta
2858 3146 2877 3179 ,
2899 3106 3127 3183 opinor,
3154 3106 3493 3183 Euripidem
3518 3106 3633 3181 Iph.

2068 3199 2197 3255 Aul.
2225 3214 2331 3268 701
2368 3216 2381 3251 :

2146 3286 2385 3361 Πηλεύς·
2413 3290 2442 3348 ὁ
2472 3284 2683 3359 nume
2710 3286 2759 3347 δ’
2791 3286 2916 3367 ἔσχε
2944 3284 3162 3367 Νηρέως
3184 3286 3373 3367 κόρην.
3400 3314 3425 3337 ¹·

2482 3416 2563 3475 V.
2609 3414 3051 3476 ΚΟΡΙΝΘῙΔΣ
3048 3416 3087 3475 1'
3092 3415 3216 3475 ΗΣ.

2153 3573 2179 3601 οι
2216 3545 2593 3627 Κορινθιαστὴς
2613 3588 2630 3618 ,
2660 3566 2779 3623 quo
2807 3550 3037 3605 nomine
3063 3549 3237 3604 etiam
3262 3548 3521 3605 Polioehi
3543 3546 3629 3601 {a-

2064 3637 2203 3693 bula
2228 3636 2531 3706 ferebatur,
2556 3654 2674 3710 quo
2693 3654 2860 3692 sensu
2882 3634 3313 3710 intelligendum
3332 3637 3433 3707 sit,
3470 3635 3627 3690 docet

2064 3724 2379 3800 Stephanus
2419 3726 2646 3799 Byzant.
2692 3742 2751 3798 p.
2796 3722 2911 3789 468
2958 3723 3125 3779 Berk.
3162 3743 3175 3777 :
3212 3722 3626 3800 Κορινθιοῖζεσθαι

2064 3812 2169 3884 (ita
2194 3813 2369 3867 Mein.
2407 3830 2516 3885 pro
2549 3808 2871 3887 κ-ἄζομαι),
2912 3808 2975 3867 τὸ
3008 3808 3259 3889 ἑταιρεῖν,
3292 3808 3396 3867 ἀπὸ
3436 3810 3538 3866 τῶν
3572 3808 3623 3862 ἐν

2065 3898 2303 3979 Κορίνθῳ
2325 3895 2619 3977 ἑταιρῶν,ἣ
2646 3896 2705 3955 τὸ
2726 3897 3127 3977 μαστροπεύειν.
3154 3898 3349 3959 Schol.
3378 3896 3533 3955 Leid.
3554 3894 3625 3949 ad

2062 3987 2232 4046 Iliad.
2268 4006 2333 4057 2,
2362 3984 2499 4057 572,
2536 3984 2890 4063 Κορινθιιίζειν
2918 4004 2935 4047 t
2970 3984 3029 4042 τὸ
3060 3984 3501 4052 καλλωπίζεσθαι.
3536 3980 3616 4037 cf.

2063 4074 2319 4133 Lobeck.
2350 4074 2634 4149 Aglaoph.
2661 4092 2726 4149 p.
2760 4092 2931 4131 1021.
2962 4096 2987 4127 υ
3018 4073 3069 4129 Ε
3093 4073 3182 4127 M.

2142 4170 2353 4229 Athen.
2404 4170 2500 4247 13,
2530 4188 2592 4245 p.
2633 4167 2783 4243 559,
2808 4172 2881 4228 A.
2908 4167 3039 4228 Φιλ.
3071 4168 3436 4245 Κορινθιαστῇ,

2162 4280 2244 4360 Ως
2278 4280 2555 4371 τακερὸν,
2593 4306 2645 4347 ω
2676 4290 2791 4349 Ζεῦ·
2812 4330 2831 4367 ,
2862 4279 2967 4347 καὶ
2998 4278 3274 4369 μαλακὸν
3320 4278 3389 4343 τὸ
3414 4266 3619 4362 βλέμμ-

3466 4370 3611 4471 ἔχξοῑ

2162 4496 2269 4559 οὐκ
2301 4491 2477 4571 ἐτὸς
2456 4494 2698 4582 ιταίρας
2734 4490 2885 4582 ἱερόν
2914 4493 3045 4557 ἐστι
3078 4498 3423 4579 πανταχοῦ,

2670 4672 3049 4730 ACHILLES.

2066 4762 2297 4818 Peleus?
2325 4761 2522 4817 Peleus
2544 4774 2677 4816 sane
2702 4766 2783 4815 aet
2805 4774 3010 4815 nomen
3035 4756 3187 4833 figuli
3208 4800 3223 4826 ‚

2066 4848 2286 4920 insipidi
2310 4848 2659 4905 lucernarum
2688 4846 3030 4903 fabricatoris
3048 4888 3064 4917 ,
3088 4844 3375 4911 canthari.
3400 4852 3605 4915 pauper·

2064 4933 2159 4992 sed
2190 4950 2305 4991 non
2333 4934 2496 5007 regn,
2520 4949 2617 5005 per
2641 4936 2849 4989 Jovem.
3436 4923 3601 4996 [rimi.

2564 5018 3123 5075 CORINTfflAsTA.

2065 5108 2240 5178 Quam
2260 5112 2507 5162 tenerum
2523 5142 2541 5169 ,
2556 5118 2654 5176 per
2675 5106 2891 5171 Iovem,
2918 5100 3247 5175 mollemque
3262 5092 3601 5235 obtutumblgi:

2068 5296 2178 5337 non
2208 5288 2421 5337 temere
2444 5278 2631 5335 amicae
2654 5276 2925 5350 templum
2946 5274 3151 5347 ubique
3182 5282 3279 5341 est,
