3809 5850
459 427 529 476 10
1465 403 1878 464 coMOEDlAE
1924 401 2257 464 VETERls
2298 403 2706 475 RELIQUIAE.

973 541 1050 600 Π.
1097 536 1512 598 ΒΟΥΚΟΛΟΙ.

1217 687 1265 725 1.

533 806 778 878 Hesych.
817 802 965 878 Πῦρ,
1001 802 1127 878 π’ὗρ,
1182 795 1329 875 ἔγχει
1370 795 1504 875 (sic,
1560 795 1825 865 Casaub.;
1885 794 2019 852 cod.

450 889 832 970 πυρπερὲγχει)
868 910 881 945 :
926 889 1060 966 Rp„
1107 885 1212 942 ἀπὸ
1257 881 1580 961 διθυράμὸου
1633 885 1688 940 ἐν
1741 881 2023 948 Βουκόλοις

452 977 738 1055 ἀρξάμενος
765 972 942 1045 ἐπειδὴ
973 971 1128 1052 χορὸν
1156 972 1251 1029 οὔκ
1277 969 1437 1028 aa&
1459 968 1608 1049 παρὰ
1636 973 1724 1025 τοῦ
1753 967 2018 1045 ἄρχοντος.

455 1064 594 1123 ἔστιν
615 1055 672 1122 οὗ
686 1062 871 1140 ἠτήρει
893 1061 1154 1142 (Casaub.
1175 1056 1301 1137 παρ’
1318 1048 1375 1116 οὗ
1395 1055 1582 1135 ᾐτήκει
1597 1060 1636 1132 ).
1658 1057 1776 1132 Πῦρ
1799 1058 2021 1132 tropice

453 1156 604 1211 Crat.
637 1153 945 1230 appellavit
965 1152 1164 1206 vinum
1187 1191 1204 1218 ,
1235 1145 1724 1221 quemadmodum
1751 1145 1905 1218 ignes
1929 1144 2022 1199 di-

453 1253 662 1298 cuntur
684 1257 937 1310 amoreS‚
971 1249 1108 1305 etc.;
1135 1236 1211 1293 cf.
1237 1235 1381 1292 Gen.
1423 1253 1515 1304 17,
1541 1233 1592 1290 8.
1631 1257 1654 1282 α
1687 1231 2020 1306 Dithyram-

450 1331 592 1386 bum
626 1329 767 1386 illud
808 1344 1037 1384 carmen
1076 1323 1306 1379 vocavit
1341 1319 1694 1395 Hesychius»,
1743 1321 2020 1391 quoniam

452 1429 509 1473 et
539 1419 942 1474 sententiarum
967 1413 1189 1469 fervore
1215 1410 1484 1478 ardebat,
1514 1420 1572 1465 et
1596 1410 1848 1464 numeris
1881 1405 2019 1462 fere-

451 1507 624 1561 batur
687 1501 1154 1560 concitatissimis.
1218 1499 1312 1555 Ad
1375 1496 1622 1556 eundem
1686 1497 2019 1552 archontem

451 1595 623 1649 etiam
663 1610 902 1666 sequens
929 1589 1003 1648 fr.
1050 1599 1308 1664 spectare
1335 1585 1458 1658 jam
1503 1585 1872 1641 Casaubonus
1916 1601 2021 1638 an-

449 1681 686 1737 notavit.
723 1705 748 1730 ²>
779 1681 964 1737 Mein.

1207 1803 1262 1842 2.

531 1919 738 1974 Athen.
778 1922 872 1986 14,
911 1933 971 1988 p.
1017 1910 1151 1981 638,
1181 1913 1268 1980 D,
1295 1909 1398 1965 ubi
1422 1911 1540 1985 agit
1576 1910 1648 1965 de
1686 1910 1975 1985 Gnesippo
1998 1953 2015 1980 ‚

449 2007 593 2077 filio,
629 2017 694 2061 ut
727 2003 1034 2076 conjicias,
1063 2000 1390 2058 Cleomachi
1423 2019 1438 2054 ι
1473 1996 1705 2055 σκώπτει
1749 1997 1803 2056 δὲ
1834 1998 2019 2072 αὐτὸν,

451 2096 660 2169 inquit,
687 2093 756 2158 εἰς
769 2089 836 2149 τὰ
865 2089 1137 2165 ποιήματα
1165 2086 1255 2143 καὶ
1281 2088 1332 2142 ἐν
1364 2084 1661 2151 Βουκόλοις·

549 2216 634 2305 ὃς
683 2225 944 2322 (archon
972 2221 1116 2316 ille)
1151 2227 1262 2289 οὐκ
1309 2214 1488 2288 ἔδωκ’
1529 2221 1802 2286 αἰτοῦντι
1837 2234 2021 2311 Σοφο·

1616 2329 1780 2393 κλέει
1812 2329 2018 2419 χορὸν,

548 2451 640 2526 τῷ
672 2436 1043 2529 Κλεομάχου
1075 2427 1156 2518 δ’,
1191 2432 1256 2500 ὃν
1292 2439 1400 2501 οὐκ
1426 2431 1497 2500 ἂν
1530 2431 1737 2515 ἠξίουν
1774 2435 1893 2524 ἐγὼ

549 2547 690 2637 ἐμοὶ
715 2537 1034 2610 διδάσκειν
1065 2532 1200 2606 οὐδ’
1233 2535 1302 2605 ἃν
1325 2542 1414 2617 εἰς
1445 2531 1710 2605 movim.

451 2692 612 2750 Libri
642 2691 930 2768 Σοφοκλεῖ,
972 2688 1082 2743 nisi
1128 2688 1215 2744 Cr.
1266 2687 1410 2743 dixit
1449 2686 1766 2760 emphatice
1807 2685 1880 2762 τῷ
1915 2685 2019 2742 Σο-

451 2779 662 2858 φοκλεῖ,
686 2779 918 2834 nomine
951 2777 1184 2832 illustris
1219 2775 1454 2850 Tragici
1481 2776 1540 2828 in
1571 2773 1705 2830 sede
1733 2773 2020 2848 praecipua

450 2887 644 2924 versus
659 2867 964 2935 collocato,
985 2875 1051 2919 ut
1073 2865 1352 2918 Homerus
1373 2859 1460 2918 τὸν
1480 2857 1696 2938 Χρύσην
1722 2861 1792 2918 Il.
1813 2867 1885 2932 A,
1922 2881 1945 2916 1
1964 2881 1984 2916 ι
1998 2904 2017 2937 ‚

449 2958 624 3014 ubiv.
641 2975 774 3011 ann.
796 2959 863 3013 V.
879 2973 911 3009 α
936 2955 1012 3031 τῷ
1027 2950 1346 3028 Κλεομάχου
1369 2970 1478 3026 pro
1495 2951 1736 3024 vulgatis
1754 2951 1830 3027 τῷ
1844 2950 2017 3008 Κλεο-

453 3040 614 3121 μάχῳ
642 3044 920 3100 Dobraeus
948 3040 1022 3095 ad
1059 3040 1349 3112 Aristoph.
1381 3041 1528 3093 Ran.
1565 3036 1740 3109 1337.
1785 3062 1809 3087 «
1853 3039 2019 3095 Cleo.

450 3133 686 3187 machus
721 3132 816 3185 ille
845 3130 1008 3183 initio
1035 3126 1198 3202 pugil
1225 3127 1429 3183 fuerat.
1453 3126 1656 3181 Tricha
1697 3128 1784 3181 De
1821 3128 2019 3183 metris

447 3241 508 3295 p.
535 3221 604 3287 34
633 3242 648 3275 :
678 3218 880 3287 πύκτης
899 3214 992 3292 μὲν
1013 3215 1282 3294 πρότερον,
1307 3211 1378 3279 ὥς
1406 3235 1586 3291 φασιν,
1613 3204 1676 3284 ἦν
1706 3211 2017 3294 (Cleom.)‚

449 3305 683 3384 ἐρασθεὶς
719 3303 776 3363 δέ
819 3326 956 3369 τινος
988 3300 1108 3361 νέου
1149 3300 1244 3371 τὴν
1273 3298 1552 3372 ποιητικὴν
1604 3300 2015 3379 μετεχειρίσατο.

449 3396 535 3455 Cf.
570 3396 757 3455 Strab.
797 3400 888 3463 ι4,
936 3414 999 3469 p.
1034 3392 1182 3463 648,
1229 3411 1345 3464 quo
1378 3410 1447 3447 ex
1490 3392 1622 3447 loco
1667 3392 2017 3467 intelligitur,

446 3485 738 3541 hominem
782 3484 970 3558 patria
1013 3482 1182 3537 fuisse
1222 3482 1543 3555 Magnetem
1570 3521 1587 3550 ,
1632 3484 2019 3556 composuisse

447 3585 638 3629 autem
665 3570 945 3645 ejusmodi
980 3580 1272 3645 poemata,
1301 3570 1494 3641 qualia
1532 3569 1937 3624 describuntur
1986 3588 2019 3625 a

447 3663 678 3717 Cratino
707 3663 770 3714 in
801 3660 992 3715 Horis.
1029 3686 1110 3701 —-
1151 3656 1378 3712 Adonia
1419 3655 1622 3711 festum
1662 3658 1854 3711 minus
1882 3658 2020 3712 cele·

445 3749 550 3803 bre
583 3749 682 3823 (de
706 3765 824 3819 quo
856 3746 930 3800 ad
956 3743 1244 3817 Aristoph.
1273 3741 1408 3801 Pac.
1436 3742 1608 3817 420).
1641 3768 1665 3793 ι»
1699 3746 1749 3799 Ε
1770 3746 1949 3801 Mein.

1204 3854 1261 3911 3.

527 3968 745 4025 Anecd.
778 3966 1022 4023 Bekkeri
1046 3984 1106 4039 p.
1153 3970 1296 4038 429,
1353 3963 1452 4033 23,
1493 3973 1552 4019 et
1583 3965 1786 4021 Suidas
1812 3981 1827 4023 ε
1853 3964 2017 4023 Ἀπο-

445 4053 674 4113 κτίννυσι
701 4050 912 4131 λέγουσι
940 4054 1143 4127 μᾶλλον
1171 4048 1204 4121 ἢ
1235 4049 1582 4111 ἀποκτιννύει.
1613 4052 1714 4131 Κρ.
1739 4054 2018 4121 Βουκόλοις

1058 4262 1399 4319 BUBULCI.

444 4442 674 4510 Ignem,
705 4437 889 4509 ignem
931 4355 1252 4491 infandal-

443 4614 548 4686 Qui
573 4628 688 4669 non
711 4611 866 4668 dedit
890 4611 1136 4684 poscenti
1156 4528 1411 4682 Sgphocli
1433 4610 1661 4668 chorum
1685 4654 1703 4682 ,

442 4699 753 4759 Cleomachi
775 4706 958 4757 autem
995 4699 1114 4756 filio
1149 4698 1332 4765 dedit,
1365 4714 1530 4772 quem
1559 4716 1664 4771 ego
1690 4715 1804 4756 non
1848 4716 1921 4758 ne
1955 4702 2015 4757 in

507 4838 520 4847 .
1481 4788 1496 4858 Ι
1515 4786 1748 4844 Adoniis
1765 4788 2011 4860 quidem,

442 4876 532 4934 cui
553 4874 798 4933 fabulam
822 4873 1126 4933 doeendam
1145 4874 1574 4946 committerem,
1597 4875 1824 4948 dignum
1849 4874 2015 4933 habe·

1199 5056 1250 5106 3.
1837 4968 2009 5033 [rem.

443 5140 510 5195 Et
531 5138 730 5195 eoelum
753 5138 1083 5211 impugnans

2213 537 2338 602 Καὶ
2368 538 2513 628 πρὸς
2565 539 2669 602 τὸν
2712 539 2953 629 οὐρανὸν
2996 552 3359 633 σκιαμαχῶν
3394 544 3551 608 ἀπο-

2214 642 2484 708 κτίννυσι
2519 650 2655 718 ταῖς
2686 643 2989 720 ἀπειλαῖς.

2860 787 2919 846 li.

2194 887 2382 945 Schol.
2406 888 2477 944 ad
2488 889 2632 944 Plat.
2654 889 2848 958 Laeli„
2873 890 3215 948 ed.Bekker.
3250 912 3310 966 p.
3331 892 3446 948 322
3483 912 3500 950 :
3530 896 3581 950 ἐν
3608 899 3675 971 τῷ

2118 973 2257 1051 Καρὶ
2285 975 2406 1048 ὗμῖν
2434 977 2462 1031 ὁ
2490 974 2751 1052 κίνδυνος]
2788 975 2877 1034 ἐπὶ
2903 980 3006 1034 τῶν
3036 977 3481 1056 ἐπισφαλέστερον
3510 981 3599 1037 καὶ
3628 983 3676 1036 ἐν

2114 1059 2399 1138 ἀλλοτρίοις
2432 1061 2919 1122 κινδυνευόντων....
2946 1061 3036 1120 καὶ
3066 1066 3169 1142 Κρ.
3202 1067 3363 1123 Βουκ.
3408 1093 3435 1116 ι
3460 1068 3517 1123 ἐν
3546 1069 3679 1145 Καρὶ

2112 1144 2201 1204 τὸν
2225 1145 2457 1204 κίνδυνον
2486 1148 2540 1206 ἓν
2564 1147 2681 1223 ἐμοὶ
2704 1145 2768 1218 δὴ
2798 1149 2940 1206 δοκεῖ
2964 1148 3159 1228 πρώτῳ
3180 1157 3481 1228 πειρᾶσθαι.
3513 1181 3539 1205 ι
3570 1159 3681 1212 Ma-

2114 1234 2317 1292 nifesto
2358 1248 2648 1311 corrupta.
2690 1238 2947 1294 Scribam
2966 1280 2983 1308 ,
3024 1241 3199 1296 altera
3246 1260 3520 1316 persona,
3576 1263 3681 1318 qna

2116 1342 2263 1398 opus
2284 1335 2399 1400 est,
2428 1325 2693 1396 immissa,

2212 1481 2271 1520 α.
2314 1450 2394 1522 ΪΞν
2448 1455 2603 1550 Καρὶ
2630 1459 2737 1524 τὸν
2779 1450 3079 1524 κίνδυνον.
3124 1461 3184 1544 β.
3220 1454 3300 1525 ΙΞΣν
3332 1461 3471 1552 ἐμοὶ
3512 1454 3597 1540 δ’,
3632 1463 3680 1528 εἰ

3472 1559 3681 1652 δοκεῖ,
3787 1605 3788 1660 3

2212 1668 2491 1760 πειρᾶσθε
2520 1670 2765 1760 πρώτῳ.

2113 1802 2181 1862 Εἰ
2202 1802 2360 1875 δοκεῖ,
2385 1817 2448 1861 ιιι
2470 1807 2765 1880 Aristoph.
2788 1807 2943 1865 Nuh.
2978 1826 3066 1864 ιο.
3094 1809 3271 1863 —De
3288 1809 3603 1880 proverbio
3631 1811 3679 1866 ἐν
3787 1803 3788 1830 ³

2116 1888 2259 1968 Καρὶ
2312 1889 2401 1948 τὸν
2441 1890 2703 1962 κίνδυνον,
2750 1893 2910 1967 quod
2966 1895 3025 1948 in
3074 1894 3143 1948 iis
3192 1904 3541 1966 usurpatur,
3585 1899 3679 1968 qui

2113 1979 2376 2034 mercede
2439 1979 2711 2035 conducti
2760 1982 3019 2053 pericula
3066 1999 3179 2054 pro
3248 1982 3372 2037 aliis
3434 1982 3677 2052 adeunt,

2113 2084 2167 2119 v.
2212 2067 2530 2208 Sghweigh.
2568 2068 2643 2124 ad
2678 2069 2853 2124 verba
2880 2069 2934 2124 ἐν
2964 2067 3105 2146 Καρὶ
3132 2063 3228 2138 τὴν
3253 2075 3441 2146 πεῖραν
3482 2073 3679 2146 Polyb.

2122 2171 2214 2222 10,
2284 2171 2339 2224 2,
2375 2173 2399 2208 1
2415 2173 2462 2208 1.

2872 2273 2927 2332 5.

2194 2392 2611 2449 Grammaticus
2640 2394 2881 2449 Bekkeri
2904 2395 3121 2452 Anecd.
3155 2415 3217 2470 p.
3252 2393 3388 2469 395,
3424 2395 3677 2466 27,”Av-

2116 2480 2314 2559 δρακάς
2362 2502 2375 2537 :
2425 2481 2483 2538 τὸ
2524 2480 2643 2539 κατ’
2684 2481 2875 2561 ἄνδρα,
2914 2481 3077 2562 χωρίς
3114 2485 3223 2558 (ita
3266 2485 3503 2556 Suidas;
3548 2488 3677 2543 libri

2113 2566 2252 2626 κατὰ
2286 2566 2449 2648 ἄνδρα
2484 2567 2759 2648 χωρῆσαι)
2789 2571 2817 2626 ὁ
2842 2567 2945 2649 Κρ.
2977 2571 3029 2626 ἐν
3054 2571 3217 2628 Βουκ.

2866 2691 2923 2751 6.

2196 2800 2353 2859 Idem
2378 2821 2437 2876 p.
2470 2799 2609 2877 395,
2658 2821 2729 2873 27
2759 2823 2773 2857 t
2798 2799 3030 2859 Ἀνεσίαν
3070 2799 3163 2874 τὴν
3208 2802 3417 2875 ἄνεσιν,
3456 2804 3549 2862 καὶ
3588 2804 3679 2875 τὴν

2114 2893 2311 2955 ἄδειαν.
2344 2897 2561 2954 Eadem
2582 2899 2781 2955 Suidas
2802 2899 2861 2959 h.
2888 2919 2940 2959 v.

2624 3046 2735 3101 111.
2780 3046 3083 3105 ΒΟΥΣΙΡΙ
3092 3046 3159 3105 Σ.

2191 3181 2394 3236 Pollux
2448 3201 2535 3255 10,
2564 3182 2665 3253 81,
2708 3204 2919 3241 nomen
2962 3182 3123 3261 μαγις
3163 3188 3403 3261 proprie
3450 3188 3570 3243 dici
3608 3190 3687 3244 ait
3787 3152 3788 3213 Ξ

2111 3263 2201 3324 ἐπὶ
2225 3268 2317 3336 τῆς
2348 3266 2588 3349 μάκτρας
2611 3269 2647 3340 ἢ
2690 3270 2778 3329 ἐπὶ
2804 3274 2898 3343 τῆς
2924 3271 2991 3329 τὰ
3031 3270 3149 3351 ἱερὰ
3172 3274 3357 3330 δεῖπνα
3392 3272 3430 3343 ἢ
3459 3272 3529 3332 τὰ
3558 3276 3685 3354 πρὸς

2112 3350 2291 3411 θυσίαν
2321 3356 2575 3435 φερούσης
2602 3360 2667 3436 (i.
2695 3380 2747 3419 e.
2771 3366 2905 3431 vas,
2936 3364 2998 3416 in
3021 3381 3137 3435 quo
3171 3363 3365 3420 farinae
3400 3365 3685 3439 subigun-
3787 3342 3788 3437 l

2113 3454 2240 3513 ων,
2272 3446 2522 3519 itemque
2568 3448 2823 3523 magides
2860 3450 3219 3523 appellantur
3252 3470 3461 3507 mensae
3498 3454 3687 3527 tripo-
3787 3438 3788 3499 Ῐ

2112 3531 2281 3587 dibus
2310 3535 2528 3608 imponi
2564 3535 2745 3591 solitae
2764 3581 2780 3607 ,
2819 3538 3135 3593 secundum
3170 3538 3467 3594 Pollucem
3494 3558 3555 3611 7,
3586 3550 3683 3613 47,

2112 3630 2170 3674 et
2214 3639 2306 3689 ιο,
2336 3621 2404 3676 8ι
2426 3624 2464 3697 ),
2493 3634 2558 3678 ιιι
2587 3625 2744 3697 apud
2784 3624 3130 3700 Sophoclem
3172 3624 3441 3704 (Chryse)
3474 3647 3489 3682 ι
3536 3652 3563 3679 α
3594 3628 3685 3694 τὰς

2112 3703 2403 3774 Ἑκαταίας
2425 3708 2649 3785 μαγίδας
2678 3709 2907 3791 δόρπων·
2937 3737 2961 3764 ιι
2986 3714 3195 3769 deinde
3218 3714 3323 3790 Κρ.
3348 3710 3441 3786 δὲ,
3470 3717 3683 3791 inquit,

2112 3796 2165 3851 ἐν
2194 3794 2458 3873 Βουσίριδι
2481 3796 2684 3879 εἴρηκεν

2209 3918 2261 3989 ὁ
2300 3928 2437 4008 βοῦς
2468 3930 2717 4011 ἐκεῖνος,
2746 3933 2825 4019 χή
2860 3928 3040 4021 μαγὶς
3058 3978 3079 4012 ,
3108 3929 3213 3994 καὶ
3236 3925 3541 4019 τᾶλφιτα.

2109 4060 2552 4119 Describebatur
2573 4064 2653 4119 ibi
2684 4076 2990 4139 apparatus
3012 4064 3292 4123 sacrificii.

2164 4192 2221 4199 -—

2458 4195 2650 4203 ——--—.—..
2662 4198 2690 4203 -
2702 4198 2713 4203 -
2726 4198 2887 4205 -—----=

2098 4258 2321 4333 jugulat
2344 4262 2611 4317 minaciiS.

2858 4368 2912 4419 4.

2104 4470 2153 4511 a.
2186 4458 2247 4511 ln
2272 4458 2405 4513 Care
2426 4458 2749 4529 periculum.
2778 4460 2833 4515 b.
2864 4464 2923 4517 In
2950 4476 3059 4529 me,
3084 4461 3129 4516 si
3157 4460 3329 4533 placet
3348 4502 3363 4528 ‚

2106 4544 2279 4615 primo
2302 4546 2635 4617 experimini.

2859 4648 2913 4698 5.

2104 4736 2347 4791 viritim.

2864 4838 2918 4888 6.

2104 4930 2529 4987 Remissionem.

2730 5036 3036 5092 BUslms.

2106 5142 2213 5195 Bos
2237 5138 2329 5195 ille
2350 5178 2365 5206 ‚
2389 5146 2443 5195 et
2464 5152 2591 5195 arca
2620 5141 2837 5211 panaria
2856 5183 2871 5209 ‚
2898 5151 2953 5198 et
2978 5140 3171 5197 farina.
