3809 5850
1703 456 1976 517 PLATo.

1034 580 1087 621 ’Υ

3328 470 3444 521 2¹2⁹

329 619 385 658 α.
423 586 573 679 Πρὸς
600 581 903 654 >cdx-rafim.
936 611 1049 653 παι
1057 612 1200 668 ειν,
1231 589 1342 664 ἕως
1379 583 1453 652 ἂν
1485 596 1647 679 σφῷν
1676 591 1795 681 ἐγὼ
1865 583 2030 645 dosa
2055 596 2200 664 pisto
2242 590 2414 646 verba
2444 592 2536 659 τῆς
2560 587 2729 665 Ἰσθμ.
2715 630 2756 664 .,
2786 595 2844 648 et
2876 592 3066 648 malim
3096 590 3285 666 μείζων
3314 589 3457 668 ἀγών

321 699 394 764 τὸ
431 690 676 761 δειπνον
726 686 901 758 ἔνδον
939 692 1243 776 σκευάσω,
1280 692 1436 758 πάνυ
1477 695 1792 785 βούλομαι.

326 809 387 889 β.
422 796 572 868 Ᾱλλ’
604 798 648 893 ἦ
671 799 853 891 νόμος
879 788 1010 864 ἔστ’
1016 851 1032 866 .
1062 823 1123 866 α.
1149 792 1297 866 Ᾰλλ’
1329 800 1414 875 εἰς
1435 800 1628 865 θυείαν
1657 826 1797 866 παι-

320 1016 484 1107 Φέρε
518 1014 633 1086 τὴν
665 1002 890 1075 θυείανὶ
926 1004 1044 1103 αἶρ’
1076 1000 1272 1097 &impl
1313 1014 1577 1103 ποτήρια
1597 906 1794 977 “⁶0³1-

237 1118 272 1191 5
331 1108 657 1213 παράθετεὶ
701 1118 760 1199 β.
791 1108 960 1180 nai?
927 1140 1122 1206 ,ωμεν
1151 1104 1222 1180 δὲ
1249 1113 1386 1208 περὶ
1411 1115 1797 1208 φιλημάτων·

322 1232 445 1300 aus
421 1227 838 1325 Φιλημάτων
897 1228 1092 1297 ποίων
1112 1224 1180 1321 ;)
1233 1228 1488 1322 ἀγεννῶς
1549 1234 1658 1297 οὐκ
1697 1232 1773 1296 ἐῶ

321 1333 581 1417 παίζειν.
609 1336 870 1429 Τίθεμαι
907 1334 1014 1427 μὶν
1046 1328 1378 1401 κοτταῦεῒα
1409 1342 1565 1427 σφῷν
1610 1338 1730 1429 ἐγὼ

319 1436 516 1513 τασδί
530 1468 604 1535 γε
628 1439 743 1520 τὰς
777 1432 1172 1535 κρηπῖδας,
1139 1466 1212 1517 ας
1246 1444 1397 1515 αὐτὴ
1431 1448 1622 1541 φορεῖ,

318 1546 492 1616 *καὶ
519 1549 625 1616 τὸν
643 1547 895 1613 κότυλον
924 1546 1029 1613 τὸν
1051 1546 1170 1613 σόν.
1207 1549 1264 1631 β.
1282 1539 1574 1629 uagante,
1599 1545 1802 1613 οὑτοσὶ

233 1680 318 1726 10
347 1650 573 1751 μείζων
607 1646 830 1746 ἀγῶν’ι
861 1662 971 1729 τῆς
1017 1645 1338 1743 ἰσθμιάδος
1371 1653 1726 1745 ἐπέρχεταιῑ

225 1805 404 1883 Apud
443 1804 581 1863 Ath.
625 1800 962 1877 ponendum
1011 1818 1130 1857 esse
1174 1800 1232 1857 οἱ
1275 1800 1804 1878 δυστυχοῦντες,

224 1898 586 1960 aberrantes,
614 1889 965 1964 jampridem
1005 1889 1226 1947 ostendi
1264 1891 1326 1945 in
1351 1890 1628 1946 Noctibus
1649 1890 1806 1946 Nau-

223 1984 471 2042 craticis.
503 1980 642 2037 Illos
675 1978 821 2036 dicit
847 1974 940 2035 καὶ
988 1977 1094 2033 τῶν
1132 1974 1423 2055 σκευαρίων
1451 1976 1522 2055 (i.
1554 1996 1603 2037 e.
1641 1998 1803 2047 ποτη-

225 2070 388 2150 pinon)
421 2066 724 2136 ἐξίστασθαι
743 2110 760 2139 ,
789 2072 925 2143 Ipsis
943 2068 1184 2123 vasculis
1207 2066 1511 2133 excidisse,
1542 2066 1604 2122 h.
1637 2084 1691 2125 e.
1717 2066 1806 2122 vel

223 2160 436 2218 ablatis
457 2157 687 2234 poculis
718 2156 952 2232 punitos
993 2172 1142 2226 esse3
1169 2155 1331 2230 quod
1368 2156 1476 2230 ipsi
1512 2155 1644 2211 Jovi
1671 2173 1806 2212 eve·

222 2252 368 2307 nisse
389 2246 627 2304 videtur
656 2244 932 2313 ridicule,
970 2254 1036 2299 ut
1061 2244 1124 2311 in
1151 2242 1438 2300 comoedia
1464 2241 1569 2319 (cf.
1595 2243 1670 2303 fr.
1709 2244 1804 2322 3),

223 2346 658 2411 proptereaque
679 2331 880 2389 drama
901 2330 1238 2406 inscriptum
1258 2349 1378 2388 esse
1402 2329 1508 2389 Δία
1539 2328 1808 2407 κακούμε-

223 2446 334 2483 νον.
355 2426 550 2501 Ipsius
572 2422 724 2480 enim
747 2420 844 2477 dei
859 2431 1046 2497 partes
1061 2423 1124 2475 in
1144 2439 1214 2476 eo
1233 2420 1400 2478 fuisse
1420 2422 1568 2477 sicut
1589 2422 1809 2478 Hercu·

223 2514 326 2584 lis,
351 2520 800 2570 consentaneum
833 2518 938 2579 est,
968 2519 1027 2564 et
1051 2508 1302 2584 Neptuni
1330 2527 1564 2584 quoque
1591 2510 1806 2565 oratio-

223 2620 360 2657 nem
407 2614 720 2675 agnoscere
757 2596 899 2651 mihi
941 2597 1094 2651 visus
1131 2614 1258 2651 sum
1297 2594 1370 2652 fr.
1422 2616 1475 2667 7.
1525 2592 1806 2652 Praeterea

225 2690 536 2746 dominum
557 2687 872 2761 (lenonem,
889 2695 957 2740 ut
970 2683 1116 2740 vidit
1130 2685 1380 2742 Cobetus
1399 2685 1562 2744 Obss.
1585 2704 1646 2759 p.
1671 2684 1806 2761 98),

225 2777 350 2848 ejus
369 2792 620 2832 uxorem
635 2816 654 2845 ,
685 2792 812 2847 quae
847 2770 1196 2847 significatur
1217 2790 1384 2829 versu
1408 2771 1470 2843 8,
1509 2784 1566 2829 et
1586 2790 1811 2828 servum

226 2863 479 2921 adfuisse
511 2871 744 2938 oportet
765 2862 824 2915 in
857 2878 1042 2915 scena.
1078 2862 1256 2916 Versu
1286 2877 1321 2915 α
1349 2860 1484 2915 libri
1506 2856 1568 2915 τὸ
1605 2858 1808 2917 δεῖπνον

225 2949 286 3008 ὃν
313 2947 618 3010 ἕσκευάσω.
651 2950 1033 3006 correxerunt
1057 2949 1283 3004 Jacobs,
1314 2960 1372 3004 et
1397 2948 1664 3008 Dindorf.
1689 2952 1812 3005 Do-

226 3041 419 3096 braeus
451 3035 550 3095 ἰὼν
573 3034 636 3093 τὸ
656 3035 706 3096 δ.
744 3057 833 3092 cx.
867 3038 932 3094 V.
955 3035 990 3092 3
1011 3037 1143 3091 libri
1180 3035 1298 3092 ἀλλ’
1330 3033 1519 3110 ἄνεμος
1545 3033 1812 3100 ἕστάλλεις

227 3131 321 3185 vel
349 3123 612 3190 ἕστάλεις.
646 3126 1006 3181 Hei-mannus
1029 3124 1362 3181 obscuriore
1379 3125 1652 3181 sententia
1676 3121 1811 3183 Ἀλλ’

228 3213 266 3271 ἃ
303 3213 466 3291 νόμος
489 3211 630 3290 ἔστ’,
660 3231 766 3270 uec
810 3224 968 3270 recte
1003 3214 1229 3269 servulo
1270 3214 1600 3270 tribuuntur
1637 3214 1812 3270 verba

226 3301 424 3382 φέρε.
435 3347 478 3362 ..
535 3297 826 3379 παράθετε,
856 3319 982 3375 quae
1023 3300 1246 3356 domini
1286 3311 1370 3357 est
1414 3304 1618 3358 oratio.
1670 3303 1738 3357 V.
1775 3303 1812 3358 6

226 3393 496 3448 lacunam
531 3389 762 3464 explens
785 3388 972 3445 Dobr.
1004 3386 1182 3446 Ποίων
1224 3387 1568 3466 φιλημάτων;
1595 3389 1814 3464 proba-

223 3481 426 3556 bilius,
461 3479 524 3534 ni
555 3476 754 3549 fallor,
775 3495 882 3534 nos
907 3477 1038 3535 Φιλ.
1059 3473 1332 3546 ποίωην
1335 3519 1352 3534 .
1391 3497 1421 3548 7
1448 3477 1581 3533 libri
1605 3473 1814 3552 τίθεμαι

225 3586 396 3638 κοτε,
427 3565 628 3622 hiante
663 3581 849 3623 veisu.
879 3562 1128 3624 Cobetus
1159 3559 1360 3638 τίθημι.
1399 3565 1627 3625 Jacobs.
1662 3566 1815 3641 apud

225 3653 566 3730 Schweigh.
586 3655 690 3712 τιθ.
715 3648 770 3708 δὲ
796 3671 964 3722 nort„
995 3651 1098 3708 sed
1114 3653 1472 3709 verisimilius
1500 3663 1604 3724 est,
1634 3675 1816 3728 -μαι

228 3743 512 3815 syllabam
549 3737 804 3796 offecisse
834 3740 1004 3795 simili
1034 3761 1207 3814 -με,
1229 3741 1413 3814 ‘quod
1451 3742 1815 3816 sequebatur.

231 3830 592 3888 Particulm
626 3825 721 3904 μὲν
744 3829 916 3884 etiam
941 3847 1062 3884 non
1097 3840 1368 3904 sequente
1406 3830 1514 3885 alia
1556 3833 1818 3906 opposita

229 3919 504 3993 usurpari
552 3917 762 3973 docent
806 3918 1178 3993 grammatici.
1217 3919 1285 3976 V.
1322 3937 1360 3993 9
1399 3935 1472 3973 ne
1524 3936 1638 3974 vox
1692 3939 1813 3996 gra-

229 4006 462 4062 vissima
497 4001 718 4062 κότυλον
772 4004 916 4060 thesi
957 4004 1315 4073 obscuretur,
1369 4005 1692 4080 scripserim
1729 4003 1819 4062 καὶ

227 4091 380 4152 τόνδε
431 4089 526 4151 σὸν
576 4089 792 4150 κότυλον
833 4090 1122 4168 (Herculis
1163 4087 1450 4168 ⁸poculum
1498 4093 1816 4171 capacius).

231 4183 362 4239 Huc
390 4180 712 4256 respexerit
747 4181 955 4239 Athen.
991 4200 1085 4253 u,
1107 4199 1170 4256 p.
1206 4179 1343 4251 478,
1377 4181 1462 4235 E:
1491 4177 1584 4236 καὶ
1629 4181 1734 4238 Πλ.
1766 4180 1820 4237 ἕν
1861 4247 1868 4258 ⁶

229 4268 320 4328 Διὶ
375 4291 506 4328 mx.
551 4267 664 4326 τὸν
699 4265 991 4326 κότυλον
1035 4265 1399 4346 φέρειφησί.
1445 4271 1515 4326 V.
1560 4286 1630 4324 ιο
1658 4287 1816 4325 men·

528 4496 886 4568 JUPPJTER,
913 4495 1120 4552 MALE
1155 4495 1492 4553 HABITUS.

238 4793 290 4837 a.
307 4777 550 4838 cottam
580 4777 768 4836 ludere
783 4819 802 4848 ,
830 4777 1006 4836 donee
1033 4777 1188 4835 vobis

239 4881 335 4939 ego
355 4878 582 4923 coeuam
601 4877 934 4938 apparavero
956 4864 1135 4934 intus,
1163 4863 1318 4922 valde
1349 4863 1492 4921 volo.

239 4949 288 5006 b.
313 4957 390 5009 At
405 4965 518 5024 qua
536 4966 656 5008 mos
683 4958 788 5008 est.
819 4967 870 5006 a.
902 4953 975 5007 At
997 4949 1053 5006 iu
1074 4949 1396 5007 mortarium
1415 4948 1742 5009 ludendum.

239 5037 396 5096 Afra
413 5039 772 5096 mortarium!
801 5037 956 5096 hauri
973 5054 1172 5113 aquam
1191 5043 1206 5094 ἓ
1235 5037 1428 5112 pocula

239 5125 528 5198 apponite!
557 5123 618 5182 b.
639 5124 1036 5198 Ludamuuque
1055 5125 1113 5182 iu
1125 5126 1334 5184 oscula.

1887 700 1965 743 τις
2009 675 2311 753 Ἰσθμιακοῦ
2352 674 2399 755 γ’
2443 678 2559 749 ἔτι,
2614 679 2675 735 in
2710 678 2919 752 quibus
2968 677 3265 754 Ἰσθμιακὸς
3315 678 3457 759 ἁγὼν

1889 766 2157 843 ambigue
2179 766 2411 837 dicitur,
2437 769 2597 841 quasi
2615 777 2673 823 ct
2693 777 2984 842 angustus,
3016 766 3111 824 cui
3139 766 3327 841 μείζων
3350 788 3467 844 op-

1891 857 2145 929 ponitur.
2180 855 2465 913 Facetiam
2505 855 2748 911 illustrat
2778 857 2963 917 schol.
2994 858 3287 934 Aristoph.
3318 858 3454 919 Pac.

1893 942 2008 1012 814
2038 964 2052 999 ε
2082 962 2243 1015 nam,
2272 944 2432 1019 quod
2458 943 2695 1002 Cas-ub.
2722 946 3014 1020 cogitabat
3036 940 3331 1021 Ἰσθμιάδος
3357 945 3461 1002 πί-

1890 1051 2029 1101 τυος,
2050 1050 2285 1107 prorsus
2304 1033 2553 1089 alienum
2562 1042 2663 1104 est,
2681 1050 3003 1108 parumque
3018 1034 3225 1089 usitata
3250 1034 3461 1108 ellipsis

1890 1120 2312 1177 vocabulorum
2340 1122 2519 1197 ἑορτῆς
2556 1122 2649 1177 vel
2682 1118 2847 1193 νίκης,
2881 1138 3009 1195 quae
3036 1121 3213 1181 Mein.
3246 1122 3460 1178 intelli-

1893 1207 2083 1282 gebat.

2652 1320 2705 1379 3.

1974 1447 2135 1503 Idem
2172 1445 2241 1503 15
2260 1485 2279 1517 ,
2308 1464 2373 1522 p.
2403 1446 2540 1519 667,
2570 1447 2615 1503 B
2638 1462 2657 1507 2
2685 1446 3011 1523 ἀγκυλοῦντα
3034 1444 3137 1524 γὰρ
3164 1446 3240 1503 δεῖ
3263 1444 3462 1527 σφόδρα

1893 1531 1990 1603 τὴν
2011 1540 2165 1613 χεῖρα
2184 1531 2449 1611 εὐρύθμως
2470 1531 2698 1607 πέμπειν
2718 1532 2806 1593 τὸν
2820 1530 3101 1609 κότταὸον,
3124 1534 3197 1599 ὣς
3216 1532 3466 1611 Δικαίαρ-

1893 1620 1987 1701 χός
2024 1642 2174 1700 φησι,
2206 1620 2299 1679 καὶ
2326 1621 2439 1681 Πλ.
2470 1618 2527 1679 δὲ
2563 1622 2618 1679 ἕν
2654 1622 2730 1701 τῷ
2756 1624 2820 1681 A.
2848 1643 2901 1679 x.
2948 1618 3367 1700 παρακελεύεται
3406 1617 3465 1678 δέ

1893 1730 1971 1773 τις
1996 1708 2072 1788 τῷ
2101 1705 2357 1787 Ἡρακλεῖ
2375 1706 2452 1785 μὴ
2474 1706 2711 1788 σκληρὰν
2738 1708 2879 1789 ἔχειν
2906 1706 3003 1779 τὴν
3024 1710 3177 1789 χεῖρα
3206 1706 3465 1785 μέλλοντα

1892 1794 2241 1864 κοτταὸίζειν.
2274 1798 2405 1855 Non
2447 1808 2733 1875 postrema
2770 1799 2890 1856 hoec
2906 1840 2923 1871 ,
2974 1798 3077 1855 sed
3100 1799 3313 1874 'priora
3350 1814 3465 1853 esse

1896 1886 2069 1943 verba
2104 1884 2360 1944 Platonis
2402 1888 2801 1945 intellexerunt
2839 1889 3116 1945 Dobraeus
3156 1898 3213 1943 et
3258 1887 3460 1944 Cobet.

1890 1992 1953 2049 P·
1976 1991 2056 2049 99
2082 1994 2098 2031 ἶ

2142 2144 2221 2157 --
2250 2094 2639 2192 Ᾱγκυλοῢντα
2665 2094 2767 2166 δεῖ
2788 2090 3021 2191 σφόδρα

1995 2210 2106 2281 τὴν
2137 2211 2308 2298 χεῖρα
2346 2206 2611 2298 πέμπειν
2646 2206 2944 2297 εὐρύθμως
2966 2206 3075 2271 τὸν
3116 2199 3433 2272 adenem.

1901 2358 2305 2429 Aberraverat,
2347 2360 2577 2433 opinor,
2632 2359 2833 2417 ludens
2882 2361 3173 2435 Juppiter,
3218 2359 3469 2435 ideoque

1899 2448 2179 2524 poculum
2198 2448 2251 2505 ei
2272 2447 2531 2504 ablatum
2552 2459 2636 2504 est
2665 2450 2746 2524 (ν.
2776 2466 2908 2506 ann.
2932 2448 3005 2505 ad
3033 2448 3103 2506 fr.
3136 2467 3159 2503 1
3185 2446 3225 2525 ).
3252 2451 3339 2504 De
3355 2450 3469 2504 hoc

1901 2534 2213 2592 admonens
2252 2536 2460 2609 aliquis
2492 2538 2855 2611 praesentium
2896 2536 3205 2592 Herculem
3219 2575 3236 2605 ,
3268 2554 3470 2593 cavere

1895 2625 2064 2699 jubet
2090 2642 2246 2698 eum,
2274 2643 2350 2682 ne
2366 2626 2581 2701 pariter
2612 2642 2853 2703 peccans
2879 2627 3097 2701 pariter
3122 2625 3411 2701 puniatur.

2618 2754 2631 2767 .
2660 2776 2712 2834 4·

1987 2894 2146 2952 Idem
2190 2894 2267 2950 ib.
2310 2912 2371 2969 p.
2415 2894 2562 2966 677,
2598 2898 2687 2951 A:
2718 2890 2805 2950 διὰ
2834 2890 2887 2951 δὲ
2922 2890 3019 2965 τὴν
3072 2889 3169 2964 σὴν
3218 2894 3465 2971 γλῶσσαν

1903 2987 1997 3054 τῆς
2036 2980 2536 3058 ὗπογλωττίδος
2584 2979 2984 3059 μνησθήσομαι,
3030 2981 3055 3006 *
3106 2972 3169 3054 ἧς
3240 2981 3471 3042 Πλάτων

1905 3068 2137 3148 ἐμνήσθη
2163 3071 2215 3127 ἐν
2244 3072 2311 3129 A.
2343 3092 2397 3128 x.

2004 3201 2223 3269 Καίτοι
2250 3210 2483 3295 φορεῖτε
2512 3209 2797 3296 γλῶτταν
2831 3207 2893 3270 ἐν
2926 3196 3334 3296 ὑποδήμασιν·

2001 3308 2425 3400 ὑπογλωττίσι
2470 3309 2876 3399 στεφανοῦσθ’,
2902 3311 3047 3375 ὅταν
3070 3310 3288 3382 πίνητέ
3327 3336 3465 3376 που·

2004 3410 2115 3481 κᾶν
2151 3421 2533 3508 καλλιερῆτε,
2563 3423 2849 3510 γλῶτταν
2878 3415 3099 3509 ἀγαθὴν
3139 3417 3436 3508 πέμπε-τε.

1910 3566 2019 3637 Ap.
2050 3563 2256 3620 Athen.
2292 3551 2355 3632 ἧς
2383 3562 2491 3622 Πλ.
2528 3560 2761 3638 ἐμνήσθη
2790 3574 3049 3638 suspecta
3076 3573 3313 3639 propter
3349 3575 3484 3619 tau--

1910 3651 2178 3726 tologiam
2214 3651 2303 3707 τοῦ
2344 3648 2598 3726 ἰμνήσθη.
2630 3651 2820 3724 Quare
2844 3652 3038 3706 malim
3077 3651 3148 3716 ὡς
3188 3651 3293 3710 Πλ.
3324 3651 3378 3707 ἒν
3403 3655 3469 3709 A.

1909 3759 1963 3799 κ.
1988 3742 2167 3796 Versu
2200 3758 2225 3795 1
2271 3737 2533 3815 γλῶτταν,
2564 3741 2857 3816 ungulam.
2890 3741 3082 3797 Festus
3125 3757 3141 3799 ε
3176 3765 3201 3790 α
3233 3741 3476 3815 Lingula

1908 3845 2014 3901 per
2034 3827 2485 3884 deminutionem
2520 3828 2725 3904 linguae
2752 3828 2941 3898 dicta·,
2974 3830 3111 3886 alias
3138 3849 3170 3885 a
3210 3830 3477 3886 similitu·-

1909 3915 2043 3972 dine
2070 3917 2281 3992 linguae
2305 3927 2571 3992 exsertae,
2606 3928 2671 3973 ut
2698 3919 2757 3973 in
2798 3919 3005 3976 calceis
3042 3919 3257 3993 (lorum
3288 3923 3476 3975 coria-

1912 4021 2095 4067 ceum.
2130 4007 2360 4065 Gesner.
2385 4007 2550 4066 Thes.
2574 4009 2642 4062 L.
2666 4008 2737 4064 L.
2766 4025 2821 4065 v.
2844 4007 3079 4081 Lingula
3100 4009 3216 4064 sive
3240 4005 3475 4083 Ligula)

1910 4091 2049 4146 alias
2066 4093 2327 4169 insertae,
2373 4097 2415 4154 i.
2456 4114 2509 4154 e.
2561 4098 2708 4151 intra
2754 4095 2949 4152 dentes
2990 4098 3282 4168 coercitae,
3308 4107 3378 4151 ut
3417 4099 3477 4151 in

1912 4179 2085 4236 tibiis.
2109 4203 2137 4231 ι
2164 4183 2389 4239 Dicitur
2420 4202 2655 4258 quoque
2676 4186 2836 4240 vario
2877 4185 3055 4242 modo
3081 4187 3263 4259 IIgula
3292 4187 3478 4260 prima

1861 4261 1868 4328 ἶ
1913 4281 2178 4344 correpta
2208 4291 2219 4325 ε
2252 4271 2487 4331 Gesner.
2516 4275 2617 4344 ib.;
2643 4273 2972 4358 Schneider.
2991 4278 3132 4333 Lex.
3153 4294 3202 4330 v.
3228 4274 3475 4334 Γλῶσσα.

1905 4465 2009 4522 has
2026 4465 2249 4538 quidem
2270 4467 2546 4541 crepidas,
2572 4485 2703 4542 qums
2720 4471 2835 4543 ipsa
2857 4473 2997 4544 gerit
3012 4512 3028 4539 ,

1905 4562 1962 4612 ct
1983 4552 2133 4610 hunc
2165 4561 2327 4610 tuum
2352 4555 2639 4628 cyathum.
2668 4557 2724 4613 b.
2749 4561 2937 4632 Papae,
2959 4558 3065 4617 boc
3132 4573 3141 4581 ·

1908 4639 2082 4713 majus
2119 4641 2397 4714 quoddam
2430 4642 2721 4701 Isthmiaco
2744 4653 3018 4704 certamen
3040 4650 3469 4722 appropinquat!

2652 4756 2703 4807 3.

2084 4845 2311 4916 Oportet
2340 4843 2497 4903 valde
2526 4845 2835 4904 sinuantem

1910 4945 2165 5000 manum,
2190 4931 2399 4988 musice
2435 4933 2646 4989 mittere
2673 4933 2971 4992 cottabum.

2662 5041 2715 5090 4.

1908 5126 2227 5196 Quanquam
2251 5122 2435 5193 geritis
2458 5122 2722 5195 lingulam
2744 5123 2801 5180 in
2822 5113 3047 5194 cal'c'eiS,

239 5223 282 5266 a.
321 5215 634 5282 (Quaenam
663 5213 722 5268 in
763 5211 952 5269 oscula
973 5214 1024 5274 Ρ)
1065 5211 1392 5269 illiberalem
1421 5227 1534 5267 non
1562 5213 1818 5285 permitto
1908 5208 2371 5282 hypoglottidibus
2397 5209 2771 5275 coronamini,
2798 5210 2971 5267 sicubi
2996 5212 3221 5283 potatis3

237 5294 458 5355 ludum.
479 5299 740 5371 Propone
753 5304 938 5355 autem
961 5297 1114 5356 vobis
1125 5313 1224 5372 ego
1246 5300 1468 5371 praemia
1477 5297 1816 5356 cottaborum
1909 5301 1992 5365 et,
2024 5296 2068 5354 si
2091 5295 2311 5366 litastis,
2338 5295 2480 5353 bona
2510 5294 2667 5352 verba
2694 5294 2887 5352 dicitis.
