3809 5850
419 406 538 463 430

1423 398 1700 458 MEDIAE
1745 394 2161 459 coMOEmAE
2202 394 2433 469 RELlQ
2445 395 2621 457 UIAE.

423 533 723 609 13o,278;
753 552 806 605 1,
837 534 1316 602 164,ctc.sormae
1333 529 1984 606 poeticae.Botl1.)pro-
2075 530 2295 585 Soloece
2340 528 2469 585 libri
2534 524 2917 605 Ὀχευομὲνους
2984 523 3041 582 δὲ
3069 522 3189 591 τοὺς
3240 546 3329 593 κ..
3374 525 3645 599 siquidem

414 626 538 697 pria
569 623 728 682 dicit.
759 623 1048 696 Aristopb.
1083 623 1310 695 Lysistr.
1350 619 1490 691 275,
1525 619 1579 676 ἐν
1605 618 1948 697 τετραπτόλει
1967 660 1986 687 ,

2074 613 2277 693 ὀχεύειν
2304 616 2575 674 dicuntur
2608 634 2786 671 mares
2818 615 3186 683 animalium,
3214 612 3451 671 feminae
3478 624 3647 667 autem

417 723 500 785 ut,
542 723 696 767 recte
725 709 982 785 quidem,
1012 708 1290 776 Brunck„
1323 725 1494 781 quem
1519 728 1577 763 v.
1606 707 1710 765 ibi.
1750 705 1989 782 Eupolis
2074 702 2371 780 ὀχεύεσθαι.
2400 704 2635 762 Generis
2658 705 2976 760 communis
2998 715 3084 761 est
3104 700 3309 780 κάπρος
3326 747 3344 773 ,
3374 714 3448 757 ut
3476 690 3531 764 ὗς
3564 722 3573 753 ;
3598 720 3643 757 ι.

415 798 615 873 fragm.
675 800 874 855 incert.
933 815 1043 870 70,
1099 791 1913 875 ἅμφιπτολεμοπηδησίστρατος.
1959 817 1985 846 1·

417 886 467 939 Ε
483 888 572 944 Μ.

879 972 1147 1071 xxxni.
1193 1011 1518 1071 ΤΗΡΕΥΣ.

1176 1168 1226 1207 1.

493 1263 703 1321 Athen.
737 1268 800 1338 4,
828 1280 888 1336 p.
916 1261 1045 1333 166,
1079 1264 1132 1318 D
1163 1282 1176 1317 ε
1207 1258 1538 1321 Πολύευκτον
1567 1260 1614 1319 δ’
1645 1260 1750 1321 Ἀν.
1779 1262 1832 1319 ἐν
1861 1262 1987 1330 Τη-

415 1356 492 1429 1²⁸³
533 1351 825 1429 ’φμφδῶνι
859 1348 988 1428 φησὶ

515 1492 581 1532 α.
637 1457 812 1557 ὄρνις
861 1467 1168 1539 κεκλήσει.
1213 1468 1277 1549 β.
1342 1462 1463 1530 Δια
1509 1463 1574 1530 τί
1594 1514 1613 1549 ,
1671 1465 1814 1555 πρὸς
1869 1474 1983 1541 τῆς

1705 1564 1978 1655 Ἑστίας,

507 1678 756 1771 πότερον
786 1678 1167 1770 καταφαγὼν
1211 1676 1324 1750 τὴν
1349 1676 1642 1767 πατρῴαν
1676 1672 1907 1759 οὐσίαν,

507 1788 704 1875 ὥσπερ
743 1783 1120 1860 Πολύευκτος
1159 1786 1192 1848 ὁ
1245 1781 1476 1865 καλός,
1534 1806 1600 1847 α.
1663 1786 1754 1849 Οὐ
1803 1777 1981 1868 δῆτ’,

1708 1887 1852 1956 ἀλλ’
1883 1892 1985 1957 ὅτι

507 1988 688 2087 ἄρρην
719 1993 834 2060 ὑπὸ
869 1994 1117 2066 θηλειῶν
1144 1992 1514 2070 κατεκόπης.

407 2132 618 2191 Athen.
731 2130 1024 2210 κωμῳδῶν,
1057 2155 1082 2180 ι
1109 2123 1293 2209 Ὄρνις
1307 2130 1455 2188 κεκλ.
1480 2125 1664 2209 »φησί
1694 2152 1719 2178 ι
1749 2125 1835 2185 διὰ
1854 2140 1982 2201 etc.,

409 2240 574 2277 versu
604 2224 946 2296 interrupto.
979 2244 1003 2270 ιι
1029 2214 1213 2299 Ὄρνις
1231 2219 1402 2290 κεκλ.,
1423 2218 1508 2274 his
1525 2217 1714 2275 verbis
1741 2216 1974 2273 demum

409 2326 649 2365 acumen
675 2312 818 2366 inest
836 2349 854 2379 ,
879 2311 926 2365 si
947 2310 1320 2384 polyeuctum
1349 2307 1582 2364 ludibrii
1607 2325 1770 2363 causa
1797 2298 1985 2385 Ὄρνις

409 2398 756 2471 appellatum
780 2397 941 2452 fuisse
961 2407 1186 2467 statuas,
1205 2395 1364 2471 quod
1379 2414 1591 2451 nomen
1617 2395 1985 2455 Athenienses

409 2486 668 2541 volaticis
695 2495 752 2540 et
770 2486 1136 2549 inconstantis
1159 2485 1335 2539 animi
1357 2483 1684 2539 bominibus
1712 2484 1984 2543 indidisse

410 2582 650 2631 constat.
677 2596 702 2623 ι
733 2574 914 2629 Meae‘n.
941 2571 1214 2629 Desidere
1242 2572 1500 2645 exempla
1531 2570 1652 2643 ejus
1689 2590 1842 2643 usus,
1873 2592 1985 2647 po—

411 2663 634 2735 tiusque
662 2660 972 2735 intelligam
985 2657 1124 2736 ὄρνιν
1149 2677 1330 2733 omen,
1351 2670 1420 2714 ut
1431 2658 1580 2715 male
1595 2660 1835 2718 ominati
1851 2673 1987 2721 sunt

413 2749 770 2819 decoctores,
793 2748 976 2822 qualis
997 2746 1208 2804 dicitur
1225 2764 1389 2803 versu
1412 2765 1471 2805 α.
1495 2751 1597 2807 Ar.
1629 2750 1842 2806 Avium
1865 2750 1975 2807 681

408 2856 553 2911 seq.:
579 2833 805 2893 καλεῖτέ
927 2832 1199 2914 θεράποντ’
1228 2832 1392 2913 ὄρνιν,
1427 2831 1543 2893 ὄνον
1567 2831 1725 2914 ὄρνιν.
1751 2840 1928 2895 Versu
1949 2838 1982 2895 3

412 2928 758 2983 occultatum
793 2945 1006 2984 nomen
1040 2928 1394 3001 precipuum
1408 2965 1427 2996 ,
1471 2936 1537 2981 ut
1573 2922 1876 2985 κολακεύειν
1924 2930 1986 2988 in

411 3016 728 3090 fragmento
764 3015 982 3074 Samiae.
1021 3013 1218 3071 Scribe
1253 3008 1430 3091 ὥσπερ
1469 3013 1500 3069 ὁ
1545 3011 1705 3080 καλὸς
1745 3013 1985 3074 Πολύευ-

411 3124 550 3169 κτος.
586 3106 724 3162 Arte
752 3103 927 3160 frctus
953 3104 1086 3159 talia
1111 3106 1346 3180 impune
1369 3105 1620 3178 corrigas
1645 3107 1766 3162 sine
1795 3107 1976 3164 libris.

413 3220 437 3242 ι
459 3195 659 3252 Verbis
679 3188 798 3249 ἀλλ’
817 3188 897 3250 ὅτι
915 3187 1209 3262 κατεκόπης
1231 3189 1534 3266 significari
1562 3213 1780 3270 pugnas
1799 3197 1977 3270 gallo·

411 3301 539 3338 rum
565 3283 1006 3358 gallinaceorum
1021 3322 1038 3350 ‚
1061 3299 1094 3338 a
1115 3281 1336 3355 gallinis
1355 3281 1660 3353 victorum,
1681 3285 1977 3340 annotavit

411 3369 832 3446 Schweigh.;v.
855 3370 1087 3428 Aristot.
1108 3370 1264 3428 H.A.
1283 3386 1348 3442 9,
1369 3375 1444 3443 49
1461 3368 1478 3446 (
1493 3369 1550 3444 ἲ)
1585 3382 1641 3427 et
1659 3372 1866 3430 AElian.
1895 3375 1985 3429 De

411 3472 530 3516 nat.
567 3461 739 3516 anim.
775 3456 832 3535 5,
867 3457 925 3518 5.
950 3458 1360 3532 Aristophanes
1384 3461 1494 3518 Av.
1525 3459 1678 3518 282:
1711 3455 1768 3514 αῖ
1794 3481 1852 3517 τε
1881 3457 1986 3529 Θή·-

2076 794 2273 849 Matth.
2306 794 2409 851 Gr.
2446 792 2483 867 S
2504 800 2603 867 94,
2626 810 2687 868 p.
2718 792 2850 850 116.

2835 916 2893 972 3.
3697 970 3700 979 .

2155 1022 2317 1085 Idem
2355 1024 2532 1101 15,p.
2559 1025 2697 1099 691,
2740 1027 2787 1083 A
2842 1045 2855 1078 z
2908 1026 3004 1081 τοῦ
3046 1020 3360 1100 Μεγαλλίου
3394 1020 3457 1079 δὲ
3502 1020 3651 1100 μύρου
3700 999 3702 1103 l

2078 1109 2393 1189 μνημονεύει
2421 1110 2513 1169 καὶ
2536 1154 2602 1173 ...
2626 1110 2731 1171 ’Am
2766 1111 2819 1169 ἓν
2842 1112 3029 1189 Τηρεῖ·
3700 1106 3702 1151 ³

2172 1215 2327 1286 Αλλ’
2366 1214 2469 1285 οἷα
2492 1220 2688 1311 νύμφη
2728 1216 2965 1303 βασιλὶς
3002 1220 3403 1309 ὠνομασμένη

2174 1326 2371 1418 μύροις
2410 1323 2815 1421 Μεγαλλίοισι
2852 1330 3008 1415 σῶμ’
3040 1322 3390 1415 ἀλείφεται.

2074 1458 2250 1511 Versu
2288 1473 2309 1509 1
2350 1450 2730 1531 ὠνομασμένη,
2758 1455 2819 1510 h.
2862 1471 2916 1512 e.
2952 1448 3221 1527 ὀνομαστὴ
3239 1495 3255 1523 ,
3287 1453 3567 1521 celebra,
3598 1464 3653 1507 ut
3702 1456 3704 1483 ³

2074 1540 2375 1615 AEschylus
2405 1541 2478 1599 fr.
2508 1542 2717 1599 incert.
2752 1540 2821 1599 15
2860 1561 2871 1596 :

2154 1678 2209 1736 αἱ
2238 1676 2283 1735 δ’
2307 1677 2422 1737 ἕπτ’
2446 1676 2725 1747 Ἀτλαντος
2746 1680 2928 1747 παῖδες
2948 1680 3348 1757 ὠνομασμέναι.

2076 1792 2150 1853 Et
2181 1795 2436 1852 similiter
2454 1796 2659 1853 Latini.
2690 1796 2893 1853 Cicero
2924 1798 3079 1853 Verr-
3104 1796 3165 1867 6,
3196 1816 3269 1867 ²7
3304 1816 3319 1851 :
3356 1809 3485 1852 toea
3514 1796 3644 1850 Sici·
3703 1846 3706 1853 .

2075 1884 2160 1939 lia
2182 1886 2473 1939 nomtnata
2586 1889 3063 1959 peripetasmata.
3107 1882 3328 1939 Plinius
3352 1886 3431 1943 Η.
3455 1885 3533 1942 Ν.
3564 1904 3647 1951 12,
3704 1921 3706 1923 -

2077 1988 2115 2045 9
2148 1989 2163 2027 :
2192 1976 2373 2027 vicina
2396 1984 2481 2027 est
2504 1972 2838 2041 Bactriana,
2869 1976 2928 2027 in
2954 1990 3068 2046 qua
3086 1972 3351 2027 bdellium
3388 1978 3642 2027 nomina-

2080 2064 2372 2119 tissimum.
2416 2058 2732 2115 Priscianus
2764 2062 2850 2116 De
2886 2077 3031 2117 vers.
3074 2078 3225 2115 corn.
3258 2079 3319 2135 p.
3361 2058 3517 2131 1327
3556 2060 3639 2118 ed.

2084 2148 2289 2203 Putsch
2306 2164 2347 2201 .:
2376 2151 2805 2203 nummati-ssimi
2829 2147 3070 2203 Groecioe
3090 2160 3365 2207 auctores.
3390 2146 3479 2205 Ex
3512 2148 3639 2203 Ges-

2078 2252 2219 2292 nero
2256 2236 2423 2293 Thes.
2458 2253 2517 2307 α,
2547 2253 2609 2310 p.
2654 2234 2792 2303 458.
2820 2234 2895 2293 V.
2938 2253 2972 2290 α
3006 2235 3078 2292 de
3100 2236 3400 2309 Megalia,
3432 2237 3642 2292 flamoso

2073 2333 2210 2379 tunc
2245 2324 2579 2398 myropola,
2614 2322 2687 2381 cf.
2717 2323 2974 2380 Protesil.
3010 2342 3070 2383 α.

2571 2466 2841 2527 XXXIV.
2896 2467 3141 2527 ΥΒΡΙΣ.

2154 2594 2362 2656 Athen.
2393 2592 2486 2665 15,
2508 2614 2571 2671 p.
2601 2614 2741 2666 700,
2780 2598 2865 2655 A:
2898 2590 3006 2655 Ἀν.
3040 2592 3088 2651 δ’
3116 2592 3171 2652 ἐν
3191 2590 3409 2673 ‘'repa,

2172 2708 2403 2775 Οὔκουν
2427 2702 2640 2774 λαὸὼν
2665 2708 2773 2774 τὸν
2812 2708 2993 2799 φανὸν
3023 2706 3193 2796 ἅψεις
3222 2732 3323 2799 μοι
3344 2710 3593 2797 λύχνον.

2074 2838 2253 2893 Recte
2294 2836 2405 2891 viri
2434 2836 2593 2892 docti
2634 2832 2829 2912 ’Υόρει
2870 2833 3111 2912 Οὔκουν,
3142 2854 3329 2911 neque
3378 2837 3533 2892 aliud
3565 2850 3643 2892 est

2075 2924 2340 2982 codicum
2366 2924 2621 3001 sphalma
2646 2920 2826 3002 ὓὸρίου
2854 2922 2983 2984 κοὸυ
3000 2969 3016 2996 ,
3036 2927 3098 2982 in
3120 2945 3237 3001 quo
3262 2945 3309 2981 ει
3335 2937 3393 2982 et
3422 2947 3458 2996 ι,
3480 2949 3511 2983 υ
3534 2930 3641 3000 εεβ
3713 2937 3715 2940 ’

2076 3013 2181 3077 (de
2222 3033 2341 3089 quo
2377 3014 2453 3070 ad
2493 3013 2742 3089 AEsehyli
2778 3015 2933 3072 Pers.
2968 3011 3143 3090 285),
3176 3033 3205 3069 ν
3233 3025 3293 3071 et
3322 3035 3353 3070 u
3386 3033 3641 3070 commu-

2076 3113 2224 3177 tata,
2260 3113 2325 3158 ut
2351 3103 2507 3158 alias.

2374 3238 2613 3300 XXXV.
2656 3237 3362 3298 ΦΔΡΜΑΚΟΜΔΝΤΙΣ.

2839 3369 2889 3410 ι.

2155 3463 2365 3519 Athen.
2409 3461 2465 3531 6,
2505 3480 2566 3537 p.
2594 3461 2733 3531 261,
2774 3461 2819 3518 F
2853 3481 2868 3515 2
2898 3461 2965 3538 τῇ
3000 3458 3048 3515 δ’
3076 3457 3355 3540 ἀλαζονεία
3382 3457 3505 3536 μετὰ
3538 3457 3631 3528 τὴν

411 3548 548 3604 λειαι
571 3544 1031 3628 προσεκτίλλουσιν
1061 3546 1220 3604 αἰετοῦ
1248 3544 1314 3604 τὰ
1337 3543 1527 3626 πτερά.
1553 3571 1578 3598 ιι
1597 3549 1649 3603 Ε
1667 3549 1757 3604 M.
1785 3551 1910 3604 Hoc
1940 3550 1981 3608 l.
2074 3547 2355 3608 κολακείαν
2372 3545 2553 3628 χώραν
2572 3547 2782 3605 δίδωσιν
2802 3543 2911 3607 Ἀν.
2943 3547 2971 3604 ὃ
2994 3544 3384 3623 κωμῳδιοποιὸς
3408 3547 3458 3604 ἐν
3482 3547 3631 3622 Φαρ-

415 3638 800 3713 metaphorice
826 3635 1156 3694 adolescens
1187 3653 1222 3692 a
1252 3634 1458 3692 scortis
1492 3637 1770 3711 expilatus
1794 3637 1983 3694 corri-
2076 3637 2403 3716 μακομάντει
2420 3677 2437 3710 ,
2466 3633 2634 3714 λέγων
2661 3632 2845 3700 οὕτως·

412 3727 584 3799 pitur.

1174 3854 1228 3891 2.

493 3948 648 4007 Idem
674 3966 736 4023 9,
761 3967 824 4022 p.
855 3945 988 4017 373,
1017 3947 1062 4002 F
1097 3964 1111 4000 ε
1135 3943 1223 4002 τὸν
1247 3941 1568 4020 ἀλεκτρυόνα
1694 3945 1742 4002 οἱ
1768 3944 1981 4023 ἀρχαῖοι

415 4035 506 4094 καὶ
533 4035 768 4106 Θηλυκῶς
795 4030 1037 4112 εἰρήκασι
1165 4031 1270 4092 Ἀν.
1302 4033 1473 4111 Τηρεῖ

611 4199 694 4214 --
726 4155 1106 4252 ὀχευομένας
1133 4153 1200 4226 δὲ
1245 4157 1356 4237 τὰς
1388 4159 1649 4252 κάπρους

513 4267 618 4333 καὶ
643 4265 756 4345 τὰς
783 4267 1184 4359 ἀλεκτρυόνας
1216 4267 1484 4359 θεωροῦσ’
1519 4263 1791 4360 ἄσμενοι.

1051 4467 1356 4524 TEREUS.

1180 4573 1205 4622 1
1217 4609 1232 4622 .

423 4685 472 4727 a.
504 4671 684 4726 Omen
707 4665 999 4725 vocaberis.
1025 4667 1081 4724 b.
1117 4666 1487 4741 Quamobrem
1502 4710 1518 4737 ‚
1541 4683 1637 4740 per
1653 4670 1879 4726 Vestam
1893 4671 1919 4724 ἒ

423 4771 494 4812 an
513 4756 640 4828 quia
678 4754 1066 4828 patrimonium
1095 4755 1343 4822 comedi,

424 4850 488 4900 ut
515 4841 693 4900 bellus
713 4842 1075 4916 polyeuctus?
1099 4858 1151 4899 a.
1181 4843 1408 4898 Minime
1427 4882 1443 4909 ‚
1469 4841 1564 4899 sed

425 4930 552 5002 quia
581 4929 660 4986 vir
681 4945 713 4985 a
742 4927 962 4986 feminis
989 4928 1291 5002 discerptus
1310 4944 1387 4986 οε.

502 5169 570 5180 -
590 5137 831 5211 Inirique
855 5153 1044 5210 capras

429 5233 482 5282 et
503 5224 735 5297 gallinas
762 5225 993 5282 libenter
1015 5232 1278 5297 spectant.

2173 3757 2295 3832 ὅτι
2326 3761 2444 3857 εἴμ’
2476 3757 2752 3847 ἀλαζὼν,
2784 3767 2953 3829 τοῦτ’
2984 3763 3299 3852 ἐπιτιμᾷς.
3334 3756 3499 3828 m&
3524 3759 3623 3835 τίς

2174 3875 2309 3958 νικᾷ
2336 3867 2453 3962 γὰρ
2486 3873 2642 3942 αὕτη
2677 3865 2791 3946 τὰς
2820 3870 3043 3956 τέχνας
3069 3865 3276 3946 παίσας
3302 3867 3449 3934 πολὺ

2178 3973 2335 4068 μετὰ
2366 3979 2479 4050 τὴν
2515 3972 2861 4042 κολακείαν·
2894 3967 3005 4048 ἥδε
3034 3970 3281 4066 μὲνγὰρ
3308 3967 3567 4063 διαφέρει.

2078 4107 2254 4162 Versu
2294 4124 2317 4161 1
2356 4117 2415 4161 et
2453 4125 2488 4160 2
2525 4099 2665 4162 ἀλλὰ
2695 4101 2779 4175 τί,
2805 4105 2927 4181 νικᾷ
2956 4099 3201 4160 Casaub.
3234 4121 3344 4178 pro
3380 4095 3499 4158 ἀλλὰ
3526 4095 3619 4151 τίνι

2078 4189 2185 4247 καί.
2220 4189 2405 4264 Αὕτη,
2449 4211 2527 4248 sc.
2566 4191 2600 4260 ἡ
2642 4187 2955 4260 ἀλαζονεία,
3002 4187 3321 4265 significata
3366 4187 3619 4262 adjectivo

2080 4274 2305 4346 ἀλαζών.
2340 4304 2365 4329 ι
2394 4280 2537 4337 Sunt
2560 4279 2683 4335 haec
2711 4279 2889 4336 verba
2920 4279 3099 4353 ipsius
3138 4273 3620 4356 φαρμακομᾶντεως,

2834 4449 2890 4498 3.

2084 4529 2193 4588 Sed
2220 4527 2691 4602 quemadmodum
2714 4537 2887 4602 nupta
2916 4529 3151 4586 celebris
3178 4531 3353 4602 regia,

2083 4616 2301 4690 Megalli
2324 4618 2623 4690 unguentis
2642 4632 2839 4689 eorpus
2860 4617 3109 4676 illinitur.

2682 4704 3061 4762 SUPERmA.

2085 4793 2206 4847 Non
2229 4789 2393 4862 igitur
2418 4797 2637 4862 sumpta
2664 4788 2781 4846 face
2808 4789 3071 4846 accendes
3096 4788 3232 4846 mihi
3258 4787 3461 4846 lumen?

2682 4878 3054 4934 VENEFICA.

2848 4971 2895 5020 1.

2089 5049 2245 5120 Quod
2262 5065 2385 5107 sum
2408 5050 2659 5122 jactator,
2692 5049 2797 5107 hoc
2821 5050 3113 5123 vituperas.
3142 5051 3257 5106 Cur
3274 5047 3481 5106 autem?

2092 5146 2310 5208 superat
2332 5139 2481 5194 enim
2506 5138 2623 5194 haec
2642 5153 2731 5194 ars
2752 5138 2917 5209 longe
2944 5145 3189 5204 cunctas,

2092 5223 2405 5282 adulatione
2432 5233 2649 5297 excepta
2681 5239 2777 5282 :ea
2806 5225 3027 5297 quidem
3048 5223 3324 5296 praeeedit.
