3809 5850
1588 370 2156 431 PHERECRATES.
3371 384 3480 434 103

246 508 439 564 recretis
486 526 503 561 ι
536 508 571 563 ὁ
594 504 659 563 δὲ
695 503 1019 576 πεποιηκὼς
1056 503 1170 569 τοὺς
1211 504 1283 569 εἰς
1306 501 1459 561 αὐτὸν
1492 499 1820 582 ἀναφερομέ-

254 620 343 661 von<
367 593 675 660 Μεταλλεῖς
705 593 879 673 φησὶν

336 708 435 781 Ῠπ’
466 702 961 805 ἀναδενδράδων
992 709 1235 787 ἁπαλὰς
1256 704 1289 740 ⁴‘
1311 708 1691 786 ἀσπαλάθους
1713 735 1761 777 π

1580 826 1827 893 τοῦντες

345 931 399 993 ἐν
420 933 693 1017 λειμῶνι
718 924 1080 1017 λωτοφόρῳ,
1110 922 1389 1016 κύπειρόν
1420 947 1491 988 τε
1517 914 1821 1015 δροσώδη,

340 1034 704 1127 κανθρύοκου
764 1037 1058 1123 μαλακῶν
1124 1036 1187 1095 τ’
1242 1028 1351 1095 ἴων
1402 1026 1670 1121 λείμακα
1724 1024 1826 1093 καὶ

1474 1137 1823 1229 τριφύλλου.

248 1268 427 1325 Versu
476 1286 503 1323 1
554 1265 701 1323 ferri
728 1266 933 1340 nequit
970 1264 1303 1333 ἀσπάλαθος,
1346 1264 1543 1338 planta
1570 1262 1822 1337 spinosa.

250 1355 615 1431 Phrynichus
646 1354 895 1410 Bekker.
922 1372 985 1428 p.
1020 1372 1116 1428 10,
1151 1372 1213 1427 9,
1250 1348 1615 1415 Ἀσποίλαθοςε
1656 1350 1829 1407 ἅκαν-

242 1442 403 1507 aasz<
449 1440 639 1521 φυτόν.
689 1442 1079 1499 Probabiliter
1125 1438 1412 1499 Personas
1456 1434 1824 1517 ἀσπαράγους,

240 1533 343 1587 nisi
364 1532 533 1605 quod
562 1531 769 1587 malim
786 1528 1122 1609 ἀσφαράγους
1140 1530 1333 1599 attice,
1354 1539 1420 1582 ut
1442 1523 1665 1606 σφόγγος
1685 1537 1826 1602 etc.,

236 1639 423 1695 qumn
442 1618 809 1695 aspharagos
822 1618 1053 1675 dicatur
1066 1617 1313 1695 Apulejo
1326 1619 1413 1674 De
1430 1616 1625 1673 herbis
1642 1634 1694 1673 c.
1724 1614 1795 1684 84
1808 1659 1823 1672 .

232 1711 303 1764 ln
344 1708 467 1765 fine
496 1708 639 1763 libri
656 1748 677 1778 ,
708 1717 914 1782 praeter
940 1708 1012 1781 Β,
1040 1706 1345 1777 πατῶντας,
1378 1708 1692 1763 Hermann.
1720 1724 1825 1760 πα·

230 1796 339 1853 τῖὖν
360 1818 469 1860 τις.
496 1798 571 1851 V.
602 1796 641 1852 3
666 1790 993 1873 κάνθρύσκου
1020 1794 1150 1853 cod.
1176 1793 1268 1863 A;
1300 1790 1610 1873 κάνθρίσκου
1627 1793 1825 1869 vulgo.

228 1884 501 1961 Δείμακα
524 1884 763 1945 Canter.
778 1902 891 1961 pro
912 1879 1139 1959 λίμακα.
1165 1882 1365 1939 Suidas
1383 1876 1591 1957 Δείμαξ
1616 1901 1629 1937 :
1652 1882 1683 1937 ὁ
1699 1878 1829 1955 σύμ·

180 2014 199 2024 ·
226 1994 399 2051 φυτος
439 1970 609 2039 τόπος
618 2014 639 2043 ,
678 1973 707 2029 ὁ
746 1974 949 2044 κῆπος,
978 1990 1141 2029 area.
1182 1968 1483 2050 Τρίφυλλον
1520 1970 1689 2025 fuisse
1730 1968 1829 2043 qui

1919 498 2010 559 καὶ
2037 499 2178 567 λίθος
2208 504 2238 558 ὁ
2261 500 2416 559 κάτω
2441 499 2708 576 τιθέμενος
2741 502 2793 557 ἐν
2823 504 2899 581 τῷ
2941 503 3090 582 ἰπνῷ.
3129 504 3183 559 ἐν
3207 511 3330 569 -τοῖς
3371 506 3486 565 Με-

1918 589 2190 651 ταλλεῦσι.
2212 591 2324 648 Sed
2345 601 2500 647 recte
2527 593 2700 651 Mein.
2731 593 3023 667 corrigere
3050 593 3278 651 videtur
3300 594 3354 650 ἐν
3380 594 3486 658 τοῖς

1762 735 1828 774 α.
1919 676 2212 753 μετάλλοις.

2415 824 2553 884 x11.
2599 824 3000 885 METOIKOI.

2001 974 2349 1049 Apollonius
2375 975 2457 1029 De
2481 992 2660 1049 pron.
2696 991 2760 1048 p.
2795 979 2907 1039 404
2927 1013 2946 1043 ,
2991 975 3036 1029 Β
3077 992 3092 1030 :
3123 972 3177 1029 ἐν
3213 971 3490 1039 Μετοίκοις

1923 1058 2293 1140 Φερεκράτους
2325 1058 2467 1129 ἅπαξ
2509 1058 2651 1118 ἐστὶν
2683 1057 2934 1139 εἰρημένη
2965 1060 3032 1136 (ἡ
3072 1060 3243 1118 εὐθεῖα
3273 1062 3490 1135 ’ἐμαυι-

1921 1146 2096 1227 τός),
2119 1147 2210 1207 καὶ
2237 1147 2362 1217 ἴσως
2393 1145 2546 1207 ἕνεκα
2570 1152 2661 1207 τοῦ
2684 1147 2910 1225 γελοίου.
2937 1150 3052 1209 Sed
3073 1150 3228 1207 idem
3256 1170 3318 1227 p.
3347 1150 3488 1223 348,

1925 1238 1970 1299 C
2015 1258 2030 1295 ε
2080 1237 2378 1315 (ἐμαυτοῦ)
2418 1235 2613 1303 εὐθείας
2661 1239 2944 1315 ἀπορεῖ...
2991 1238 3050 1295 οὗ
3089 1235 3222 1317 γὰρ,
3269 1239 3315 1295 εἰ
3351 1237 3492 1307 ἅπαξ

1921 1330 2158 1411 εἴρηται,
2182 1330 2274 1391 καὶ
2294 1336 2460 1391 ταῦτα
2483 1328 2586 1390 ὑπὸ
2609 1334 2845 1407 κωμικῆς
2873 1330 3070 1406 ἀδείας,
3101 1334 3172 1398 ὡς
3200 1334 3255 1391 ἐν
3286 1333 3490 1395 Μετοί-

1920 1442 2030 1487 κοις
2077 1419 2387 1493 Πλάτωνος,
2419 1424 2574 1479 τοῦτο
2599 1418 2775 1479 κανών
2815 1420 2950 1479 ἐστι.
2983 1444 3009 1473 ι
3056 1423 3178 1479 Nisi
3223 1424 3272 1478 is
3314 1424 3492 1498 ipsius

1923 1511 2216 1586 Apollonii
2259 1529 2425 1567 error
2465 1521 2551 1567 est
2602 1529 2618 1564 τ
2665 1510 2892 1566 Platoni
2933 1510 3088 1565 enim
3134 1511 3252 1566 haec
3293 1512 3488 1568 fabula

1925 1602 2095 1655 etiam
2120 1618 2153 1654 a
2201 1598 2469 1668 Polluce,
2508 1597 2798 1671 Eudocia‚
2846 1597 3021 1653 Suida
3053 1608 3112 1653 et
3155 1598 3490 1656 Andronico

1922 1688 2215 1747 tribuitur.
2250 1711 2275 1738 n
2317 1688 2501 1747 Mein.
2527 1684 2673 1742 flist.
2699 1687 2829 1744 crit.
2853 1686 3016 1743 Com.
3043 1703 3133 1761 gr.
3156 1705 3218 1762 p.
3251 1706 3344 1757 70.

2225 1840 2383 1901 xut.
2425 1838 3194 1928 ΜΥΡΜΗΚΑΝΘῙΞΩΠΟῙ.ι

2004 1990 2138 2045 Fuit
2174 1988 2296 2045 haec
2335 1986 2572 2043 fortasse
2613 1985 2860 2063 parodia
2901 1986 3148 2043 ridicula
3177 1986 3382 2043 fabulae
3417 1988 3494 2043 de

126 3155 133 3165 ·
212 3135 435 3191 dimi-i
456 3145 734 3211 putemus
753 3135 910 3211 apud
926 3135 1256 3210 Tragicum.
1280 3135 1437 3194 Alias
1454 3137 1627 3192 scribi
1644 3149 1837 3212 posset

218 2062 485 2119 herbam
510 2060 803 2118 Medicam
832 2063 1371 2135 interpretarentur,
1396 2058 1571 2117 docet
1596 2059 1833 2115 Photius

216 2170 283 2211 v.
330 2148 571 2221 Μηδικὴ
596 2146 708 2207 πόα
741 2168 763 2211 :
795 2153 831 2221 ἡ
862 2147 1141 2231 τρίφυλλος
1162 2146 1445 2227 λεγομένη.
1476 2152 1545 2207 V.
1589 2147 1825 2205 Schnei-

222 2239 359 2295 ἀει-ἰ
376 2242 539 2297 Lex.
560 2258 622 2299 τ.
650 2236 913 2308 Μηδικός.
1462 2241 1477 2255 ’

1927 2087 2060 2133 ortu
2110 2074 2566 2149 Myrmidonum.
2625 2074 3010 2149 Apollodorus
3054 2076 3206 2133 Bibl.
3254 2075 3286 2131 3
3307 2118 3325 2149 ,
3386 2094 3455 2131 ια
3473 2117 3490 2145 ,

1924 2164 1958 2240 §
1983 2184 2013 2236 7
2046 2184 2060 2220 t
2095 2162 2316 2241 Αἴγιναν
2349 2162 2558 2237 (Asopi
2583 2161 2794 2236 filiam)
2821 2160 2875 2219 δὲ
2904 2161 3212 2239 εἰσκομίσας
3251 2160 3494 2242 (Juppi-

1929 2250 2045 2327 ter)
2078 2252 2150 2315 εἰς
2186 2248 2282 2320 τὴν
2319 2247 2438 2307 τότε
2483 2246 2724 2319 Οἰνώνην
2765 2246 3050 2325 λεγομένην
3082 2251 3239 2320 νῆσον
3255 2294 3272 2323 ,
3315 2254 3404 2307 νῦν
3439 2250 3494 2308 δὲ

1024 2317 1079 2373 3·
1927 2336 2147 2415 Αἴγιναν
2184 2336 2276 2395 ἀπ’
2303 2336 2502 2408 ἐκείνης
2529 2338 2839 2408 κληθεῖσαν,
2878 2336 3155 2413 μίγνυται,
3185 2335 3277 2395 καὶ
3315 2340 3498 2397 τεκνοῖ

304 2429 578 2486 photius
598 2429 743 2486 Lex.
764 2446 827 2503 p.
852 2428 953 2502 32,
990 2446 1087 2497 ια,
1116 2424 1289 2491 Εὐθὺς
1311 2424 1420 2505 (sic
1443 2426 1689 2481 Meinek.
1718 2445 1827 2501 pro
1927 2426 2092 2484 παῖδα
2129 2424 2181 2493 ἐξ
2212 2426 2371 2497 αὐτῆς
2399 2422 2620 2485 Αἰακόν.
2662 2422 2831 2505 τούτῳ
2855 2420 2984 2491 Ζεὺς
3016 2424 3126 2483 ὄντι
3168 2425 3311 2505 μόνῳ
3339 2427 3394 2484 ἐν
3421 2431 3488 2506 τῇ

218 2514 409 2594 εὐθὺ)
432 2515 675 2575 Λυκείου
706 2532 725 2575 2
752 2513 817 2571 τὸ
838 2514 913 2579 εἰς
934 2512 1181 2574 Λύκειον.
1206 2512 1321 2571 ὅθεν
1340 2510 1719 2593 Ἐρατοσθένης
1741 2511 1832 2567 καὶ
1928 2512 2073 2592 νήσῳ
2109 2512 2228 2581 τοὺς
2270 2512 2553 2592 μύρμηκας
2593 2511 2896 2591 ἀνθρώπους
2937 2511 3168 2585 ἐποίησε.
3207 2516 3318 2572 Sed
3361 2534 3496 2573 cave

212 2602 317 2661 διὰ
340 2608 517 2663 τοῦτο
534 2604 611 2680 (⁸1)
629 2598 916 2659 ὑποπτεύει
948 2598 1070 2668 τοὺς
1089 2602 1400 2667 Μεταλλεῖς.
1428 2599 1519 2659 καὶ
1548 2598 1836 2678 Εὐριπίδης
1930 2605 2143 2679 cogites
2170 2603 2244 2660 de
2268 2604 2534 2659 irrisione
2557 2613 2800 2660 strenuae
2827 2606 3039 2679 gentis,
3068 2604 3336 2675 Achillis,
3367 2606 3495 2661 Ho—

210 2696 469 2771 (nipp.
512 2692 701 2768 1192)
732 2690 831 2747 οὐκ
856 2688 1023 2767 ὀρθῶς
1055 2714 1080 2741 α
1112 2687 1230 2759 Τὴν
1254 2686 1401 2755 εὐθὺς
1426 2686 1641 2769 Ἄργους
1668 2688 1833 2745 κάπι-
1930 2692 2094 2765 meri,
2129 2710 2275 2765 quos
2307 2692 2541 2747 maximi
2580 2690 2864 2747 faciebant
2889 2692 3101 2762 Graeci,
3132 2711 3498 2767 quorumque

209 2780 467 2860 δαυρίας
480 2777 629 2839 ὁδόν.
648 2804 717 2831 »e
735 2781 955 2836 Notum
968 2790 1053 2835 est
1067 2778 1455 2835 Atticistarum
1468 2789 1834 2855 praeceptum,
1929 2789 2176 2835 vetustas
2235 2798 2354 2835 non
2401 2778 2684 2834 allexisset
2732 2797 2886 2834 nova
2943 2780 3235 2853 cupientes
3279 2782 3498 2836 Atticos

210 2888 439 2944 neque
468 2864 599 2925 soe-⁸⁴
632 2867 710 2923 de
735 2878 1034 2944 tempore,
1058 2886 1247 2942 neque
1270 2865 1419 2933 εὖθὺς
1450 2866 1523 2923 de
1544 2868 1711 2937 loce,
1743 2868 1836 2925 di·
1882 2848 1891 2932 Ι
1931 2878 2280 2944 spectatores
2313 2885 2328 2928 τ
2363 2865 2735 2944 quaerendum
2758 2868 2952 2942 potius
2973 2878 3371 2943 argumentum
3399 2888 3496 2924 co-

214 2958 505 3014 cendnm
537 2973 681 3013 esse.
725 2980 753 3006 n
800 2957 853 3010 E
890 2957 979 3015 M.
1024 2957 1203 3030 Atqui
1242 2956 1387 3010 nihil
1414 2955 1658 3031 impedit
1686 2976 1835 3030 quo·
1929 2957 2150 3012 moediae
2175 2957 2238 3012 in
2267 2957 2470 3014 mediis
2498 2967 2620 3012 tum
2647 2957 2819 3012 rebus
2841 2998 2858 3026 ,
2895 2955 3132 3013 Periclis
3159 2956 3499 3034 demagogia

208 3047 437 3102 minus
458 3045 547 3122 τῷ
573 3039 725 3110 εὐθὺς
756 3053 979 3120 tempus
1002 3045 1461 3120 celeritatemque
1489 3045 1731 3102 actionis
1754 3049 1835 3103 in·
1931 3056 1990 3100 et
2015 3057 2182 3102 aucta
2221 3046 2407 3120 plebis
2451 3045 2744 3120 potentia,
2790 3063 2903 3118 qua
2937 3047 3128 3102 evenit
3152 3056 3218 3102 ut
3258 3047 3500 3120 ignobili

1930 3133 2062 3190 loco
2103 3135 2226 3189 nati
2253 3134 2582 3190 muneribus
2623 3133 2997 3207 fungerentur
3019 3133 3260 3203 ducum,
3288 3143 3498 3207 praeto-

212 3223 333 3294 τὴν
362 3221 499 3282 αὖθί»
530 3224 581 3280 τ’
610 3219 833 3302 Ἄργους
872 3223 1007 3282 κᾶπ.
1038 3221 1190 3298 ὁδὸν,
1211 3243 1391 3298 quum
1432 3245 1465 3281 σ
1491 3237 1548 3282 et
1576 3247 1609 3281 τ
1634 3227 1835 3283 litterae
1931 3239 2060 3276 rnm
2079 3261 2096 3290 ,
2127 3222 2478 3296 legatorum,
2515 3219 2710 3292 itaque
2750 3221 2910 3276 velut
2937 3239 2969 3278 e
2999 3221 3255 3277 formicis
3295 3219 3498 3279 fierent

216 3314 469 3372 centia
498 3314 793 3390 permixta
822 3313 937 3368 nint
960 3313 1023 3368 in
1047 3314 1373 3374 codicibus,
1930 3309 2210 3366 homineS.
2238 3309 2469 3382 Legitur
2491 3308 2646 3382 apud
2668 3299 2902 3364 Suidam
2926 3328 2980 3364 v.
3008 3305 3226 3386 ’Λρᾶται
3249 3327 3265 3368 :
3285 3307 3500 3390 εὔχεται

1022 3430 1076 3490 4·
1931 3394 1966 3466 ἢ
1996 3401 2317 3474 καταρᾶται,
2341 3397 2437 3452 hic
2463 3413 2656 3452 versus
2678 3413 2710 3454 e
2736 3394 3262 3472 Μυρμηκανθρώποις
3293 3419 3308 3453 :

322 3534 653 3594 Erotianns
678 3537 819 3595 Lex.
872 3536 1157 3611 Hippocr.
1198 3555 1259 3612 p.
1310 3535 1419 3608 56,
1448 3535 1630 3616 Ἁρμῶ
1662 3540 1831 3616 (fort.
2693 3536 2748 3576 ¹·

220 3619 469 3702 Ἆρμῷ)
512 3641 541 3730 ξ
570 3625 782 3730 ᾗῢῖιῆ,
821 3625 1048 3704 μαρῶςυ
1077 3623 1263 3727 ὧςξῑαὶ
1290 3625 1373 3686 Φ·
1404 3627 1460 3684 ἐν
1482 3628 1560 3687 Μ·
1586 3629 1828 3703 Hesych·
2027 3631 2278 3734 Ῠστερον
2317 3642 2538 3732 ἀρᾶται
2565 3635 2917 3718 κάπιθεάζει
2951 3649 3044 3729 τῷ
3071 3641 3290 3733 πατρὶ,

220 3730 499 3786 quoque
532 3712 705 3788 Δρμω
732 3732 746 3768 :
776 3710 987 3790 ἅρτίως.
1013 3713 1128 3772 Sed
1154 3713 1310 3770 idem
1333 3711 1521 3793 Ἅρμοῖ
1563 3735 1577 3772 :
1609 3715 1833 3794 ἀρτίως,

222 3800 457 3877 ἡσυχῆ,
476 3795 745 3878 ἐξαίφνης,
762 3797 1097 3878 προσφάτως.
1126 3825 1150 3851 «ι
1176 3803 1455 3858 Doricum
1478 3803 1833 3874 adverbium3

224 3907 371 3961 quo
399 3889 594 3944 utitur
618 3888 869 3962 AEschyl.
894 3891 1090 3945 Prom.
1122 3889 1269 3961 6363
1298 3892 1513 3966 quippe
1544 3891 1755 3947 diutius
1778 3893 1837 3946 in

230 3975 445 4032 Sicilia
462 3985 727 4033 versatus
741 3988 917 4053 poeta
932 3978 1163 4034 Doricis
1183 3979 1374 4036 verbis
1394 3997 1514 4034 non
1534 3979 1827 4036 abstinuit.

236 4065 583 4122 lle-niniae
605 4075 798 4120 autem
822 4064 1011 4139 decet,
1042 4067 1493 4141 Eratosthenem,
1515 4067 1836 4144 intelligen-

240 4152 541 4206 tiseimum
578 4151 785 4208 harum
822 4171 1017 4210 rerum
1050 4153 1329 4226 judicem,
1359 4165 1419 4212 et
1458 4154 1743 4226 Μεταλλῆς
1780 4167 1839 4213 et

238 4239 569 4298 (mironem
601 4238 959 4311 abjudicasse
989 4259 1026 4297 a
1063 4253 1297 4314 nostro,
1341 4254 1397 4300 et
1441 4243 1798 4304 Nicomacho
1816 4287 1832 4316 ‚

238 4329 571 4384 recentiori
596 4327 826 4384 cuidam
845 4329 1113 4405 comico,
1132 4329 1421 4403 tribuisse,-
1451 4333 1554 4406 qui
1573 4331 1834 4403 sortasse,
1930 4321 2065 4366 runt
2093 4327 2336 4385 gramm..
2391 4309 2567 4410 Bekk3
2610 4310 2824 4410 anecd.
2865 4331 2926 4386 p.
2972 4317 3111 4382 442,
3160 4323 3219 4369 et
3243 4311 3499 4368 Eustath.

240 4415 408 4472 idem
426 4427 835 4492 argumentum
858 4427 1204 4490 retractans,
1223 4429 1385 4475 vetus
1403 4418 1627 4491 drama,
1649 4421 1837 4476 minus
1931 4397 2044 4456 Od·
2073 4417 2134 4472 P·
2171 4397 2343 4468 ¹433,
2379 4397 2475 4467 3’7·
2506 4398 2777 4454 summer
2800 4400 2859 4454 5¹¹
2885 4399 2996 4455 ΗΠ*

244 4505 669 4578 probatum,in
683 4505 1035 4562 oblivionem
1043 4507 1337 4563 hominum
1352 4507 1614 4566 adduxit.
1638 4533 1662 4558 υ
1679 4511 1730 4566 Ε
1740 4510 1833 4565 M.
2688 4539 2744 4576 2,

1931 3803 2102 3860 quem
2128 3785 2200 3840 ab
2229 3785 2409 3841 altero
2435 3784 2690 3857 quodam
2721 3785 2900 3840 'AEaco
2931 3785 3366 3861 pronuntiatum
3393 3805 3500 3860 pu·

1934 3883 2019 3928 tes
2036 3912 2055 3942 ,
2075 3884 2302 3947 patrem
2335 3872 2614 3929 Periclem
2635 3871 2988 3943 obtestante,
3021 3883 3088 3928 ut
3109 3890 3170 3928 se
3207 3873 3271 3928 in
3297 3891 3499 3930 nume-

1929 3977 2062 4016 rum
2088 3961 2362 4016 clientum
2389 3977 2628 4015 suorum
2663 3959 2980 4033 reciperet3
3013 3959 3502 4034 quemadmodum

1929 4043 2052 4120 ipse
2093 4047 2334 4116 AEacus,
2364 4047 2523 4104 Jovis
2549 4045 2700 4102 filius
2719 4087 2738 4122 ‚
2771 4047 2926 4122 apud
2970 4047 3241 4106 Ovidium
3265 4050 3400 4106 Met.
3434 4067 3502 4120 7,

1933 4133 2072 4206 627,
2110 4158 2134 4184 α
2163 4133 2462 4206 Totidem,
2510 4147 2674 4208 pater
2711 4135 2960 4211 optime,
2991 4145 3053 4192 tu
3091 4137 3232 4192 mihi
3259 4135 3332 4192 da
3356 4136 3506 4194 cives

1931 4233 1989 4278 et
2011 4223 2204 4278 inania
2229 4223 2437 4278 moenia
2467 4223 2653 4296 reple!
2687 4246 2712 4273 υ
2757 4222 3017 4280 Eundem
3043 4243 3268 4282 versum
3307 4223 3500 4297 profe-

1024 4618 1081 4675 5.

340 4733 590 4806 Hesych.
622 4731 870 4812 Ταρρόςτ
902 4731 1091 4804 κώπη,
1127 4733 1219 4791 καὶ
1254 4733 1467 4811 πλέγμα
1510 4734 1834 4812 καλάμινον,
1937 4757 1994 4811 p.
2031 4737 2181 4804 448:

268 4981 379 5038 Sub
401 4981 634 5040 arbustis
655 4993 878 5041 teneros
899 4905 1175 5041 ealoe²ates
1196 4999 1484 5057 asparagos

271 5069 325 5124 in
346 5079 497 5142 prato
517 5071 759 5140 lotifero,
782 5079 843 5128 et
862 5086 1131 5144 cyperum
1154 5071 1435 5130 roscidum
1450 5113 1467 5140 ,

274 5156 601 5233 etantluyoei
628 5159 1009 5231 moniumque
1038 5156 1301 5217 violarum
1333 5173 1519 5233 aream
1540 5167 1598 5220 et
1626 5160 1835 5220 trifolii.

2012 4650 2168 4706 Suid.
2212 4668 2268 4703 ν.
2315 4645 2526 4723 Ἀρτίως
2544 4691 2560 4718 ,
2605 4658 2663 4704 et
2701 4666 2944 4724 gramm.
2993 4647 3231 4703 Bekkeri
3281 4643 3500 4703 Anecd.

2987 4845 3100 4854 *-
3113 4842 3255 4854 aq---
3266 4843 3346 4850 ----.
3361 4843 3433 4848 --—-
3449 4839 3496 4850 .—

2391 4902 2592 4957 FORM
2601 4901 3047 4956 tc-HOMiNEs.

2694 4993 2744 5041 1.

1937 5077 2130 5132 Postea
2155 5083 2411 5148 precatur
2437 5082 2599 5147 atque
2625 5073 2929 5132 obtestatur
2953 5080 3186 5144 patrem.

2188 4847 2237 4856 .-

3681 4115 3718 4150 Χ
