3809 5850
1638 395 1950 457 CRATES.
3337 416 3410 466 '25

162 522 354 593 nisse,
398 518 643 586 ἐξωνεῖτο
672 517 795 587 τοὺς
822 519 1011 586 θεατὰς
1041 520 1129 578 καὶ
1167 520 1261 591 τὴν
1294 520 1489 579 τούτων
1518 522 1751 595 εὔνοιαν,

166 609 395 663 sortasse
422 628 545 663 non
572 628 801 665 mermn
840 613 1192 685 grammatici
1216 622 1605 667 commentum
1634 625 1749 681 est,

164 699 259 751 sel
277 716 343 753 ex
379 700 635 753 aliorum
663 700 1031 755 comicorum
1048 741 1067 774 ‚
1092 719 1237 773 quos
1271 696 1461 757 Crates
1483 700 1751 757 adversa-

164 788 277 839 rios
304 786 605 855 habuerit,
648 786 857 843 fabulis
884 790 1144 860 petitum.
1176 790 1261 842 Ex
1304 787 1497 843 eadem
1532 789 1749 849 Aristo--

162 874 365 946 phanis
399 876 695 930 comoedia
722 887 963 950 apparet
1000 885 1231 950 poetam
1254 896 1373 930 non
1398 876 1547 930 ultra
1570 877 1751 948 olym-

160 962 395 1035 pladem
436 962 841 1039 Lxxxvnlj,
872 970 933 1034 1.,
973 966 1191 1021 vixisse.
1228 966 1277 1019 E
1300 966 1501 1031 Mein„
1540 964 1641 1036 qui
1680 962 1753 1019 de

162 1052 399 1123 singulis
426 1051 640 1107 fabulis
678 1064 838 1107 recte
868 1052 959 1109 vel
1002 1070 1302 1126 perperam
1346 1051 1423 1107 ad
1469 1049 1753 1109 Cratetem

160 1140 355 1195 relatis
379 1140 557 1199 docte
587 1142 813 1199 disserit
836 1142 983 1198 nist.
1007 1142 1135 1199 crit.
1162 1162 1223 1218 p.
1252 1142 1327 1199 62
1349 1152 1408 1197 et
1430 1158 1591 1215 seqq.

717 1291 767 1345 1.
818 1286 1213 1347 ΓΕῙἸῸΝΕΣ.

945 1461 996 1500 1.

244 1560 457 1617 Athen.
490 1578 550 1635 9,
590 1579 655 1635 p.
692 1560 827 1636 396,
852 1563 927 1631 D,
972 1562 1045 1619 de
1076 1562 1389 1639 γαλαθηνοῖς
1432 1565 1708 1622 disserens
1736 1586 1749 1625 :

166 1646 383 1723 Κράτης
408 1646 639 1706 Γείτοσι·

258 1772 393 1835 Νῦν
430 1764 543 1853 μὲν
586 1760 700 1856 γὰρ
732 1769 881 1855 ἡμῖν
910 1756 1215 1832 παιδικῶν
1248 1768 1389 1844 οἷλις
1424 1764 1525 1861 (γ’
1559 1766 1753 1861 ἅλις),

262 1874 421 1947 ὅπως
448 1894 562 1961 περ
596 1870 786 1962 ἀρνῶν
822 1872 957 1936 ἐστι
984 1872 1336 1965 γαλαθηνῶν
1368 1899 1439 1940 τε
1476 1874 1579 1940 καὶ

260 1977 522 2071 χοίρων.

168 2109 326 2162 Libri
350 2106 477 2161 sere
500 2104 759 2161 παιδικῶν
786 2104 1047 2172 δαισόκως
1070 2128 1193 2185 περ,
1218 2128 1287 2164 ex
1313 2111 1525 2183 quibus
1542 2110 1759 2167 affectis

166 2196 421 2250 Jacobsii
462 2197 745 2269 sagacitas
790 2194 1086 2255 Additum.
1120 2216 1183 2272 p.
1230 2199 1345 2255 208
1398 2200 1549 2254 eruit
1591 2195 1751 2264 ἅλιςε

170 2301 273 2337 nos
314 2283 565 2337 alterum
605 2278 719 2346 ἅλις
765 2282 1125 2353 addidimus,
1169 2286 1363 2357 quod,
1420 2289 1755 2343 sententiam

170 2372 387 2441 pariter
398 2368 611 2441 juvans
632 2380 691 2424 et
706 2388 953 2440 versum,
980 2372 1053 2425 ab
1073 2374 1252 2427 altero
1278 2374 1544 2431 haustum
1564 2375 1752 2446 fuerit,

172 2454 667 2529 quemadmodum
704 2458 909 2514 similia
951 2456 1236 2515 similibus
1271 2458 1501 2515 officere
1544 2462 1747 2523 solent.

172 2548 255 2601 De
268 2546 531 2618 repetitis
546 2545 833 2619 pathetice
846 2566 903 2601 v.
922 2548 1099 2623 Soph.
1114 2550 1201 2605 El.
1226 2550 1340 2607 206
1356 2568 1514 2627 seqq.
1529 2590 1544 2620 ,
1563 2552 1751 2611 Elmsl.

172 2632 245 2686 ad
266 2632 532 2689 Medeam
568 2640 741 2697 1240.
782 2632 995 2690 Alcest.
1027 2633 1144 2707 696
1175 2652 1192 2693 z

254 2744 405 2823 φίλον
427 2742 491 2800 τὸ
514 2742 705 2823 φέγγος
727 2748 879 2802 τοῦτο
900 2747 990 2802 τοῦ
1018 2748 1133 2803 θεοῦ
1154 2787 1174 2819 ,
1204 2745 1350 2825 φίλον
1366 2791 1383 2817 ,

180 2862 279 2915 ubi
302 2880 359 2914 v.
394 2878 533 2915 ann.
561 2862 858 2915 Terentius
884 2862 1091 2919 Heaut.
1116 2860 1172 2933 3,
1212 2882 1261 2934 1,
1294 2862 1367 2919 30
1403 2884 1416 2918 :
1450 2870 1588 2919 satis
1597 2872 1747 2936 jam,

180 2957 327 3014 meis,
361 2962 535 3024 pater
568 2951 743 3005 durus
762 2950 888 3020 sui.
917 2948 1129 3021 Ὅκως,
1166 2953 1430 3028 frequens
1457 2955 1611 3029 apud
1644 2958 1753 3010 He-

180 3039 482 3108 rodotum,
505 3039 673 3095 decet
695 3041 1077 3114 antiquiorem
1097 3043 1347 3097 Atticum
1370 3055 1627 3114 poetam.

942 3173 993 3210 2.

252 3269 415 3326 Idem
452 3269 547 3338 15,
572 3287 633 3342 p.
660 3269 798 3342 690,
820 3271 875 3325 D
899 3288 913 3323 ε
950 3268 1219 3346 βασιλείου
1244 3267 1303 3325 δὲ
1346 3267 1515 3349 μύρου
1544 3291 1753 3346 μνημο-

174 3355 305 3416 νεύει
338 3354 559 3434 Κράτης
582 3357 637 3412 ἐν
658 3354 865 3415 Γείτοσι
882 3398 903 3431 ,
928 3354 1100 3432 λέγων
1122 3354 1285 3422 οὕτως
1303 3380 1316 3393 ·

272 3473 697 3556 Γλυκότατον,
726 3467 775 3536 ὦ
810 3481 937 3554 Ζεῦ,
982 3467 1096 3551 ὦζε
1130 3471 1439 3556 βασιλείου
1474 3467 1685 3566 μύρουέ

182 3602 341 3656 Libri
364 3599 468 3660 Γλ.
496 3595 541 3655 δ’
584 3586 629 3656 ὖ
651 3601 752 3655 Ζεῦ
785 3602 909 3677 βασ.
954 3621 1016 3674 μ.
1052 3603 1337 3655 Porsonus
1364 3601 1437 3655 ad
1462 3600 1664 3674 Odyss.
1702 3598 1757 3670 5,

176 3687 313 3758 435,
348 3687 447 3746 Γλ.
472 3685 515 3744 δ’
538 3675 640 3753 ὦζε
666 3689 722 3794 Ε.
756 3709 813 3762 μ.
840 3689 1113 3763 Bergkius
1136 3689 1484 3744 Commentt.
1516 3707 1579 3762 p.
1614 3707 1755 3759 277,

176 3775 293 3846 174„
320 3763 367 3832 ὖ
396 3777 543 3848 21⁰6,
578 3774 623 3831 δ’
659 3777 759 3842 ωζε
790 3777 843 3850 β.
877 3799 963 3850 μ.,
988 3765 1160 3845 recte,
1200 3778 1307 3831 nisi
1347 3776 1503 3850 quod
1530 3777 1761 3850 reliquit

170 3863 220 3919 εὲ
249 3866 639 3940 particulam
670 3865 860 3919 hiatus
889 3865 949 3918 in
988 3861 1175 3920 verbis
1202 3867 1307 3923 Ζεῦ
1334 3852 1434 3931 ὦζε
1484 3865 1625 3920 nihil
1668 3865 1751 3918 of-

166 3927 635 4009 lensionisffiabet
668 3969 685 4010 :
714 3971 773 4008 ν.
801 3963 1005 4011 annot.
1028 3945 1116 4008 'ad
1148 3953 1361 4008 Eccles.
1402 3951 1537 4023 748.

246 4177 465 4234 Pollux
486 4199 541 4249 7,
578 4197 691 4252 ¹79
726 4197 740 4232 ε
787 4176 1387 4255 καρδοπογλύφος,
1432 4179 1501 4239 ὡς
1550 4176 1759 4255 Κράτης

160 4274 175 4336 (
202 4271 283 4322 ita
312 4267 455 4322 cod.
484 4267 683 4321 Falck.
716 4284 825 4338 pro
858 4265 1153 4341 Κρατῖνος)
1186 4261 1391 4342 εἴρηκεν
1416 4264 1469 4321 ἐν
1496 4262 1752 4322 Γείτοσιν.

846 4520 1091 4574 vlclm.

947 4610 995 4658 1.

158 4693 333 4744 Nune
366 4691 519 4744 enim
540 4689 701 4745 nobis
716 4659 1049 4746 amasiorum
1076 4690 1209 4746 satis
1226 4697 1333 4756 est,
1358 4689 1507 4756 satis,

154 4776 387 4846 quoties
412 4775 641 4848 quidem
664 4791 937 4849 agnorum
966 4776 1283 4834 lactentium
1310 4784 1367 4833 et

162 4879 489 4932 pon-eorum.

944 4959 995 5008 2.
1432 4955 1722 5024 {guentum
1740 4957 1753 5008 !

2605 542 2656 601 4.

1929 642 2087 698 ldem
2119 642 2200 701 ib.
2233 651 2345 712 204
2390 663 2403 698 ε
2431 641 2491 700 τὸ
2521 641 2576 701 δὲ
2603 652 2816 711 πεσσοῖς
2843 645 3045 713 παίζειν
3072 670 3411 707 πεσσονο-

1846 736 1996 801 μεῖν
2031 732 2134 807 Κρ.
2168 720 2309 789 εἶπεν
2339 732 2392 788 ἐν
2419 729 2671 791 Γείτοσιν.

2607 845 2660 905 5.

1928 958 2087 1014 ldem
2122 980 2214 1035 10,
2251 960 2360 1015 118
2404 976 2421 1019 z
2458 956 2582 1017 ὅταν
2615 959 2658 1017 δ’
2689 960 2810 1035 εἴπῃ
2856 963 2908 1019 ἐν
2951 967 3026 1042 τῷ
3069 965 3414 1024 Αἰολοσίκωνι

1848 1042 2224 1123 Ἀριστοφάνης
2254 1046 2364 1124 (fr.
2400 1048 2502 1123 ιο)
2537 1075 2558 1099 ι
2587 1048 2726 1105 δυοῖν
2752 1050 3054 1128 λυχνιδίοιν,
3095 1078 3119 1103 ι-
3145 1054 3300 1123 δῆλον
3335 1054 3412 1111 ὅτι

1848 1132 2036 1213 λυχνία
2053 1132 2274 1213 εἴρηκεν,
2291 1136 2478 1195 ἀλλὀὐ
2503 1134 2724 1217 λύχνους
2749 1138 2981 1220 μικροὺς,
2993 1136 3172 1219 ὥσπερ
3195 1144 3284 1201 καὶ
3293 1142 3420 1202 ὅταν

1850 1224 1952 1301 Κρ.
1980 1226 2052 1301 φῇ
2079 1225 2131 1281 ἐν
2164 1232 2270 1289 τοῖς
2298 1227 2365 1286 Γ.

1947 1354 2078 1415 Οὐκ
2105 1352 2237 1417 ἔστι
2271 1378 2374 1443 μοι
2399 1346 2736 1446 λυχνίδιον.

2607 1490 2661 1545 6.

1929 1596 2172 1655 Photius
2211 1620 2272 1676 p.
2306 1601 2442 1673 633,
2475 1622 2544 1659 ιιι
2575 1645 2592 1675 ,
2623 1591 2736 1668 ἲ’Υς
2771 1601 2880 1659 διὰ
2912 1602 3122 1682 ῥόδων
3157 1627 3169 1660 :
3199 1606 3286 1663 ἐπὶ
3316 1610 3419 1665 τῶν

1850 1688 2048 1743 σκαιῶν
2073 1686 2166 1744 καὶ
2193 1687 2502 1767 ἀναγώγων.
2531 1692 2638 1769 Κρ.
2673 1690 2739 1750 Γ.
2773 1692 2864 1747 Sic
2889 1695 3026 1750 item
3049 1696 3248 1751 Suidas
3274 1698 3327 1755 Ιι.
3361 1718 3414 1755 ν.

2607 1827 2664 1878 7.

1931 1913 2181 1974 Gramm.
2203 1918 2444 1979 Bekker.
2475 1922 2695 1979 Anecd.
2725 1940 2786 1997 p.
2814 1930 2948 1993 144,
2981 1943 3076 1997 27,
3103 1927 3204 1982 ubi
3235 1929 3422 2003 agitur

1850 2000 1924 2056 de
1950 2001 1996 2057 εἰ
2025 2004 2430 2077 conjunctione
2475 2028 2604 2065 cum
2643 2013 2900 2086 optativo
2951 2032 2962 2067 :
3019 2015 3274 2091 Κρατῖνος
3301 2016 3418 2075 re(-

1848 2108 1991 2146 τοσιν
2007 2113 2020 2125 ·

1951 2206 2025 2271 Ei
2058 2208 2235 2298 σοφὸς
2264 2207 2324 2301 ᾗ.

1857 2356 1881 2380 α
1919 2334 2070 2407 Lege
2113 2333 2348 2411 Κράτης.
2377 2368 2455 2379 --
2484 2338 2762 2395 Praeterea
2787 2344 2959 2397 semel
2992 2342 3223 2410 Γείτονες
3253 2366 3417 2403 com-

1848 2434 2244 2479 memorantur
2261 2425 2619 2484 abAthenaeo
2641 2447 2662 2484 1
2675 2447 2737 2499 o,
2751 2448 2812 2504 p.
2833 2438 2971 2506 429,
2988 2436 3054 2499 A,
3081 2434 3414 2495 uhiebrium

1850 2512 2037 2566 inhac
2083 2512 2274 2570 sabula
2311 2534 2344 2571 a
2375 2517 2600 2572 Cratete
2639 2520 2832 2592 primo
2873 2522 3266 2581 introductum
3305 2546 3422 2585 esse

1846 2609 2058 2656 narrat.
2091 2624 2115 2649 »
2145 2602 2230 2656 Μ.

2433 2750 2510 2810 11.
2557 2752 2832 2813 ΗΡΩΕΣ.

2613 2920 2664 2957 1.

1931 3048 2202 3102 Proverb.
2232 3048 2397 3106 Bodl.
2429 3047 2564 3119 715,
2603 3069 2666 3124 p.
2701 3050 2798 3126 86,
2829 3053 2898 3122 C,
2936 3053 3052 3110 Οὐκ
3088 3052 3268 3111 ἄσκιον
3301 3077 3314 3116 :
3349 3055 3420 3115 εἴ·

1852 3155 2005 3210 ρηται
2031 3133 2244 3192 ἐπὶτῶν
2266 3132 2332 3190 τὰ
2361 3132 2487 3193 κενὰ
2510 3135 2831 3195 δεδοικότων.
2869 3141 2916 3197 Κ
2925 3162 2976 3217 ρ.
3002 3137 3259 3222 Ἥρωσιν·

1953 3265 2083 3327 Οὐκ
2110 3262 2302 3346 ἀσκίῳ
2332 3259 2572 3354 μεντᾶρ’
2608 3263 3088 3357 ἐμορμολόττετ’
3121 3265 3195 3334 ἂν

1957 3369 2175 3442 τοὺς...
2213 3367 2262 3431 εἰ
2295 3359 2438 3432 τάδ’
2471 3369 2603 3433 ἔστ’
2629 3369 2848 3442 ἀληθῆ.

1856 3507 2098 3579 Hesych.
2129 3525 2174 3561 s.
2209 3525 2266 3566 v.
2299 3506 2478 3564 τΟὖκ
2527 3504 2732 3584 ἀσκίῳ
2775 3529 2836 3581 μ.
2871 3507 3420 3586 ἕμορμολύττετ’

1853 3590 2122 3666 αὐτοὺς,
2149 3593 2210 3649 εἰ
2237 3590 2386 3649 τάδ’
2410 3590 2558 3650 ἔστ’
2585 3593 2818 3665 ἀληθῆ·
2843 3595 2932 3651 ἐπὶ
2959 3599 3064 3654 τῶν
3087 3595 3154 3653 τὰ
3185 3596 3310 3655 κενὰ
3339 3600 3420 3656 δε·

1852 3680 2190 3751 δεδοικότων,
2231 3679 2344 3738 ἐπεὶ
2374 3680 2518 3747 κενὸς
2555 3682 2584 3737 ὁ
2624 3681 2799 3747 ἀσκός.
2835 3684 3028 3740 Codex
3060 3673 3171 3741 εἶτα
3201 3684 3248 3741 δ’
3291 3684 3420 3762 ἔστ’,

1852 3773 1912 3824 in
1941 3769 2116 3829 Prov.
2147 3769 2266 3825 haec
2292 3771 2477 3826 solum
2523 3789 2538 3825 ε
2578 3769 2674 3827 οὐκ
2713 3768 2882 3850 ἀσκίῳ
2924 3773 2976 3848 γ’
3019 3771 3420 3850 ἐμορμολύττετ’

1853 3858 2055 3926 αὐτούς.
2077 3861 2248 3916 Forte
2267 3857 2836 3935 ἐμορμολύττεταντους
2856 3861 2996 3917 abiit
3015 3863 3076 3917 in
3099 3861 3421 3940 ἐμορμολύτ-

1852 3947 1961 4004 τετ’
1990 3946 2192 4014 αὐτούς.
2219 3949 2354 4004 Post
2374 3943 2490 4013 τοὺς
2508 3949 2916 4006 substantivum
2948 3949 2964 4025 (
2989 3973 3053 4006 -υ
3075 3951 3092 4022 )
3118 3951 3414 4010 exciderit.

2611 4081 2662 4117 2.

1932 4177 2134 4232 Suidas
2166 4197 2178 4231 ι
2215 4155 2462 4254 Ἀθοίρην,
2489 4176 2586 4232 οὐκ
2631 4174 2868 4252 ἅθήραν,
2907 4173 3004 4246 τὴν
3047 4175 3282 4255 ἐρεικτὴν
3311 4199 3421 4234 κα-

1852 4265 2022 4322 λοῦσι.
2057 4265 2162 4341 Κρ.
2193 4261 2329 4342 ‘'Hp-

2606 4523 2660 4572 5.

1854 4609 1976 4662 Non
2000 4613 2087 4662 est
2109 4605 2244 4660 mihi
2273 4605 2482 4662 lumen.

2607 4699 2660 4749 6.

1851 4784 1910 4839 Si
1931 4782 2148 4854 sapiens
2171 4781 2258 4836 sit.

2477 4870 2789 4926 HEROES.

2611 4962 2632 5009 1

170 5040 595 5106 unicissimum,
643 5043 783 5112 proh
834 5041 1105 5112 suppiter,
1134 5041 1343 5112 regium
1374 5039 1609 5112 spirabat
1652 5055 1754 5095 un·
1851 5049 1972 5101 Non
1999 5044 2246 5101 utet-culo
2272 5045 2436 5116 igitur
2463 5044 2748 5100 terrebatis

949 5135 996 5184 3.

170 5217 505 5274 Maeli-arum
534 5225 780 5274 cavatur.

1851 5136 1992 5202 mos,
2019 5135 2062 5191 si
2087 5135 2204 5190 haec
2225 5149 2350 5190 vera
2379 5141 2527 5189 sunt.
