3809 5850
463 511 576 561 27ss

459 631 727 688 excidisse
757 627 916 704 βάδον
940 637 1074 684 ante
1099 620 1321 702 βαδίζει.
1352 624 1444 679 Sic
1477 624 1770 700 Aristoph.
1799 627 1902 682 AV.
1930 631 2028 692 42.

465 719 729 792 Emphasi
757 718 872 786 ille,
907 716 1017 770 nisi
1045 714 1233 782 fallor,
1275 712 1490 766 ironica
1521 709 1680 789 βάδον
1702 709 1900 788 βαδίζει
1922 731 2033 787 pro

458 808 701 881 simplici
742 803 962 880 βαδίζει.
1006 827 1030 852 α
1083 797 1613 877 Κλασαυχενεύεται,
1663 818 1788 874 quse
1823 801 2035 876 Bryani

459 905 543 950 est
566 893 890 950 emendatio
925 909 1035 966 pro
1059 889 1272 959 κλαυσ.,
1308 889 1531 962 egregie
1572 889 1842 961 exprimit
1873 889 2035 946 Alci-

457 983 642 1037 'niadis
665 980 900 1036 fractam
919 978 982 1035 in
1003 979 1186 1054 capite
1208 976 1454 1032 tenendo
1483 977 1804 1032 mollitiem.
1837 977 2034 1033 Comi-

461 1087 562 1124 cus
597 1070 846 1124 incertus
877 1065 1044 1141 -apud
1091 1063 1267 1124 Clem.
1317 1065 1480 1122 Alex.
1526 1063 1673 1120 Paed.
1714 1062 1769 1136 3,
1810 1083 1871 1139 p.
1924 1064 2033 1121 108

459 1164 620 1238 sylb.
659 1182 672 1217 z

537 1307 620 1318 —
643 1271 725 1334 Τὸ
759 1272 805 1330 δ’
831 1269 949 1329 ὅλον
975 1270 1069 1329 οὔκ
1093 1271 1387 1346 ἐπίσταμαι

541 1359 644 1438 ἐγὼ
674 1357 976 1440 ψιθυρίζειν,
1003 1357 1119 1416 οὐδὲ
1149 1356 1674 1434 κατακεκλασμένας,

540 1447 762 1526 πλάγιον
784 1443 1010 1517 ποιήσας
1031 1445 1121 1504 τὸν
1147 1443 1440 1526 τράχηλον,
1466 1452 1800 1525 περιπατεῖν.

1211 1570 1270 1630 [ι.

539 1677 790 1735 Gramm.
827 1673 1069 1732 Bekkeri
1116 1672 1336 1733 Anecd.
1372 1690 1434 1747 p.
1484 1671 1635 1747 343,
1681 1667 1888 1738 Ἄδικος
1944 1691 1959 1727 2
2009 1671 2037 1728 ὁ

462 1763 538 1841 μὴ
567 1763 702 1842 ἔχων
735 1761 884 1833 δίκην
916 1760 1041 1839 [διὰ
1075 1759 1138 1819 τὸ
1169 1758 1245 1837 μὴ
1275 1757 1580 1827 δικάζεσθαί
1611 1781 1731 1822 τινι.
1763 1761 1915 1860 Haec·
1935 1759 2034 1820 de·

323 1909 334 1916 ,
464 1855 632 1910 lenda
656 1851 864 1929 puto.]
887 1849 1041 1931 Ἄρχ.

563 1949 808 2046 Ᾰμαθὴς
849 1951 1047 2043 σοφὸς,
1086 1941 1326 2027 δίκαιος
1355 1939 1589 2025 ἄδικος.

463 2071 553 2132 καὶ
576 2071 637 2130 τὸ
665 2069 872 2148 ἀμαθὴς
900 2069 957 2129 δὲ
1002 2069 1226 2128 ἒνταῧθα
1265 2066 1382 2127 ἀντὶ
1408 2070 1500 2128 τοῦ
1525 2064 1689 2145 μηδὲν
1715 2063 1752 2139 ἢ
1777 2065 1929 2147 φύσει
1962 2068 2036 2126 εἶ-

461 2160 580 2227 δώς.
605 2160 868 2218 Horatius
895 2163 964 2220 A.
984 2156 1053 2218 P.
1080 2159 1196 2218 366
1229 2177 1244 2214 t
1272 2170 1333 2214 et
1345 2177 1483 2214 voce
1496 2170 1747 2234 patema
1776 2159 2038 2231 Fingert's

461 2255 544 2308 ad
574 2263 804 2322 rectum,
833 2263 893 2306 et
905 2261 1086 2324 perte
1104 2249 1180 2322 (i.
1207 2267 1258 2306 0.
1281 2247 1518 2321 natura)
1555 2252 1726 2321 sapis.
1759 2247 1904 2303 Male
1936 2265 2039 2302 οο-

463 2339 572 2396 dex
597 2335 760 2414 μηδ1ν
806 2334 958 2418 φύσει
981 2335 1079 2396 εἰδ.
1114 2335 1289 2393 Forte
1311 2331 1347 2404 ἢ
1374 2335 1675 2395 exciderit.
1711 2335 2039 2410 Xenophon

461 2429 678 2501 Cyrop.
709 2425 767 2496 8,
787 2424 846 2494 3,
881 2424 957 2494 46
991 2442 1006 2484 :
1035 2421 1130 2499 ἐμὲ
1163 2420 1220 2480 δὲ
1245 2421 1411 2499 μηδὲν
1451 2420 1584 2480 ἄλλο
1612 2419 1647 2492 ἢ
1693 2419 1873 2501 ὥσπερ
1898 2420 2039 2488 ξένον

462 2511 645 2593 τρέφε,
671 2524 780 2572 etc.

1137 2623 1146 2634 ι
1219 2605 1279 2665 5·

543 2725 780 2779 Antiatt.
809 2742 868 2797 p.
913 2722 1042 2794 113,
1076 2741 1149 2778 ao
1176 2766 1193 2793 ,
1237 2719 1665 2798 Συμπατριώ
1684 2742 1793 2791 της
1837 2718 2039 2800 τἏρχ.

463 2813 523 2871 τὸ
579 2811 756 2889 μέντοι
795 2809 1100 2889 πατριώτης
1137 2807 1356 2877 Ἄλεξις.
1415 2835 1441 2861 ι
1491 2811 1765 2884 Spectant
1799 2813 1918 2868 haec
1966 2811 2041 2868 ad

465 2899 828 2958 decantatum
861 2900 1004 2956 illud
1041 2901 1433 2957 Atticistarum
1461 2909 1833 2975 praeceptum,
1880 2899 2042 2975 quod

463 2990 725 3063 pluribus
745 2990 1042 3045 illustravit
1060 2988 1385 3045 Lobecklus
1411 2988 1484 3044 ad
1505 2980 1724 3062 Pht-yn.
1756 3008 1820 3065 p.
1851 3006 1983 3060 172.
2010 3012 2033 3039 υ

469 3078 647 3135 Mein.
678 3078 881 3133 Pollux
908 3076 964 3148 3,
991 3076 1066 3144 54
1097 3096 1112 3133 t
1141 3071 1298 3155 Ἀρχ.
1329 3072 1384 3134 δὲ
1399 3074 1489 3133 καὶ
1517 3074 2042 3159 συμπιατριὼτας

465 3162 584 3243 ἔφη.

1223 3260 1282 3320 6.

545 3378 858 3435 Herodiani
886 3377 1086 3453 fragm.
1113 3396 1174 3452 p.
1202 3376 1315 3445 460
1352 3376 1604 3433 Lobeck.
1649 3394 1664 3433 ε
1696 3374 1756 3433 τὸ
1786 3372 2038 3454 ξύστρα

465 3462 630 3540 ὄνομα
657 3461 807 3545 παρὰ
829 3463 1108 3544 Ἀρχίππῳ
1129 3466 1206 3543 τῷ
1227 3464 1468 3544 κωμικῷ.
1497 3467 1562 3523 V.
1591 3464 1674 3522 ibi
1701 3466 1955 3525 Lobeck.

1234 3598 1285 3649 7.

547 3691 749 3746 Pollux
771 3689 827 3760 3,
854 3709 876 3745 1
891 3690 962 3756 54
989 3687 1426 3767 επαιδοτριὸικὴν
1450 3688 1505 3748 δὲ
1526 3688 1715 3769 τέχνην
1739 3688 2043 3768 Ἰσοκράτης

467 3776 694 3856 εἴρηκεν,
723 3777 950 3834 παιδότ
965 3799 994 3855 ρ
1012 3776 1074 3835 ι6
1087 3778 1104 3834 ι’.
1118 3800 1150 3835 α
1165 3801 1190 3843 ς
1211 3770 1370 3857 Ἄρχ.
1397 3782 1425 3836 ὁ
1443 3776 1691 3853 κωμικός.
1721 3781 1893 3836 Mein.
1923 3798 2042 3835 ma-

466 3868 532 3920 lit
553 3862 963 3945 παιδοτρίὸειαν.
994 3866 1080 3926 Cf.
1109 3866 1179 3925 fr.
1217 3886 1308 3926 10.

1225 3980 1282 4031 8.

551 4096 710 4153 Idem
730 4095 786 4165 6,
814 4116 835 4151 1
853 4103 922 4166 74
959 4112 972 4149 τ
1003 4090 1158 4173 'Ap-g.
1181 4092 1236 4152 δὲ
1259 4098 1286 4153 ὁ
1318 4092 1548 4170 κωμικὸς
1577 4092 1750 4155 καὶτὸ
1779 4094 2045 4175 ἶσόχρυ·

470 4204 576 4241 σον
603 4180 799 4260 εἴρηκε.

1221 4302 1240 4335 (
1264 4323 1280 4338 ο

551 4395 798 4449 Zonaras
829 4394 964 4451 Im.
1003 4413 1064 4467 p.
1100 4308 1274 4469 1163,
1306 4394 1342 4451 6
1370 4387 1562 4471 εἈρχ.
1589 4418 1612 4445 ιι
1642 4392 1788 4473 Φέρε
1813 4395 1842 4425 ¹*
1878 4393 2041 4452 καθί-

463 4482 642 4556 ζωμιν
666 4480 806 4541 θαδί.
833 4505 858 4532 ιι
884 4481 1141 4559 Κρατῖνος

553 4594 620 4651 Ei
649 4595 856 4671 πρῶτος
880 4590 1044 4659 ῑΛθοις
1061 4639 1078 4669 ,
1111 4590 1211 4651 κᾶν
1235 4592 1534 4661 καθίζεσθαι
1558 4591 1761 4659 λάὸοις.

473 4710 775 4765 Tittmann.
805 4706 1098 4783 καθίζωμεν
1122 4706 1316 4769 ἐνθαδί.
1349 4710 1526 4766 Recte
1553 4708 1722 4768 Mein.

571 4826 736 4915 Φέρε,
771 4818 1065 4915 καθίζωμ’
1093 4818 1311 4891 ἐνθαδί.

1216 4970 1309 5009 10.

1241 5250 1295 5300 4.

467 5331 736 5391 Indoctus
756 5334 969 5408 sapiens
988 5354 1003 5403 ;
1025 5334 1210 5406 Justus
1231 5335 1286 5391 in
1315 5334 1440 5407 jure
1469 5350 1580 5390 non
1604 5340 1953 5405 conspectus
2212 5340 2348 5407 Age,
2380 5332 2662 5391 considam
2682 5330 2790 5389 hic.

2080 5006 2087 5023 ·
2133 4977 2204 5033 ad
2230 4990 2484 5035 veterum
2512 4978 2740 5034 illorum
2766 4994 3030 5033 normam
3062 4977 3457 5043 instituerunt,
3501 4972 3543 5026 oi
3576 4968 3667 5025 ἐπι·

557 5066 788 5122 Photius
818 5084 876 5140 p.
902 5071 1001 5137 47,
1039 5084 1136 5137 17,
1176 5077 1231 5122 et
1277 5066 1495 5133 Suidas,
1541 5060 1800 5129 Ἰζωθώς
1831 5082 1846 5122 :
1879 5064 2043 5143 χωρὶς
2080 5084 2089 5109 ¹
2134 5063 2362 5143 δεύτεροι
2397 5062 2526 5122 δέκα
2552 5062 2765 5143 ῥήτορες
2786 5064 3049 5140 appellati
3078 5074 3209 5119 sunt
3230 5104 3248 5133 ,
3278 5074 3421 5119 teste
3446 5057 3599 5116 Suida
3624 5070 3669 5105 v·

1453 491 1865 552 COMOEDIAE
1905 485 2244 554 VETEms
2288 493 2699 570 RELIQUIAE.

2130 627 2225 682 ‘tois’
2254 647 2272 681 ι
2298 622 2481 705 Ἄρχ.,
2510 625 2602 684 καὶ
2622 623 2851 705 Ἀροίρως
2878 651 2903 678 α
2930 623 3141 693 Ἔωθας
3179 654 3204 679 ι·
3233 627 3323 685 καὶ
3360 627 3640 696 Θουκυδίδης

2127 710 2177 784 η’
2202 737 2225 765 α
2248 710 2477 771 ἐώθεσαν
2496 741 2519 764 ι
2546 713 2609 794 (3⁹
2629 713 2845 772 εἰωθότα
2876 716 3081 790 legitur
3104 717 3163 771 in
3190 735 3261 772 eo
3286 718 3427 774 libro
3456 737 3505 776 c.
3532 719 3593 772 68
3612 733 3637 774 ¹.

2126 823 2151 852 ι
2172 802 2448 860 AEolicam
2466 803 2611 859 hanc
2640 803 2880 859 formam
2896 802 3037 859 dicit
3062 804 3428 882 Etymologus
3454 825 3509 880 p.
3538 807 3640 873 306,

2126 886 2220 950 50.
2241 889 2327 948 cf.
2360 889 2435 948 ad
2452 891 2662 948 Cratini
2686 890 2803 950 fab.
2826 893 3028 951 incert.
3067 910 3161 952 12.
3194 918 3221 944 a·
3250 895 3301 950 Ε
3324 897 3405 950 M.

2864 1020 2957 1060 11.

2205 1113 2366 1170 Idem
2422 1133 2484 1189 p.
2532 1111 2679 1183 512,
2726 1133 2789 1188 1,
2832 1113 3126 1173 Σιλλοῦν
3170 1133 3186 1176 :
3232 1113 3347 1184 τοὺς
3394 1114 3646 1195 ὀφθαλμώς

2124 1199 2299 1280 ἠρέμα
2321 1201 2637 1282 περιφέρειν.
2665 1201 2826 1270 οὕτως
2852 1198 3011 1282 Ἄρχ.

2866 1337 2958 1378 12.

2204 1429 2364 1485 Idem
2390 1447 2452 1503 p.
2483 1427 2619 1500 520,
2660 1429 2721 1504 5,
2763 1427 3155 1495 Σκιάποδες
3208 1427 3481 1488 :meunt-v
3524 1427 3636 1492 ἔθνος

2123 1513 2285 1580 οὕτως
2311 1511 2467 1594 Ἄρχ.
2498 1519 2585 1574 De
2627 1518 2976 1593 Sciapodum
3014 1529 3181 1593 gente
3219 1518 3472 1574 fabulosa
3506 1521 3643 1573 Mein.

2124 1595 2374 1652 laudavit
2396 1598 2630 1654 Ctesiam
2668 1616 2761 1672 ap.
2788 1598 3066 1672 Harpocr.
3105 1617 3169 1673 p.
3202 1597 3335 1668 168,
3356 1599 3521 1656 schol.
3544 1599 3649 1653 Ari-

2124 1685 2317 1760 stoph.
2347 1687 2554 1742 Avium
2586 1685 2766 1756 1552,
2800 1697 2858 1742 et
2884 1686 3383 1744 Schneidewiuum
3410 1687 3563 1743 docte
3596 1685 3649 1739 ‹le

2126 1790 2191 1828 ea
2224 1785 2600 1848 exponentem
2622 1773 2904 1846 Conjectt.
2942 1775 3070 1833 crit.
3096 1793 3154 1850 p.
3179 1793 3247 1832 21
3278 1793 3397 1850 seq.

2206 2052 2231 2079 ι
2251 2030 2505 2085 Fuerunt
2531 2030 2629 2101 qui
2653 2038 2925 2102 quattuor
2960 2027 3179 2084 fabulas
3218 2030 3395 2104 vulgo
3424 2047 3523 2103 pro
3556 2025 3651 2082 Ari·

2126 2117 2451 2190 stophaneis
2474 2115 2729 2185 habitas,
2759 2117 3061 2190 Archippo
3093 2116 3435 2186 tribuerent,
3462 2117 3649 2178 Paesin,

2126 2202 2485 2280 Naufragum
2506 2245 2522 2274 ,
2554 2207 2782 2260 Insulas
2805 2246 2822 2275 ,
2852 2216 2909 2260 et
2946 2205 3185 2261 Niobam
3229 2225 3250 2258 .-
3278 2225 3340 2262 ν.
3372 2211 3653 2278 Αιιοιψτιιις

2126 2293 2385 2349 laudatus
2410 2294 2469 2347 in
2496 2293 2940 2368 prolegomenis,
2970 2292 3223 2367 Ναυαγοῦ
3263 2294 3384 2349 sive
3418 2289 3505 2354 Δὶς
3528 2311 3653 2346 ναυα-

2126 2383 2219 2458 γοῦ
2253 2381 2411 2458 (nam
2439 2380 2517 2438 ita
2544 2399 2777 2456 quoque
2818 2381 2929 2437 hoc
2958 2381 3158 2436 drama
3198 2381 3527 2457 inscriptum
3549 2377 3651 2452 legi·

2128 2466 2254 2546 tur)
2306 2468 2473 2525 nullae
2516 2480 2820 2544 supersunt
2871 2470 3122 2543 reliquiae
3139 2510 3156 2540 ,
3194 2471 3304 2524 nisi
3354 2469 3497 2525 forte
3532 2465 3652 2540 apud

2128 2559 2419 2616 Pollucem
2453 2577 2546 2634 10,
2578 2556 2677 2634 33,
2695 2558 2766 2615 de
2794 2576 2912 2632 quo
2936 2559 3067 2614 loco
3090 2576 3150 2616 v.
3176 2557 3445 2617 Dindorf.
3468 2559 3650 2629 Fragm.

2127 2645 2415 2721 Aristoph.
2438 2664 2501 2719 p.
2535 2643 2668 2713 154.
2699 2641 2898 2714 Νῆσων
2925 2657 2983 2701 01
3009 2642 3206 2702 Νιόόου
3234 2645 3543 2720 fragmenta
3566 2661 3651 2698 ex·-

2128 2745 2296 2794 stant.
2333 2731 2539 2799 Ἱππεῖς
2560 2734 2811 2791 fabulam
2844 2734 3000 2810 apud
3024 2735 3355 2791 Fabricium
3392 2753 3459 2790 ex
3495 2730 3653 2808 Ἰχθύσι

2130 2834 2463 2898 corruptam
2484 2840 2604 2878 esse
2626 2821 2771 2878 vidit
2792 2822 3029 2880 Casaub.
3053 2821 3127 2878 ad
3156 2822 3367 2878 Athen.
3397 2822 3454 2889 6,
3470 2840 3526 2894 p.
3550 2836 3651 2885 ²²72

2130 2914 2201 2972 A.
2233 2913 2515 2987 Denique,
2544 2910 2703 2984 cujus
2728 2912 2985 2968 meminit
3014 2911 3301 2966 Harlesius
3330 2911 3511 2969 Sevini
3530 2925 3653 2963 com·

2130 3012 2407 3070 mentum,
2434 3000 2765 3057 Archilochi
2793 3002 2929 3076 (seu
2952 3000 3145 3075 potius
3170 2994 3507 3071 Dinolochi)
3528 2996 3655 3052 Tele-

2130 3090 2309 3165 phum
2350 3089 2589 3163 (Athen.
2627 3086 2685 3158 3,
2715 3106 2783 3161 p,
2816 3106 2918 3143 111
2943 3128 2961 3156 ‚
3006 3084 3085 3162 C)
3119 3087 3415 3163 Archippo
3450 3086 3653 3142 tribue-w
3703 3166 3704 3169 Ἰ

2131 3180 2231 3250 tis,
2262 3180 2439 3235 verbo
2470 3178 2711 3253 tetigisse
2732 3174 2993 3232 sufficiat.
3026 3200 3051 3225 ιο
3079 3177 3131 3230 Ε
3156 3177 3245 3233 Μ.

2818 3374 3013 3441 xlx.

2594 3556 3245 3627 ARISTOMENES.

2222 3770 2243 3793 a
2270 3743 2470 3799 Suidas
2493 3739 2894 3820 εἈριστομένης
2922 3738 3209 3813 Ἀθηναῖος,
3227 3738 3463 3819 κωμικὸς
3484 3741 3573 3797 τῶν
3584 3737 3663 3793 ἐπι-

2134 3828 2387 3909 δευτέρων
2428 3830 2523 3899 τῆς
2572 3827 2800 3907 ἀρχαίας
2840 3826 3121 3907 κωμῳδίας
3136 3870 3153 3897 ,
3203 3824 3261 3886 οἳ
3292 3819 3431 3901 ἦσαν
3472 3826 3548 3885 ἐπὶ
3584 3827 3663 3881 τῶν

2133 3918 2617 3989 Πελαπονησιακῶν
2635 3960 2651 3988 ,
2676 3916 2965 3991 ὀλυμπιάδι
2996 3918 3106 3993 (sic
3124 3920 3351 3993 primus
3374 3922 3561 3976 Portus
3580 3932 3661 3989 pro
3696 3916 3698 3962 ὲ

2134 4015 2412 4081 corrupto
2444 4002 2820 4080 ὀλυμπιάδων)
2850 4006 2953 4072 ἰι-ζ’.
2994 4005 3080 4063 Ex
3109 4007 3504 4084 Aristophanis
3526 4004 3663 4059 scho-

2132 4098 2312 4165 liasta,
2355 4098 2709 4170 Argumento
2741 4095 3044 4168 Equitum,
3081 4093 3445 4171 intelligitur,
3484 4094 3696 4167 Aristo-3

2132 4203 2355 4241 menem
2392 4184 2609 4257 olymp.
2640 4180 2745 4250 88,
2776 4188 2808 4248 4
2850 4180 3005 4259 (ante
3026 4183 3159 4240 Chr.
3210 4182 3369 4259 424)
3394 4176 3667 4259 ‘noepdpoue
3694 4168 3696 4224 4

2134 4292 2266 4329 cum
2306 4271 2707 4347 Aristophanis
2735 4271 3035 4346 Equitibus
3068 4282 3121 4327 01
3156 4270 3375 4327 Cratini
3410 4270 3602 4343 Satyris
3624 4266 3665 4317 in
3692 4338 3694 4343 1

2134 4371 2419 4417 certamen
2446 4359 2807 4417 commisisse.
2844 4388 2927 4403 --
2950 4359 3227 4416 Videntur
3268 4372 3488 4416 veteres
3520 4350 3667 4413 critici

2131 4460 2327 4523 poetas
2354 4449 2597 4522 antiquae
2622 4446 2916 4503 comoediae
2947 4447 3005 4502 in
3028 4446 3166 4503 duas
3190 4448 3355 4503 velut
3372 4448 3557 4503 classes
3580 4442 3665 4497 dis·

2131 4538 2432 4611 pescuisse,
2452 4554 2623 4592 unam
2640 4537 3014 4592 vetustiorum
3034 4545 3165 4591 aute
3182 4534 3403 4591 bellum
3425 4534 3665 4607 Pelopon·
3690 4554 3692 4559 ·

2132 4626 2437 4695 nesiacum,
2454 4626 2686 4681 alteram
2700 4624 2801 4679 τῶν
2822 4620 3189 4700 ἐπιδευτέρων,
3207 4625 3249 4678 i.
3276 4642 3329 4683 e.
3352 4624 3663 4697 sequiormm

2134 4714 2234 4787 qui
2254 4714 2387 4788 ipsis
2394 4713 2530 4769 belli
2541 4712 2893 4786 temporibus
2906 4708 3245 4767 floruissent.
3264 4710 3471 4767 Eadem
3484 4708 3667 4763 ratione

2133 4797 2525 4875 Phrynichum
2572 4806 2678 4863 τοῖς
2740 4796 3084 4876 ἐπιδευτέροις
3124 4800 3424 4854 accensuit
3472 4792 3665 4853 Susam
3688 4846 3690 4857 ,

2134 4890 2382 4962 itemque
2410 4888 2609 4943 decem
2638 4900 2893 4957 oratores
2924 4887 3163 4954 delecti,
3190 4905 3339 4960 quos
3364 4882 3667 4941 nec-entiores

3481 5164 3661 5187 -.—-—-·-‘

2896 5250 2951 5301 9.
