3809 5850
1621 406 1930 468 CRATES.

166 563 241 607 ιο
298 570 329 604 ιι
357 540 597 606 Οὔκουν
624 535 1049 632 μεταστρέψας
1067 540 1309 607 σεαυτὸν
1327 540 1471 607 ἁλσὶ
1490 542 1732 628 πάσεις,

1380 647 1659 741 ἁλίφρονς
1698 674 1731 707 1)

156 781 325 834 Versu
350 774 383 831 3
412 776 557 832 libri
583 778 757 831 ταῦτα
786 794 899 851 pro
924 772 1075 849 τάδε,
1124 777 1282 851 quod
1314 778 1415 833 illo
1452 779 1735 853 interpre-

158 869 249 921 tati
274 877 429 933 sunt,
465 866 539 921 de
566 876 759 919 metro
796 865 1003 929 securi.
1051 866 1237 921 Minus
1273 864 1419 921 bene
1448 866 1739 939 Elmslejus

156 959 213 1008 in
230 956 549 1028 Edinburg.
576 955 711 1009 Rev.
742 954 863 1007 vol.
905 970 997 1026 19,
1023 972 1085 1027 p.
1119 951 1214 1023 88,
1240 963 1298 1008 01
1324 954 1420 1008 alii
1448 949 1515 1009 τὰ
1542 950 1735 1011 πάντα.

160 1044 329 1097 Versu
364 1051 399 1110 4
427 1038 767 1098 Dindorfius
807 1036 921 1096 αὕθ’
966 1038 1195 1099 ἕκασιον.
1230 1042 1301 1097 V.
1341 1040 1374 1096 5
1408 1043 1542 1097 libri
1572 1063 1737 1121 παρα·

154 1132 277 1186 τιθῶ
307 1152 395 1207 τρ.
424 1129 671 1187 casaub.
710 1126 1025 1205 παρατίθου,
1055 1152 1099 1185 ω
1136 1150 1219 1207 τρ.
1246 1119 1519 1186 Inutile
1480 1152 1525 1187 ω
1550 1142 1737 1187 metro

154 1218 363 1274 delevit
390 1219 591 1276 Elmsl.
612 1219 683 1272 V.
724 1218 761 1271 6
794 1227 950 1273 recte
986 1214 1143 1286 αὐτὴ,
1177 1222 1339 1291 ipsa,
1368 1229 1463 1274 tua
1496 1231 1733 1294 sponte,

152 1324 261 1379 pro
282 1302 443 1375 αὕτη,
470 1304 612 1360 heus
633 1317 706 1372 tu,
742 1323 862 1377 quo
881 1304 1025 1359 nihil
1046 1322 1211 1379 opus,
1236 1306 1484 1381 lleringa
1503 1309 1731 1363 Observ.

152 1411 213 1465 p.
250 1398 384 1463 174.
416 1395 489 1449 V.
530 1412 561 1463 7
602 1394 683 1447 sic
716 1389 1071 1449 Dindoriius.
1111 1392 1307 1449 Codex
1342 1392 1397 1451 A
1437 1390 1736 1459 λιανίζουσα

154 1478 401 1549 σεαυτήν.
452 1482 522 1535 V.
584 1478 621 1535 8
668 1482 807 1555 χρῆν
860 1498 971 1553 pro
1016 1476 1121 1558 χρὴ
1166 1482 1387 1555 primus
1424 1482 1617 1539 Elmsl.
1681 1494 1739 1539 ct

156 1568 335 1645 ἐξερᾶν
384 1566 453 1625 τὰ
506 1588 617 1644 pro
669 1565 948 1645 ἐξαιράντα
992 1569 1311 1643 Schweigh.
1360 1572 1427 1627 V.
1478 1588 1517 1644 9
1562 1570 1731 1628 codd.

154 1656 390 1728 οὐδέπω,
418 1658 510 1713 vel
538 1654 763 1729 οὖδέπο,
789 1654 917 1711 τάπὶ
938 1654 1048 1713 θάτ.
1068 1658 1387 1713 violentius
1414 1658 1509 1712 alii
1529 1655 1737 1713 οὐδέπω

152 1746 251 1821 ’πὶ,
275 1748 370 1801 vel
395 1745 564 1818 quod
588 1746 763 1800 etiam
779 1743 963 1819 pejus,
980 1742 1096 1800 οὐδὲ
1115 1742 1267 1800 τάπί.
1292 1747 1557 1819 Denique
1580 1765 1635 1801 v.
1668 1764 1735 1802 10

156 1836 326 1892 codd.
354 1834 475 1889 fere
504 1830 724 1889 σεαυτὸν
748 1830 972 1897 ἄλειπας
991 1832 1319 1911 εἰσαλείφων.
1345 1831 1586 1893 Casaub.
1613 1831 1736 1891 ἁλσὶ

152 1922 313 1980 κάπ’
344 1919 679 2001 εἶσαλείφων,
710 1941 837 1997 quae
878 1940 950 1977 ne
975 1941 1167 1978 versus
1196 1924 1431 1997 quidem
1464 1924 1731 1982 admittit.

153 2014 253 2067 Cui
294 2013 637 2069 subveniens
660 2011 861 2068 Elmsl.
908 2011 1129 2085 scripsit
1158 2030 1211 2069 σ.
1257 2008 1379 2068 ἁλσὶ
1420 2012 1729 2087 (Dindorl'.

154 2098 461 2179 fiiij-:edem
484 2100 601 2156 ἁλί
554 2122 733 2179 ειφων,
746 2118 1055 2175 nonmagis
1070 2101 1163 2154 1110
1180 2118 1351 2173 quam
1365 2100 1462 2155 alii
1488 2100 1734 2155 offensus

154 2190 351 2263 frigida
374 2190 695 2263 tautologia
730 2189 821 2244 τοῦ
852 2186 1099 2265 ἀλείφων.
1124 2188 1275 2243 Nihil
1296 2190 1481 2262 aptius
1501 2199 1732 2243 senten-

158 2282 245 2333 tiae
276 2296 455 2351 quam
494 2274 747 2354 ἆλίφρον,
782 2275 1049 2349 idemque
1075 2278 1427 2333 simillimum
1462 2278 1730 2351 vulgat03

156 2367 325 2422 semel
354 2368 581 2439 scripto
610 2377 678 2421 ut
706 2365 775 2421 fit
804 2362 990 2442 ἇλίφον
1013 2384 1133 2421 0011
1162 2366 1449 2423 defuerint
1476 2369 1573 2440 qui
1599 2370 1733 2443 opi-

156 2456 321 2511 tulari
359 2456 475 2510 sibi
510 2454 870 2522 viderentur,
916 2453 965 2508 si
1002 2464 1287 2527 ponerent
1329 2452 1576 2533 ἀλείφων.
1608 2458 1732 2511 ,1310

155 2546 327 2617 igitur
346 2543 537 2616 major
564 2560 740 2617 quam
763 2539 1079 2598 Naumachi
1118 2544 1425 2599 auctoritas
1461 2545 1628 2600 allata
1654 2556 1735 2600 est

156 2633 233 2706 τῷ
264 2628 532 2710 ἇλίφρων,
557 2650 593 2686 3
620 2650 741 2704 quo
767 2629 1023 2686 derivata
1042 2648 1157 2685 vox
1180 2626 1501 2710 ἆλιφροσύνη
1529 2631 1735 2707 legitur

156 2717 309 2791 apud
336 2716 707 2791 Hesychium.

920 2833 972 2870 2.

232 2927 391 2982 Idem
429 2927 517 2984 ib.
563 2945 627 3002 p.
666 2927 804 2996 268,
840 2929 933 2982 A:
969 2922 1085 2997 ἑξῆς
1112 2924 1167 2984 δὲ
1208 2925 1344 3003 μετὰ
1374 2931 1543 2986 ταῦτα
1584 2931 1613 2985 ὁ
1640 2929 1728 2986 τὸν

164 3011 379 3072 ἐναντίω
403 3011 583 3093 τούτῳ
604 3012 1047 3094 παραλαμὸἄνων
1074 3013 1228 3092 λόγον
1258 3015 1433 3094 φησίν·

248 3124 401 3196 Δλλ’
432 3130 671 3206 ἀντίθες
723 3155 839 3196 τοι·
890 3133 1007 3225 ἐγὼ
1053 3131 1167 3226 γὰρ
1221 3130 1376 3199 αὐτὰ
1410 3129 1730 3226 τᾶμπαλιν

240 3235 326 3302 τὰ
362 3234 553 3364 θερμὰ
584 3234 815 3329 ’λουτρὰ
846 3246 1087 3330 πρῶτον
1130 3233 1260 3315 ἄξω
1298 3247 1489 3318 τοῖς
1464 3243 1631 3333 ἐμοῖς

242 3341 349 3408 ἐπὶ
376 3343 623 3423 κιόνων,
657 3347 857 3436 ὥσπερ
889 3335 983 3408 δ
937 3369 1001 3409 ια
1042 3355 1150 3411 τοῦ
1192 3345 1483 3412 παιωνίου

242 3448 349 3514 ἐπὶ
382 3459 495 3525 τῆς
528 3449 859 3530 θαλάττης,
887 3447 1025 3517 ὥσθ’
1051 3450 1287 3535 ἑκάστῳ
1320 3454 1582 3544 ῥευσεται

155 3547 188 3614 5
242 3553 331 3630 εἰς
362 3558 479 3628 τὴν
509 3555 755 3620 πύελον·
789 3557 913 3648 ἐρεῖ
942 3547 1033 3640 δὲ,
1068 3549 1261 3649 θῦδωρ
1290 3559 1599 3647 ἀνέχεται.

240 3649 461 3726 Επειτ’
494 3655 845 3737 ἀλάὲαστος
870 3661 1081 3740 εὐθέως
1108 3657 1243 3740 ἥξει
1274 3665 1457 3756 μύρου

234 3766 623 3858 αὐτόματος,
654 3771 689 3832 6
722 3768 983 3861 σφόγγος
1026 3795 1111 3853 τε,
1142 3770 1246 3834 καὶ
1274 3768 1355 3835 τὰ
1388 3763 1677 3836 σάνδαλα.

144 3897 319 3952 Versu
356 3917 379 3951 1
427 3897 651 3954 0011.Λ
673 3918 783 3968 τοι,
810 3899 983 3954 ceteri
1009 3895 1143 3956 τόδ.
1168 3898 1425 3955 Scribam
1448 3895 1579 3975 τόγ’.
1610 3900 1730 3953 Ibi·

142 3984 269 4040 dem
316 3985 459 4040 libri
484 3981 771 4057 πάμπαλιν
822 4004 966 4041 voce
1006 3987 1202 4055 nihili3
1248 3988 1488 4046 Casaub.
1534 3999 1591 4043 et
1633 3989 1727 4043 alii

140 4069 441 4144 riganda.
468 4071 547 4131 V.
587 4091 672 4126 3-
648 4077 796 4137 ιτοῖς
816 4073 980 4147 ἐμοῖς,
1008 4075 1047 4131 i.
1074 4092 1123 4132 0.
1146 4075 1213 4130 iis
1242 4094 1343 4148 qui
1362 4093 1515 4130 meas
1540 4085 1731 4148 partes

136 4162 767 4233 sequnntur.»»Me1‘n.
798 4163 959 4218 Idem
997 4162 1068 4219 ad
1113 4183 1170 4218 ν.
1206 4166 1243 4222 3
1276 4165 1592 4238 annotavit,
1624 4165 1727 4220 hu·

129 4247 219 4316 jus
260 4250 613 4304 nosocomei
644 4249 718 4304 ad
754 4269 945 4321 mare,
976 4252 1035 4305 in
1060 4249 1303 4324 Piraeeo,
1330 4263 1397 4308 ut
1424 4251 1726 4323 conjicias,

128 4419 331 4473 -sson
360 4415 537 4488 igitur
564 4424 621 4472 te
646 4425 929 4473 convertes
950 4425 1006 4474 et
1029 4417 1143 4476 sale
1163 4434 1401 4492 sparges,
1428 4418 1651 4477 stolide.
1640 4423 1721 4469 θ»

918 4511 972 4560 2.

126 4591 245 4646 Sed
298 4591 413 4648 1100
436 4591 677 4648 vicissim
718 4591 1040 4650 considera!
1085 4611 1189 4667 ego
1216 4595 1423 4652 scilicet
1454 4596 1729 4654 contrario

1566 4682 1691 4739 mod

204 4766 436 4822 calida
420 4780 539 4838 ipsa
562 4765 756 4825 balnea
780 4769 1023 4842 primum
1050 4769 1243 4826 amicis
1272 4770 1405 4826 meis
1422 4685 1621 4826 ductim
1696 4700 1729 4740 ο

206 4871 389 4928 super
412 4855 719 4925 columnis,
748 4858 901 4916 velut
920 4875 1019 4932 per
1040 4873 1437 4916 nosocomeum

208 4941 289 4998 311
318 4959 491 5012 mare,
522 4945 597 5001 ita
624 4953 689 5002 ut
708 4947 911 5018 cuique
938 4946 1185 5004 defluant

140 5035 177 5082 Ξ,
210 5031 273 5086 in
298 5031 553 5100 labrum3
574 5033 673 5091 ubi
702 5049 833 5090 vero
854 5034 1037 5107 jussit,
1062 5049 1204 5106 aqua
1229 5035 1453 5091 sistitur.

222 5116 437 5174 Deinde
452 5119 723 5177 alabaster
741 5121 851 5177 cito
875 5121 1053 5178 veniet
1078 5122 1481 5194 unguentarius

222 5205 519 5276 1·,011101310
538 5217 595 5268 01
616 5209 877 5282 spongia,
907 5217 965 5268 et
982 5210 1148 5268 soleae

3323 422 3394 473 77

1830 542 2046 596 nullam
2074 552 2346 616 praeterea
2371 539 2720 600 mentionem
2741 541 2864 599 fieri
2895 545 3049 620 apud
3076 548 3397 621 scriptores.

1828 634 1897 688 V.
1933 628 1968 684 5
1995 628 2100 706 ἐρεῖ
2124 628 2201 705 δὲ,
2229 641 2296 685 ut
2323 629 2393 686 fr.
2429 650 2484 703 1,
2513 628 2570 700 5,
2595 626 2721 687 ὅταν
2755 632 2893 710 καλῇ
2923 654 2996 705 τι,
3019 636 3305 691 intellecto
3325 632 3402 699 τὶς
3497 646 3502 653 “

1827 718 2192 792 pronomine.
2217 717 2442 773 Deinde
2469 719 2643 793 vulgo
2668 717 2934 797 ἂνεκχέτει
2949 768 2965 792 ,
3000 723 3184 778 codex
3209 726 3260 779 A
3297 723 3395 779 ἆν-

1830 803 2036 881 έχεται,
2059 804 2336 878 Bergkius
2355 805 2516 879 quod
2537 806 2822 881 dedimus,
2849 810 3118 867 Dindors.
3143 823 3199 866 et
3216 813 3396 871 Mein.

1829 890 2064 969 ἀνέχετε.
2103 892 2174 951 V.
2211 892 2248 947 6
2276 889 2574 956 ἀλάὸαστος
2601 894 2730 953 Mss.
2764 914 2873 969 pro
2914 898 3145 971 vulgato
3189 896 3398 955 ἀλοίὸα-

1828 999 2000 1057 στρος,
2029 982 2216 1036 Attice
2238 990 2301 1035 ut
2320 978 2540 1057 σφόγγος
2558 999 2615 1039 v.
2641 1001 2698 1050 7,
2717 984 2817 1037 ubi
2840 1002 3144 1059 perperam
3167 983 3392 1061 σπόγγος

1827 1068 1960 1122 libri
1999 1069 2196 1143 scripti
2218 1079 2389 1142 atque
2413 1068 2572 1124 editi.
2607 1064 2825 1140 Notus,
2853 1073 3025 1127 etiam
3067 1091 3139 1128 ex
3173 1074 3399 1129 Aristo-

1826 1156 2044 1230 phane,
2066 1158 2432 1233 spongiarum
2454 1176 2584 1215 usus
2605 1158 2666 1213 in
2689 1158 2923 1219 balneis.

2591 1272 2642 1327 3.

1910 1384 2072 1439 Idem
2107 1383 2165 1458 3,
2195 1403 2259 1459 p.
2300 1403 2323 1439 1
2341 1404 2429 1459 19,
2452 1384 2624 1453 C,'de
2659 1384 2930 1440 vocabuli
2955 1383 3169 1464 τάριχος
3196 1406 3401 1463 genere

1828 1474 2143 1530 masculino
2173 1494 2188 1528 1
2221 1474 2325 1551 Κρ.
2353 1472 2586 1552 Θηρίοις·

1927 1624 2010 1636 -
2041 1613 2102 1653 α.
2144 1588 2266 1654 Καὶ
2299 1596 2419 1653 τῶν
2457 1586 2729 1679 ῥαφάνων
2763 1586 2927 1677 ἕψειν
2957 1592 3148 1681 χρήμ.
3169 1640 3183 1654 .

1929 1694 2094 1787 ἰχθῦς
2120 1691 2175 1760 τ’
2220 1698 2442 1779 ὀπτᾶν,
2497 1697 2636 1773 τούς
2685 1720 2756 1762 τε
2793 1693 3095 1788 ταρίχους,
3124 1702 3295 1789 ἡμῶν
3335 1688 3402 1762 δ’

2751 1800 2874 1867 ἀπὸ
2901 1808 3102 1894 χεῖρας
3133 1804 3396 1895 ἔχεσθαι.

1929 1908 1990 1989 β.
2023 1909 2154 1971 Οὐκ
2181 1901 2274 2000 ἄρ’
2309 1906 2400 1972 ἔτ’
2435 1898 2610 1973 οὐδὲν
2641 1907 2837 2001 κρέας,
2871 1913 2950 1984 ὡς
2980 1911 3150 1998 ὑμεῖς
3176 1906 3399 2002 λέγετ’,

2687 2006 2817 2080 οὐδ’
2852 2018 3049 2079 ὁτιοῦν
3077 2006 3394 2107 ἐδόμεσθα,

1924 2108 2052 2185 οὐδ’
2089 2110 2152 2195 ἐξ
2209 2118 2462 2211 ἀγορᾶς,
2505 2113 2648 2187 οὐδὲ
2694 2119 2972 2197 τάκωνας
3009 2118 3396 2213 ποιησόμεθ’,

2890 2217 3021 2291 οὐδ’
3054 2227 3390 2307 ἀλλᾶντας.

1826 2356 2028 2411 Versus
2063 2373 2086 2409 1
2122 2356 2183 2409 in
2211 2352 2324 2410 fine
2347 2356 2612 2411 lacunam
2650 2354 2938 2412 indicabat
2963 2357 3208 2415 Meinek.
3235 2360 3400 2414 Desi-

1824 2442 1912 2495 nit
1927 2441 2134 2499 Athen.
2162 2443 2225 2497 in
2260 2444 2440 2498 altero
2473 2461 2678 2510 versu3
2707 2443 2807 2499 sed
2833 2456 3132 2517 sequentes
3155 2444 3396 2516 conjun-

1824 2528 2042 2603 gendos
2069 2548 2183 2586 esse
2211 2531 2356 2588 vidit
2378 2530 2584 2605 Bergk.
2634 2532 2979 2591 Commentt.
3027 2551 3089 2607 p.
3143 2552 3282 2607 279,
3328 2550 3397 2589 ex

1826 2618 2059 2673 Polluce
2089 2618 2150 2687 6,
2185 2616 2322 2674 53:
2369 2614 2479 2675 ἔστι
2525 2616 2580 2675 δὲ
2617 2616 2711 2676 καὶ
2746 2617 3044 2696 γαστρίδιον
3082 2616 3395 2694 ἡδυσμένον,

1823 2702 1853 2759 ὃ
1887 2702 1979 2760 καὶ
2007 2702 2244 2770 τάκωνας
2273 2702 2395 2762 ἔνιοι
2423 2706 2709 2776 κεκλῆσθαι
2736 2704 2930 2763 οἴονται
2967 2706 3111 2786 παρὰ
3158 2706 3396 2786 Κράτητι

1826 2792 1903 2871 τῷ
1927 2794 2150 2872 κωμικῷ
2179 2791 2324 2873 μόνῳ
2361 2791 2450 2851 και
2475 2791 2618 2861 ἅπαξ
2647 2793 2876 2873 εἰρηκότι
2897 2797 2949 2853 ἐν
2973 2795 3257 2874 Θηρίοις·
3235 2795 3398 2855 «Οὔκ

1826 2877 1910 2958 ἄρ’
1937 2880 2056 2943 κτλ.
2089 2882 2138 2940 οἱ
2167 2879 2220 2940 δὲ
2247 2879 2444 2940 οἴονται
2466 2879 2582 2949 τοὺς
2609 2880 2848 2949 τάκωνας
2865 2883 2925 2941 ἐκ
2951 2881 3179 2961 ταγήνου
3207 2883 3392 2962 κρέας,

1820 2964 1855 3036 ἢ
1882 2965 2094 3035 στέατος
2120 2967 2362 3048 τροχοὺς,
2395 2967 2489 3028 συν
2519 2969 2639 3028 ἁλσὶ
2668 2967 2761 3027 καὶ
2791 2967 2961 3048 ξηροῖς
3000 2968 3268 3047 ἡδύσμασι
3301 2993 3390 3029 κο-

1820 3052 2028 3121 πέντας.
2067 3059 2592 3132 Ηο5γο11.1ἀκωνες
2638 3057 2832 3135 (sic):
2865 3056 3137 3137 τροχίσκοι
3179 3057 3393 3124 στέατος

1821 3142 2148 3220 κεκομμένου
2189 3144 2302 3222 μεθ’
2351 3145 2493 3204 ἁλῶν
2534 3144 2625 3203 καὶ
2653 3143 2821 3223 ξηρῶν
2856 3145 3193 3224 ἀρτυμάτων.
3233 3149 3397 3206 Libri

1822 3233 1962 3291 ἐστιν
1987 3231 2133 3291 οὐδὲν
2163 3247 2220 3292 01
2237 3231 2317 3292 ὅτι
2339 3235 2437 3306 ίδ.,
2469 3255 2594 3310 quae
2620 3237 2867 3293 correxit
2889 3237 3096 3311 Bergk.

2581 3354 2636 3414 li.

1904 3463 2250 3564 Harpocrat.
2299 3480 2363 3534 p.
2414 3458 2550 3530 148,
2601 3464 2748 3525 341.
2720 3456 3122 3537 ..παρουσία
3152 3457 3268 3515 ἀντὶ
3303 3463 3394 3516 τοῦ

1820 3545 2095 3625 περιουσία
2116 3543 2150 3616 ἢ
2176 3545 2318 3603 αἰτία
2347 3543 2411 3625 (Ρ)
2442 3543 2689 3615 πλούτου,
2712 3543 2911 3605 οὐσία..
2925 3547 3098 3624 ...Κρ
3125 3546 3268 3623 Θηρ.
3327 3591 3339 3603 .

1919 3653 2174 3754 ᾗχοντες
2201 3663 2423 3736 εὐπαθῆ
2458 3662 2609 3746 βίον,

1920 3768 2248 3862 παρουσίαν
2277 3794 2347 3835 τε
2372 3768 2732 3861 χρημάτων.

1821 3901 2085 3956 Similiter
2110 3899 2360 3954 Crameri
2391 3897 2789 3972 grammaticus
2824 3896 3042 3951 Anecd.
3089 3895 3198 3951 Ox.
3235 3894 3389 3962 vol„

1819 4007 1880 4062 p.
1927 3987 2066 4062 498,
2111 3986 2330 4060 Moeris,
2373 3983 2645 4055 Photius,
2689 3985 2930 4054 Suidas.;
2976 3994 3166 4060 potest
3203 3995 3393 4041 tamen

1821 4077 1990 4132 etiam
2011 4076 2185 4134 hoel.
2216 4076 2480 4145 Cratetis,
2505 4085 2563 4130 et
2589 4073 2747 4150 apud
2772 4074 3070 4129 Comicum
3091 4075 3181 4129 vel
3201 4075 3396 4148 potius

1821 4166 2150 4240 Euripidem
2197 4164 2542 4238 Thesmoph.
2585 4163 2698 4240 987
2741 4159 2944 4238 (πάθος
2984 4158 3280 4239 ἀμέγαρτον
3309 4160 3396 4217 ἐπὶ

1821 4255 1997 4310 κακῶν
2023 4249 2286 4330 παρουσία
2310 4248 2363 4328 ),
2381 4269 2494 4307 vox
2517 4247 2780 4329 παρουσία
2805 4252 3043 4326 intelligi
3056 4255 3392 4325 praesentia,

2577 4425 2630 4474 3.

1820 4538 1891 4550 —
1919 4526 1950 4566 a
1973 4509 2274 4565 Brassicam
2300 4523 2392 4564 eos
2410 4522 2644 4580 coquere
2670 4513 2908 4577 oportet,
3197 4509 3388 4574 [nere

1818 4605 1873 4653 et
1899 4597 2106 4669 pisces,
2133 4611 2197 4652 30
2220 4594 2570 4662 salsamenta,
2595 4592 2758 4649 nobis
2780 4600 2966 4648 autem
2997 4607 3194 4648 manus
3221 4591 3390 4648 absti-

1816 4683 1873 4740 1).
1904 4683 2097 4755 Igitur,
2125 4689 2287 4753 prout
2306 4696 2398 4737 vos
2421 4679 2634 4745 dicitis,
2659 4693 2761 4734 nos
2781 4677 2990 4734 nullam
3010 4676 3250 4749 amplius
3273 4693 3388 4734 car-

2509 4769 2658 4835 [nem
2686 4762 2914 4820 edemus
2929 4763 3386 4836 qualemcunque,

1819 4873 1891 4914 ne
1919 4873 1983 4912 cx
2003 4855 2124 4911 foro
2150 4853 2406 4926 quidem;
2438 4868 2620 4925 neque
2639 4849 2964 4907 ventriculos
2985 4863 3182 4920 appara
3153 4848 3386 4914 abimus,

2997 4929 3128 5007 [aut
3148 4934 3384 4992 botulos.

2577 5031 2628 5078 4.

1818 5119 2084 5173 Fruentes
2105 5113 2336 5170 delicata
2363 5113 2488 5176 vita,

1819 5219 2098 5277 opumque
2128 5200 2480 5258 abundantia.
