3809 5850
434 474 507 526 88
1420 450 1830 514 coMOEmAE
1868 448 2204 512 vmms
2245 447 2526 523 RELIQU
2539 448 2657 509 1AE.

430 594 676 650 correxit
697 591 927 649 Jacobs,
953 588 1027 644 ad
1048 588 1253 645 Athen.
1280 606 1341 661 p.
1368 585 1467 642 83.
1500 582 1703 663 Ὀρφαν
1724 583 1996 641 mendose

430 683 707 756 scriptum
736 678 961 751 adjecto
984 674 1060 747 ὸν,
1084 686 1149 731 ut
1173 693 1285 732 vox
1316 684 1457 730 esset
1484 670 1665 752 ὀρφὸν,
1692 673 1999 729 restituisse

2177 694 2338 751 Idem
2373 700 2462 765 14,
2481 714 2544 769 p.
2571 691 2714 762 648,
2739 692 2786 751 C
2819 598 2950 748 ιῑιαὶ
2975 690 3080 747 τῶν
3107 688 3452 766 καλουμένων
3479 688 3538 748 δὲ
3569 713 3672 767 με·-

430 769 656 825 videtur
682 766 975 835 librarius;
1003 762 1039 833 ἢ
1074 764 1223 819 forte
1248 762 1507 837 perierit,
1540 772 1607 818 ut
1634 761 1849 817 factum
1880 776 1999 815 esse
2093 780 2376 863 λαηρῑδων
2401 777 2716 858 μνημονεύει
2737 778 2816 840 Φ.
2838 778 2890 836 3„
2921 778 3054 838 Αὖς,
3083 774 3264 844 οὕτως.

428 852 993 930 suspicabarssdyss.
1020 851 1085 926 6,
1124 850 1255 907 123.
1298 850 1381 907 De
1409 849 1617 924 erpho,
1654 844 1810 924 pisce
1832 849 2002 903 maris

428 944 858 1018 cartilaginoso,
878 940 1210 997 Aristoteles
1232 940 1382 997 nist.
1406 938 1579 997 anim.
1601 936 1657 1009 5,
1676 958 1739 1014 9,
1763 935 1797 994 5
1820 957 1834 992 z
1860 932 1997 1012 ταχὺ

430 1026 487 1087 δὲ
534 1029 625 1087 καὶ
656 1030 685 1085 ὁ
724 1024 897 1106 ὀρφὼς
934 1027 995 1085 ἐκ
1024 1028 1213 1104 μικροῦ
1258 1024 1492 1101 γίγνεται
1527 1023 1713 1103 μέγας.
1752 1024 1995 1085 Meinek.

432 1114 656 1195 ὀρφανὸν
678 1112 915 1193 ταρίχιον
934 1115 1009 1171 de
1030 1138 1056 1165 α
1085 1116 1423 1171 salsamento
1436 1114 1607 1171 nullis
1622 1112 2002 1171 condimentis

432 1213 709 1279 apparato
735 1226 761 1251 ιι
784 1203 1159 1277 intelligebat.

1190 1314 1246 1373 5.

511 1430 718 1489 Athen.
751 1449 810 1506 9,
840 1449 901 1505 p.
938 1420 1155 1505 385513
1195 1450 1207 1485 :
1236 1424 1491 1509 Ὀψᾶριον
1521 1426 1575 1485 δὲ
1600 1430 1701 1486 τῶν
1726 1427 1823 1503 μὲν
1856 1424 2002 1508 ζῴων

430 1519 536 1577 τῶν
558 1518 771 1597 ἡμέρων
795 1520 949 1593 ἡμεῖς
976 1515 1225 1598 λέγομεν·
1250 1514 1387 1596 ἀτὰρ
1422 1516 1649 1575 Πλάτων
1678 1516 1771 1575 καὶ
1796 1515 1882 1575 ἐπὶ
1912 1518 2001 1575 τοῦ

432 1605 673 1689 ἰχθύος...
704 1607 784 1669 Φ.
816 1606 953 1669 Abt-

529 1782 626 1794 ——
655 1741 685 1771 ⁸
716 1740 1061 1835 Τούψοὶριον
1094 1739 1270 1807 τουτὶ
1306 1738 1599 1830 παρέθηκέ
1632 1764 1726 1817 τις
1752 1746 1926 1831 ἡμῖν.

435 1880 599 1939 Libri
626 1891 900 1955 corrupte
922 1881 1027 1936 τῶν
1057 1874 1155 1952 μὲν
1181 1874 1387 1945 ζώντων
1412 1880 1563 1953 ἡμεῖς
1598 1873 1843 1955 λέγομεν·
1869 1876 2004 1957 ἀτὰρ

436 1967 527 2026 καὶ
552 1966 784 2025 Πλάτων
815 1964 902 2023 ἐπὶ
928 1988 981 2025 τ.
1007 1967 1048 2026 ἶ.
1076 1965 1302 2029 Deinde
1329 1965 1539 2040 frigent
1561 1967 1734 2022 verba
1757 1965 2001 2045 Tem...

438 2060 597 2130 ἡμῖν,
637 2057 949 2131 prasertim
981 2050 1127 2112 τουτὶ
1156 2055 1315 2128 quasi
1342 2051 1610 2117 δεικτικῶς
1640 2054 1859 2109 dictum
1886 2055 2003 2111 κατ’

436 2141 619 2223 ἐξοχήν
654 2162 671 2204 2
700 2162 835 2201 nam
874 2144 1044 2219 quale
1086 2143 1315 2202 tandem
1348 2143 1650 2221 opsonium
1680 2142 1821 2201 illud
1846 2163 1997 2220 prae-

434 2234 642 2289 cellens
664 2232 857 2289 dicas?
878 2242 977 2289 aut
997 2234 1091 2289 cui
1110 2234 1193 2289 rei
1212 2232 1278 2288 id
1302 2234 1737 2289 commemorari
1764 2248 1798 2288 a
1826 2242 2007 2288 trans-

436 2319 617 2395 fugis?
666 2322 765 2377 ffis
822 2320 1102 2376 adductus
1144 2321 1467 2376 rationibus
1522 2320 1773 2377 scribam
1814 2320 2008 2395 potius

440 2420 638 2483 aperta
660 2418 719 2465 et
747 2419 1081 2483 argumento
1117 2408 1388 2465 dramatis
1411 2418 1543 2482 apta
1568 2408 1871 2477 sententia,
1919 2432 1922 2435 ·

534 2576 632 2588 —
658 2536 1000 2629 Τούψάριόν
1035 2544 1120 2622 τ’,
1153 2540 1319 2614 οὔτις
1352 2538 1650 2629 παρέθηκέ
1675 2563 1739 2605 τι
1770 2544 1956 2629 ἡμῖν,

438 2674 509 2730 Et
528 2676 675 2750 qnod
690 2676 772 2731 ad
788 2682 1072 2751 opsonium
1092 2680 1316 2738 attinet,
1347 2694 1510 2731 nemo
1539 2677 1604 2731 id
1625 2683 1890 2751 apposuit
1913 2699 2008 2735 no-

440 2767 521 2821 bis
546 2786 567 2820 .-
594 2776 661 2820 ut
686 2766 763 2821 ita
792 2776 1066 2840 queratur
1092 2764 1379 2839 transfuga
1395 2807 1413 2836 ,
1445 2784 1611 2839 quem
1640 2767 2009 2842 coryphaeum

439 2864 604 2930 putes
631 2853 826 2924 chori,
858 2853 1173 2928 prooemio,
1202 2870 1262 2908 se
1285 2870 1416 2908 cum
1441 2854 1673 2922 ceteris,
1705 2854 1807 2909 ubi
1832 2856 2007 2911 adve-

442 2947 631 3000 nerint
654 2945 711 2999 in
738 2945 990 3000 hostium
1020 2953 1231 3012 castra,
1259 2961 1379 2998 non
1403 2943 1775 3019 lautioribus,
1796 2955 1863 3000 ut
1881 2963 2008 3020 spe·

442 3033 718 3101 raverint,
748 3031 963 3106 epulis,
994 3031 1095 3088 sed
1122 3031 1364 3105 simplici
1388 3049 1537 3105 pane
1564 3043 1836 3106 exceptos
1860 3051 2007 3102 esse,

442 3122 635 3193 itaque
662 3121 852 3174 statim
881 3119 959 3175 ad
984 3137 1117 3176 suos
1152 3118 1405 3174 rediisse.
1434 3121 1573 3192 Quae
1609 3120 1831 3176 correxi
1857 3120 2013 3195 apud

438 3209 777 3266 Athenaeum
802 3207 989 3262 facilia
1016 3216 1147 3262 sunt
1173 3207 1492 3281 explicatu;
1522 3225 1772 3282 quorum
1798 3208 2010 3286 ἡμέρων

440 3297 705 3352 haustum
750 3295 924 3352 fuerit
962 3314 995 3351 a
1036 3295 1309 3370 contiguo
1366 3295 1535 3350 simili
1591 3297 1739 3368 ἡμεῖς
1798 3296 2014 3376 (ἡμερῶ

440 3387 591 3458 ἡμεῖς
605 3381 645 3462 ).
671 3385 975 3461 Appellant
1002 3393 1193 3440 autem
1216 3387 1384 3458 graeci
1407 3381 1541 3462 ὄψα,
1563 3402 1917 3460 quaecunque
1939 3386 2016 3443 ad

442 3491 644 3546 panem
678 3474 991 3546 vinumque
1014 3471 1419 3546 comeduntur,
1453 3490 1585 3530 cum
1622 3491 1854 3547 carnes,
1890 3484 2014 3534 tum

450 3561 759 3636 logumina,
798 3572 857 3617 et
898 3579 1101 3616 carnes
1142 3561 1379 3636 quidem
1415 3563 1705 3638 praecipue
1740 3563 2006 3620 domesti-

444 3667 639 3706 corum
672 3649 1032 3720 animalium,
1060 3648 1163 3706 sed
1186 3651 1433 3724 piscium
1458 3667 1692 3724 quoque
1719 3651 1875 3725 apud
1910 3657 2012 3709 At-

444 3738 585 3792 ticos
604 3781 621 3810 ,
658 3737 993 3792 observante
1021 3739 1295 3796 Tur-nebo
1327 3739 1402 3794 ad
1442 3740 1671 3797 Terent.
1705 3736 1815 3798 Ad.
1846 3759 1909 3814 2,
1954 3747 2012 3810 4,

450 3842 524 3878 αα
563 3823 909 3898 (convertam
946 3845 1035 3880 me
1066 3828 1290 3881 domum
1319 3847 1445 3882 cum
1480 3833 1777 3903 opsonio),
1802 3831 2014 3886 collato

450 3909 509 3980 3,
543 3909 602 3982 3,
631 3910 708 3965 66
731 3909 948 3986 (pisces
974 3931 1051 3966 ex
1086 3919 1372 3971 sententia
1398 3927 1597 3970 nactas
1614 3933 1738 3970 sum
1756 3911 1797 3992 ).
1830 3919 2012 3974 Etiam

450 3996 720 4072 Apulejus
743 3998 917 4076 Apol.
942 4019 1003 4076 p.
1036 4017 1151 4076 292
1196 4043 1208 4055 .
1240 4008 1533 4075 opsonium
1554 4007 1827 4077 piscium,
1857 4015 1969 4065 etc.

2193 890 2395 989 ἧσπερ
2426 906 2548 963 τῶν
2586 886 2876 988 αἰγιδίων
2923 888 3081 973 ὄζειν
3107 898 3178 963 ἐκ
3211 904 3326 963 τοῦ
3358 896 3672 987 στόματος

3318 1008 3668 1097 μελικήρας.

2105 1156 2128 1183 α
2163 1134 2251 1190 Ita
2271 1132 2593 1210 Schweigh.
2613 1150 2724 1210 pro
2745 1132 3026 1211 μελικῆραι
3041 1170 3060 1203 ,
3084 1141 3241 1187 recte
3267 1143 3550 1203 statuens,
3577 1154 3674 1207 με·

2096 1220 2291 1301 λικήρα
2309 1224 2462 1281 idem
2481 1240 2600 1280 esse
2621 1222 2780 1298 qnod
2796 1218 3087 1299 μελικηρῖς,
3111 1220 3274 1297 quod
3293 1220 3677 1298 edulii-genus

2097 1322 2510 1368 commemorat
2546 1311 2857 1386 Hesychius
2873 1351 2892 1385 ,
2927 1306 3217 1389 Μελικαρίς
3254 1329 3269 1366 =
3305 1308 3588 1385 σκεύασμᾶ
3621 1333 3674 1367 τι

2101 1396 2300 1476 βρωτὸν
2324 1396 2410 1456 διὰ
2427 1402 2603 1479 τυροῦ,
2623 1418 2693 1456 ex
2707 1399 3102 1457 emendatione
3121 1398 3442 1456 casauboni
3455 1440 3476 1473 ,
3496 1418 3674 1474 quam

2099 1484 2403 1543 confirmat
2442 1488 2560 1544 fere
2583 1496 2763 1543 totam
2799 1487 2983 1545 codex
3011 1490 3277 1544 Venetus.
3322 1487 3678 1543 Philoxenus

2099 1573 2308 1633 Athen.
2335 1580 2391 1644 4,
2417 1594 2480 1651 p.
2517 1582 2653 1647 147,
2679 1577 2724 1631 B
2753 1591 2770 1633 ε
2801 1570 2986 1641 ξανθὰς
3014 1568 3353 1651 μιλικηρίδας
3386 1598 3429 1631 ι.
3459 1574 3547 1630 Μ.
3585 1578 3678 1632 De

2102 1662 2292 1719 verbis
2307 1664 2413 1719 τῶν
2433 1663 2539 1739 αἰγ.
2561 1660 2694 1731 ὄζειν
2715 1672 2872 1719 recte
2894 1662 3076 1719 Dobr.
3097 1662 3172 1718 ad
3190 1662 3482 1736 Aristoph.
3511 1664 3670 1720 Plut.

2107 1768 2250 1808 1021
2282 1771 2295 1807 ε
2327 1774 2351 1801 α
2379 1752 2606 1808 Dicitur
2630 1752 2799 1807 alicui
2825 1769 2945 1807 non
2962 1752 3150 1807 minus
3167 1768 3394 1807 suavem
3421 1752 3678 1808 animam

2099 1856 2216 1895 esse
2231 1857 2402 1913 quam
2419 1840 2676 1913 capellis,
2693 1856 2834 1913 quas
2848 1838 2996 1894 bene
3011 1838 3296 1895 olentibus
3311 1838 3508 1894 herbis
3525 1844 3678 1897 vesci

2100 1938 2302 1983 notum
2331 1938 2430 1985 est.
2461 1952 2488 1977 ι»
2525 1928 2860 1983 Aristoteles
2886 1929 2963 1985 Η.
2993 1926 3060 1984 Α.
3089 1924 3147 1997 5,
3184 1925 3254 1982 13
3283 1926 3490 2003 (vulgo
3519 1926 3628 2003 ιδ)
3663 1949 3677 1984 :

2101 2013 2156 2071 αἱ
2193 2012 2290 2089 μὲν
2331 2002 2420 2071 οὗν
2458 2010 2722 2092 πορφύραι
2770 2015 2864 2070 τοῦ
2901 2010 3051 2091 ἔαρος
3097 2013 3564 2091 συναθροιζόμεναι
3607 2018 3684 2082 εἷς

2099 2098 2260 2159 ταύτὸ
2277 2103 2485 2161 ποιοῦσι
2506 2097 2601 2173 τὴν
2621 2098 2952 2175 καλουμένην
2969 2098 3278 2181 μελικήραν·
3297 2105 3448 2161 τοῦτο
3467 2100 3518 2163 δ’
3535 2101 3682 2163 ἐστὶν

2102 2180 2207 2249 οἷον
2229 2188 2427 2269 κηρίον,
2449 2188 2588 2260 πλὴν
2608 2190 2708 2269 οὐχ
2731 2186 2868 2248 οὕτω
2890 2188 3174 2269 γλαφυρὸν,
3193 2202 3303 2250 etc.

2183 2405 2568 2479 Harpocratio
2597 2423 2658 2479 p.
2699 2404 2808 2461 106
2837 2406 2965 2464 init.
3000 2425 3015 2459 ε
3069 2402 3196 2461 ὅταν
3228 2405 3257 2460 ὁ
3286 2410 3426 2470 σῖτος
3479 2408 3684 2487 ριζωθῇ

2105 2488 2242 2549 κατὰ
2269 2494 2362 2561 τῆς
2384 2493 2509 2567 γῆς,
2533 2491 2948 2571 κεκαρκινῶσθαί
2972 2513 3132 2572 φασι·
3156 2494 3236 2552 Φ.
3265 2494 3399 2553 Aac.

2201 2610 2451 2683 ὁπόταν
2482 2610 2792 2709 σχολάζῃς
2811 2665 2830 2701 ,
2862 2613 3057 2704 νῖψον,
3089 2616 3189 2682 ἵνα
3221 2614 3303 2681 τὰ
3332 2620 3486 2690 λη’ἴα

2201 2724 2674 2817 συγκαρκινωθῇ.

2103 2853 2319 2909 Eadem
2333 2852 2540 2908 omisso
2557 2850 2749 2907 indice
2780 2848 2982 2906 fabulae
3009 2847 3400 2907 PhotiusLex.
3423 2871 3492 2928 p.
3543 2855 3688 2927 132,

2105 2954 2163 3000 et
2201 2941 2402 2999 Suidas
2442 2959 2499 3000 v.
2549 2937 2827 3018 Καρκίνος.
2879 2941 3171 2998 Postrema
3213 2942 3464 2998 servavit
3507 2947 3696 3002 etiam

2103 3031 2308 3088 Pollux
2335 3050 2390 3101 7,
2428 3028 2538 3109 350
2566 3048 2581 3084 z
2612 3025 2672 3085 τὸ
2707 3025 2802 3104 μὲν
2831 3028 3100 3105 ῥιζοῦσθαι
3127 3025 3215 3086 τὸν
3243 3027 3406 3103 σῖτον,
3441 3051 3696 3111 συγκαρ-

2106 3120 2372 3176 κινοῧσθαι
2403 3113 2612 3194 ἔλεγον·
2649 3114 2764 3172 ὅθεν
2793 3114 2887 3173 καὶ
2912 3115 2992 3174 Φ.
3026 3116 3080 3173 ἐν
3117 3123 3226 3182 τοῖς
3263 3117 3397 3177 Ast.
3427 3117 3536 3199 ἔφη
3563 3117 3694 3181 Ἵνα

2107 3205 2176 3263 τὰ
2196 3204 2324 3276 λήῖα
2347 3205 2766 3283 συγκαρκινωθῇ.
2798 3203 2960 3261 Libri
2987 3207 3466 3282 Harpocrationis
3485 3211 3664 3287 νῆψσν
3677 3255 3696 3282 ‚

2110 3296 2298 3352 Photii
2331 3295 2494 3372 νηψον
2533 3295 2653 3349 sine
2693 3302 2952 3350 accentu.
3005 3295 3250 3351 Valesius
3289 3292 3460 3374 νίψον.
3505 3297 3700 3370 Azita,

2106 3403 2221 3441 vox
2245 3383 2569 3452 homerica,
2595 3399 2714 3437 non
2739 3381 2982 3438 dedecet
3005 3381 3159 3438 hunc
3185 3393 3480 3455 nostrum,
3505 3387 3698 3461 siqui-

2109 3473 2239 3530 dem
2267 3470 2492 3527 ionismi
2527 3480 2587 3526 et
2614 3470 2818 3525 veteris
2845 3470 3113 3527 atticismi
3137 3488 3346 3546 magna
3371 3481 3456 3528 est
3491 3473 3702 3532 affini-

2109 3573 2208 3617 tas.
2246 3559 2586 3636 Apollonius
2607 3557 2787 3633 Soph.
2818 3557 2914 3618 cd.
2947 3560 3094 3614 Toll.
3117 3577 3180 3633 p.
3218 3556 3355 3628 438,
3385 3557 3566 3628 Λήῑον
3593 3580 3611 3620 :
3641 3563 3706 3620 τὸ

2110 3651 2381 3727 σιτοφόρον
2407 3646 2669 3726 χωρίον...
2711 3642 2797 3703 διὰ
2841 3642 2937 3716 τὴν
2975 3644 3387 3725 ἐπιφαινομένην
3421 3649 3554 3704 κατ’
3581 3648 3704 3708 ἴσον

2117 3737 2309 3812 (quasi
2332 3737 2663 3809 dicasjure,
2687 3735 2730 3790 i.
2757 3731 2992 3806 ajusto
3009 3746 3294 3810 tempore,
3310 3732 3454 3792 κατὰ
3477 3737 3704 3816 καιρὸν,

2110 3835 2176 3880 ιιι
2203 3820 2484 3900 Hesych.)
2519 3820 2766 3892 λειότητα
2791 3821 2898 3878 τῶν
2929 3818 3196 3900 σταχύων.

2866 3955 2923 4011 9.

2190 4048 2444 4106 Gramm.
2489 4049 2730 4107 Bekkeri
2759 4048 2978 4109 Anecd.
3005 4066 3070 4122 p.
3117 4047 3256 4118 330,
3290 4067 3384 4124 19,
3425 4046 3714 4129 Ἀγορᾶς

2109 4133 2243 4216 ὥρα
2271 4154 2287 4195 :
2317 4136 2376 4192 οὗ
2405 4137 2508 4192 τῶν
2533 4133 2905 4212 πωλουμένων,
2934 4132 3074 4194 ἀλλὰ
3100 4136 3206 4193 τῶν
3233 4133 3716 4215 ἄλλων-πράξεων

2111 4227 2214 4372 τεν
2235 4224 2353 4369 23,
2365 4223 2571 4372 ἐνγιῖὲζ
2597 4223 2776 4299 ἕωθεν,
2798 4223 2834 4296 ἢ
2855 4222 2947 4283 καὶ
2973 4222 3099 4302 πρὶν
3117 4221 3315 4303 ἀγορὰν
3337 4225 3716 4297 πεπληθέναι.

2212 4435 2274 4502 Π
2281 4435 2423 4502 ίνειν
2456 4436 2551 4504 ἀεὶ
2585 4438 2688 4504 καὶ
2718 4438 2948 4529 μεθύειν
2965 4487 2983 4518 ,
3015 4438 3155 4529 πρὶν
3187 4433 3418 4533 ἀγορὰν
3451 4449 3717 4512 πεπλη-

1204 4115 1259 4172 6.

527 4226 689 4284 Idem
715 4226 797 4283 ib.
828 4245 889 4302 p.
927 4227 1064 4303 396,
1100 4229 1145 4285 C
1188 4248 1199 4281 z
1230 4225 1545 4303 γαλαθηνῶν
1581 4221 1638 4283 δὲ
1664 4225 1858 4304 χοίρων
1888 4229 2016 4289 ποτὲ

446 4311 881 4394 περιενεχθέντων
903 4312 995 4371 καὶ
1012 4312 1351 4393 περὶτούτων
1373 4311 1637 4386 ἐζήτησαν
1662 4315 1711 4372 οἱ
1730 4315 2014 4396 δαιταλεῖς,

448 4403 493 4458 εἰ
516 4400 577 4461 τὸ
596 4399 764 4477 ὄνομα
794 4399 999 4480 εἴρηται
1015 4444 1031 4473 ,
1062 4399 1154 4460 καὶ
1180 4399 1259 4468 τίς
1284 4401 1406 4480 ἔφη.
1430 4400 1567 4464 Φ....
1593 4404 1649 4461 ἓν
1677 4403 1811 4463 Aac.

548 4535 646 4602 Οὐ
676 4535 1013 4627 γαλαθηνὸν
1052 4531 1148 4624 ἄρ’
1182 4533 1250 4601 ὖν
1284 4535 1441 4602 θύειν
1476 4539 1759 4626 με’λλοις;
3513 4547 3715 4617 oium.

1211 4813 1265 4863 6.
2113 4813 2180 4867 ut
2203 4807 2414 4869 radices
2432 4811 2666 4886 capiant.

454 4891 576 4946 Non
604 4889 769 4964 igitur
792 4891 1084 4950 lactentem
1119 4908 1345 4964 porcum
1370 4892 1736 4951 sacrificabis?
2877 4907 2930 4958 9.

1217 4987 1271 5036 7.
2119 4988 2309 5043 Potare
2331 5001 2542 5059 semper
2567 4996 2622 5043 et
2651 4987 2906 5046 inebriari
2928 5031 2942 5056 ‚
2971 4989 3292 5063 priusquam
3329 4989 3524 5050 forum
3553 5013 3722 5055 com-

454 5067 608 5122 Sicut
626 5066 869 5140 eapeHae,
894 5069 1169 5125 meliceras
1186 5069 1337 5126 olere
1353 5086 1417 5126 ex
1442 5085 1553 5127 ore.
3433 5081 3721 5155 [plentur.

1211 5163 1264 5211 8.

458 5241 513 5296 Si
536 5241 708 5298 otium
734 5241 832 5298 tibi
855 5251 955 5307 est,
984 5244 1145 5316 irriga
1173 5243 1482 5308 frumenta,
