3809 5850
1282 232 1849 294 APOLLODORUS
1892 233 2214 294 GELoth.
3245 252 3356 302 6⁵7

262 368 313 426 1.
368 367 937 448 AnoKAP'rEPnN
990 365 1023 434 ἢ
1077 365 1579 424 ΦΙΑΑΔΕΛΦΟΙ.

900 499 993 535 1.-

190 593 421 649 Athen.
460 609 481 646 ι
499 609 552 660 ι,
576 608 638 664 p.
673 596 811 662 472,
843 591 885 646 C
912 611 925 644 :
956 587 1341 663 Ἀπολλόδωρος
1371 585 1417 644 δ’
1440 591 1467 644 ὁ
1498 587 1701 664 Γελῷος

94 675 163 730 ἐν
208 675 582 756 Φιλαδέλφοις
609 673 643 744 ἢ
666 672 1145 754 Ἀποκαρτεροῦντι,
1182 675 1339 752 φησὶν

326 830 425 840 -
458 783 685 882 Εφεξῆς
717 793 1054 882 στρώματ’,
1088 791 1495 882 ἀργυρώματα
1520 839 1537 872 ,

220 894 563 989 θηρίκλειαι
583 947 602 982 ,
637 895 742 963 καὶ
768 893 1015 988 τορευτὰ
1038 902 1349 968 πολυτελῆ
1382 899 1649 986 ποτήρια

220 1003 434 1095 ἕτερα.

94 1133 309 1187 Versu
342 1149 375 1186 ι
397 1131 530 1187 libri
553 1127 835 1207 θηρίκλειοι
862 1129 1124 1206 τορευταί.
1160 1130 1400 1188 Person.
1432 1127 1703 1208 θηρίκλεια

96 1216 211 1272 καὶ
238 1213 469 1295 τορευτὰ
495 1239 555 1276 π.
586 1239 649 1277 π.
680 1215 1029 1296 Θηρίκλειαι,
1070 1220 1250 1278 inteil.
1299 1215 1523 1280 κύλικες.
1564 1241 1587 1265 α
1618 1218 1703 1271 Si·

98 1307 329 1362 milem
378 1325 569 1362 rerum
613 1306 991 1379 pretiosarum
1040 1324 1337 1362 recensum
1366 1305 1497 1360 vide
1547 1303 1704 1378 apud

100 1394 509 1466 Menandrum
536 1390 644 1452 Ἁλ.
672 1402 727 1461 Ι..
758 1397 895 1451 Haec
931 1393 1275 1470 Apollodori
1308 1392 1543 1465 Carystii
1588 1409 1703 1446 esse

104 1484 201 1536 ait
238 1481 447 1538 Suidas
472 1501 529 1542 V.
560 1477 869 1547 Σπουδᾶζω.
896 1483 974 1536 »E
997 1481 1082 1537 M.

891 1605 943 1644 2.

199 1701 379 1759 Stob.
428 1701 583 1758 Flor.
638 1699 731 1770 16,
770 1719 863 1770 ιι,
899 1718 1029 1755 cum
1069 1701 1333 1755 lemmate
1378 1695 1703 1756 Ἀπολλοδώ-

110 1809 219 1874 ρου
242 1785 665 1868 Ἀποκαρτερῶν.
1310 1787 1317 1794 ’

222 1899 411 1970 An&
439 1896 655 1994 σχεδόν
691 1929 757 1970 τι
784 1904 855 1970 τὸ
897 1902 1227 1995 κεφάλαιον
1247 1909 1369 1967 τῶν
1403 1909 1603 1966 κακῶν

228 2009 493 2100 εἴρηκας·
527 2009 589 2076 ἐν
614 2009 969 2103 φιλαργυρίᾳ
986 2007 1099 2103 γὰρ
1129 2003 1313 2075 πάντ’
1343 2007 1453 2072 ἔνι.

606 2166 678 2224 11.
721 2163 1236 2225 ΔΕΥΣΟΠΟΙΟΣ.

202 2297 298 2352 Ita
340 2297 567 2352 Kuster.
608 2313 641 2351 e
674 2294 850 2352 codd.
881 2295 1083 2368 Paris.,
1118 2311 1239 2348 non
1274 2289 1613 2361 Δευσοποιοὶ,
1642 2301 1707 2346 ιιι

110 2384 309 2458 vulgo
334 2393 393 2439 et
420 2382 576 2458 apud
601 2379 947 2452 Eudociam3
990 2382 1051 2440 h.
1074 2399 1128 2439 e.
1169 2381 1421 2448 Te'nctor,
1450 2381 1567 2435 sive
1608 2381 1703 2435 1n-

112 2472 355 2539 fector3
408 2471 543 2528 alias
576 2472 794 2546 passive
834 2471 1099 2527 colorum
1145 2469 1463 2543 epitheton,
1515 2486 1567 2524 e.
1616 2485 1701 2543 gr.

108 2559 287 2635 apud
300 2560 595 2634 Diphilum
615 2555 948 2637 Συντρόφοις.
972 2557 1165 2614 Moeris
1186 2575 1201 2616 τ
1230 2553 1540 2614 Δευσοποιοὶ
1556 2555 1703 2611 α’ττι·

112 2650 237 2712 κῶς
252 2689 269 2716 ,
294 2648 481 2725 βαφεῖς
498 2647 700 2712 κοινῶς.
726 2648 1076 2703 Mentionem
1096 2645 1362 2702 dramatis
1382 2643 1517 2700 fecit
1534 2645 1703 2700 etiam

110 2736 355 2794 Suidas,

690 2839 802 2898 ΙΙΙ.
854 2839 1131 2898 ΙΕΡΕΙΑ.

208 2965 361 3023 Vide
386 2968 447 3021 in
473 2966 801 3041 fragmentis
838 2966 1075 3039 Carystii
1108 2964 1467 3040 Apollodori.
1494 2964 1703 3019 Nostro

122 3054 403 3109 tribuunt
424 3050 627 3109 Suidas
654 3065 711 3110 et
744 3054 1021 3113 Eudocia.

558 3174 661 3235 tv.
707 3172 1288 3233 ΑΠΟΔΕῙΠΟΥΣΑ.

208 3297 421 3353 Athen.
452 3294 509 3367 3,
540 3316 601 3371 p.
642 3296 769 3369 125,
802 3300 853 3355 A
888 3318 901 3352 :
932 3297 958 3353 δ
989 3292 1104 3353 Ἀπ.
1136 3292 1180 3350 δ’
1207 3296 1235 3349 ὁ
1260 3292 1461 3371 Γελῷος
1484 3288 1575 3347 καὶ
1604 3294 1695 3347 τοῦ

120 3382 337 3440 λάκκου
370 3382 525 3441 αὐτοῦ
543 3425 560 3456 ,
588 3379 771 3462 ὥσπερ
805 3386 959 3459 ἡμεῖς
994 3378 1219 3457 λέγομεν
1236 3422 1253 3451 ,
1302 3374 1615 3455 μνημονεύει
1649 3376 1701 3432 ἐν

120 3469 517 3550 Ἀπολειπούσῃ
545 3469 725 3543 οὕτως,

228 3584 565 3680 Ᾰγωνιῶσα
590 3588 691 3653 τόν
718 3612 787 3653 τε
816 3598 927 3655 ’τοῦ
946 3585 1179 3653 λάκκου
1207 3578 1396 3651 κάδον

224 3696 467 3759 λύσασα
488 3692 591 3759 καὶ
615 3694 720 3761 τὸν
750 3702 857 3759 τοῦ
886 3694 1167 3786 φρέατος,
1207 3694 1505 3783 εὐτρεπεῖς

226 3798 342 3876 τὰς
374 3797 602 3891 ἱμονιὰς
631 3796 959 3873 πεποίηκα.

124 3952 149 3976 α
176 3929 289 3983 Vix
326 3926 563 3983 dubium
600 3928 741 4001 quin
766 3926 885 3983 haec
918 3945 951 3982 a
972 3926 1210 3981 muliere
1247 3924 1511 3979 dicantur
1536 3922 1595 3975 in
1619 3921 1702 3975 ci-

122 4026 381 4071 sternam
409 4014 767 4089 descensura,
794 4014 1029 4071 fortasse
1054 4024 1117 4069 ut
1142 4031 1173 4068 a
1202 4011 1387 4067 mariti
1408 4007 1629 4080 injuriis
1640 4024 1701 4061 se

127 4112 412 4162 tueretur.
447 4102 516 4158 Id
537 4102 741 4158 fabulae
758 4103 951 4159 titulus
972 4102 1195 4157 videtur
1210 4100 1485 4155 indicare.
1510 4094 1700 4152 Situlae

134 4190 295 4243 times
328 4200 515 4245 antem
546 4190 820 4264 solverat,
863 4200 927 4246 ut
957 4190 1165 4246 scalam
1191 4186 1323 4243 inde
1363 4182 1693 4251 conficeret,

240 4354 498 4413 {NEDIA
534 4358 768 4414 vtTAM
806 4359 1097 4415 FINtENs
1146 4356 1227 4413 vel
1282 4354 1599 4413 FRATRIS

781 4446 1050 4502 AMANS.

204 4665 271 4676 -
303 4634 581 4693 Continuo
596 4641 865 4712 stragulas
882 4684 897 4710 ‚
924 4659 1047 4700 vasa
1080 4654 1360 4717 argentea,

126 4723 415 4780 Thericlea
437 4732 491 4780 et
513 4725 704 4783 eaetata
729 4732 965 4799 pretiosa
996 4734 1189 4805 pocula

128 4807 255 4865 alia.

890 4894 941 4941 2.

131 4982 237 5040 Sed
268 4991 437 5058 caput
460 4986 727 5045 malorum
753 4989 869 5047 fere

132 5070 317 5127 dixisti
347 5092 358 5126 :
392 5072 453 5127 in
474 5074 694 5130 avaritia
722 5078 869 5133 enim
895 5081 1079 5138 omnia
1103 5082 1309 5140 insunt.

354 5176 638 5217 neema
677 5181 949 5222 0011001101
976 5186 1259 5227 enimam!-

1800 367 1961 438 cujus
1981 385 2091 442 ope
2115 369 2174 422 in
2196 378 2432 442 puteum
2457 367 2842 425 descenderet.
2873 397 2894 419 n
2933 375 2980 426 E
3001 375 3088 432 M.
3127 377 3301 430 Versu
3328 377 3358 430 3

1794 453 1871 507 sic
1898 455 2223 531 Dalecamp.
2254 473 2363 529 pro
2397 453 2710 524 πεποίηκας.

2095 583 2145 638 V
2213 583 3061 646 ΓΡΑΜΜΑΤΕΙΔῘΟΠΟΙΟΣ.

1876 706 2062 762 Suidae
2117 719 2174 762 et
2233 707 2498 764 Eudociae
2547 721 2784 766 vocatur
2827 711 3358 789 Γραμματόδειπνος,

1794 794 1893 850 sed
1917 795 2119 850 Pollux
2141 804 2198 865 4,
2235 815 2305 870 19
2339 815 2352 851 ε
2386 795 2748 875 γραμματεῖον
2783 797 2839 855 δὲ
2871 796 3019 878 παρὰ
3055 802 3162 865 τοῖς
3183 799 3359 860 Ἀττι-

1795 881 1902 946 κοῖς
1925 881 2016 939 καὶ
2045 883 2098 938 ἐν
2125 872 2170 962 ᾧ
2199 883 2442 962 ἀργύριον
2463 883 2740 960 ἀπέκειτο,
2767 883 2796 944 8
2825 889 3247 969 (γραμματεῖον)
3272 890 3362 954 καὶ

1794 968 2036 1028 κιὸώτιον
2061 971 2299 1030 ἐκάλουν·
2333 975 2381 1030 οἱ
2415 973 2470 1031 δὲ
2501 973 2742 1051 νεώτεροι
2771 973 2900 1034 αὐτὸ
2931 977 3022 1035 καὶ
3047 979 3360 1057 ἅργυριοίἧ-

1796 1079 1891 1128 κην
1914 1057 2204 1134 ὠνόμαζον.
2235 1059 2625 1140 Ἀπολλοδώρου
2651 1060 2706 1120 δὲ
2728 1067 2818 1122 τοῦ
2841 1063 3050 1143 Γελῴου
3075 1066 3164 1124 καὶ
3185 1069 3362 1145 δρᾶμα

1796 1149 1936 1204 ἐστιν
1968 1149 1995 1203 ὁ
2021 1149 2062 1206 Γ
2065 1151 2579 1225 ραμματειδιοποιός.
2609 1155 2696 1208 lta
2724 1156 2894 1210 etiam
2923 1175 3019 1227 10,
3049 1158 3155 1232 193
3181 1179 3194 1213 :
3228 1159 3281 1216 ἑν
3307 1157 3362 1216 δὲ

1795 1238 1869 1314 τῷ
1892 1241 1984 1294 τοῦ
2005 1235 2211 1318 Γελῴου
2241 1237 2356 1298 Ἀπ.
2379 1241 2910 1320 Γραμματειδιοποιῷ
2939 1245 3280 1319 κυμινοδόκη·

1892 1346 2133 1430 Μεταξὺ
2161 1363 2281 1420 τῶν
2299 1356 2502 1448 λόγων
2533 1349 2601 1422 δὲ
2624 1354 2802 1422 τουτί
2835 1384 2936 1448 μοι
2967 1353 3140 1426 δοκεῖ

1892 1451 2311 1550 κυμινοδόκην,
2333 1466 2400 1528 οὐ
2433 1470 2886 1554 γραμματεῖον,
2913 1470 3260 1560 περιφέρειν.

1795 1610 1819 1635 ι
1846 1587 2118 1644 Formula
2141 1585 2335 1662 μεταξὺ
2359 1591 2466 1646 τῶν
2493 1588 2663 1665 λόγων
2683 1593 3072 1666 colloquentes
3095 1609 3362 1652 excusant

1798 1675 1992 1730 subito
2025 1676 2329 1752 abruptum
2360 1690 2420 1734 et
2459 1679 2572 1734 alio
2625 1679 2948 1736 traductum
2990 1701 3310 1739 sermonem
3344 1704 3358 1738 :

1795 1761 1910 1819 vid.
1935 1763 2232 1820 Heindorf.
2251 1765 2324 1821 ad
2351 1767 2598 1822 Platonis
2617 1767 2910 1824 Phaedrum
2937 1787 3000 1842 p.
3033 1771 3144 1826 213
3176 1789 3190 1827 :
3225 1767 3360 1847 ἀτὰρ

1796 1847 1992 1924 μεταξὺ
2010 1851 2112 1907 τῶν
2136 1850 2322 1927 λόγων,
2350 1843 2435 1930 ἆρ’
2461 1853 2520 1909 οὗ
2539 1853 2653 1910 τόδε
2683 1841 2746 1923 ἦν
2769 1853 2830 1912 τὸ
2859 1853 3089 1934 δένδριν,
3119 1860 3200 1936 ἐφ’
3229 1857 3358 1934 ὅπερ

1796 1929 1918 2008 ἦγες
1942 1941 2114 2015 ἡμᾶς
2147 1942 2339 1996 Tertio
2368 1942 2502 1997 loco
2544 1942 2746 1998 Pollux
2772 1963 2824 2012 7,
2862 1963 2994 2020 190,
3029 1947 3363 2020 simpliciter

1794 2027 2142 2100 Apollodori
2155 2046 2364 2086 nomen
2377 2031 2598 2103 posuit:
2615 2026 3088 2106 Ἐκπωματοποιὸς
3106 2031 3160 2090 δὲ
3183 2035 3360 2112 δρᾶμα

1796 2110 2078 2185 Ἀλέξιδος,
2163 2113 2252 2171 καὶ
2325 2115 2870 2192 Γραμματειδιοποιὸς
2953 2117 3358 2200 Ἀπολλοδώρου.

1794 2203 1998 2259 Athen.
2028 2223 2080 2275 7,
2110 2224 2170 2280 p.
2200 2204 2337 2276 280,
2358 2209 2436 2280 D,
2458 2207 2629 2262 etiam
2655 2207 2799 2263 hanc
2829 2208 3076 2265 fabulam
3101 2210 3360 2286 Carystio

1796 2290 2124 2368 adscripsit,
2152 2294 2212 2348 in
2231 2311 2348 2366 qua
2376 2293 2614 2352 Casaub.
2644 2308 2934 2352 recoctum
2967 2297 3216 2373 aliquem
3242 2300 3363 2357 foi·-

1794 2380 2078 2435 mularum
2121 2391 2222 2437 aut
2277 2381 2464 2436 litium
2513 2394 2954 2458 procuratorem
2997 2389 3361 2462 perstrictum

1796 2465 1966 2524 fuisse
1994 2469 2302 2542 existimat,
2335 2471 2670 2526 assentiente
2707 2469 3014 2530 Hemsterh.
3061 2475 3136 2530 ad
3181 2477 3365 2532 Pollu·

1798 2573 1922 2612 cem
1955 2575 2044 2626 10,
2080 2558 2208 2631 193.
2234 2560 2316 2613 Ac
2343 2576 2475 2614 sane
2499 2558 2849 2634 γραμματεῖα
2879 2572 2938 2617 et
2961 2561 3360 2639 γραμματείδια

1798 2648 2006 2722 passim
2035 2646 2304 2703 dicuntur
2347 2647 2526 2704 libelli
2571 2649 2662 2704 vel
2685 2649 3052 2724 ‚instrumenti
3071 2642 3364 2723 judicialia

1800 2734 1887 2809 (v.
1919 2734 1995 2791 ad
2015 2733 2390 2792 Menandrum
2408 2753 2468 2810 p.
2503 2754 2525 2791 1
2542 2735 2610 2792 15
2625 2729 2642 2812 )
2659 2759 2674 2807 ;
2693 2755 2878 2812 neque
2896 2740 3059 2795 aliter
3081 2743 3366 2816 accepisse

1796 2822 2023 2878 videtur
2081 2824 2311 2880 Grotius
2365 2825 2634 2898 Excerpt.
2695 2844 2756 2901 p.
2810 2825 2926 2883 820
2942 2869 2957 2896 ,
3003 2829 3364 2904 Libelltficem

1794 2911 2214 2986 interpretatus,
2246 2913 2438 2968 Potest
2457 2923 2646 2970 tamen
2672 2915 2840 2971 etiam
2857 2914 3055 2986 homo,
3077 2919 3178 2990 qui
3190 2938 3364 2993 γραμ-

1796 3006 1990 3074 ματεῖα
2007 3040 2023 3072 ,
2053 3000 2112 3055 h.
2139 3018 2188 3055 e.
2214 2998 2592 3077 ἀργυριοθήκας
2619 3002 2948 3073 fabricatur,
2975 3006 3236 3079 intelligi.
3278 3010 3360 3063 Eo

1794 3089 1914 3161 ipse
1935 3105 2039 3142 nos
2066 3088 2268 3144 Pollux
2293 3088 2472 3144 ducit.
2501 3114 2526 3139 ιο
2555 3090 2605 3143 E
2626 3090 2714 3147 M.

2295 3206 2396 3265 vl.
2445 3208 2865 3268 ΨΕΥΔΑΙΑΣ.

1884 3356 1910 3383 α
1943 3332 2218 3387 Vitiosum
2241 3327 2490 3396 Ψευδέας
2519 3332 2672 3407 apud
2709 3334 3042 3394 Eudociam.
3089 3336 3365 3405 Ψευδαίας

1795 3422 1948 3476 enim
1967 3417 2126 3474 haud
2148 3417 2323 3474 dubie
2344 3418 2529 3475 dictus
2557 3433 2892 3494 personatus
2918 3422 3060 3495 Ajax
3079 3465 3096 3498 ‚
3117 3437 3172 3480 et
3198 3428 3366 3483 simi-

1797 3508 1877 3563 les
1924 3506 2072 3562 tituli
2097 3517 2228 3561 sunt
2263 3506 2615 3563 Pherecratis
2649 3519 2704 3563 et
2731 3508 3027 3566 Menandri
3065 3510 3362 3593 Ψευδηρα-

1795 3596 1962 3665 κλῆς,
1988 3595 2297 3650 Nicostrati
2327 3592 2828 3671 Ψευδοστιγματίας
2847 3639 2865 3669 ,
2907 3599 3177 3657 Timoclis
3213 3602 3365 3660 Ψευ·

1795 3679 2046 3757 δολῃσταὶ
2063 3722 2112 3751 ,,
2133 3682 2343 3738 Cratini
2375 3693 2432 3736 et
2475 3682 2712 3757 Crobyli
2759 3682 3308 3762 Ψευδυποὸολιμαῖος.
3339 3718 3363 3739 ι.

1795 3772 1846 3824 Ε
1876 3772 1964 3827 M.
2005 3766 2210 3825 Pollux
2257 3788 2348 3839 10,
2396 3767 2522 3840 138,
2549 3770 2608 3825 in
2637 3769 3022 3846 descriptione
3061 3788 3365 3851 apparatus

1794 3858 2048 3914 militaris
2087 3874 2101 3913 :
2145 3854 2236 3913 καὶ
2281 3864 2610 3933 στρωματεῖς
2637 3854 2690 3914 δὲ
2731 3858 2832 3933 (cf.
2866 3862 3053 3918 Alexis
3096 3864 3265 3943 Κρατ.
3294 3866 3359 3941 4)

1797 3943 1913 4002 Ἀπ.
1937 3966 1991 4001 τε
2017 3946 2045 4001 ὁ
2075 3942 2278 4023 Γελῷος
2297 3942 2414 4021 ἔφη,

1890 4057 2186 4147 Μοίχαιρα
2207 4106 2225 4141 ,
2259 4056 2461 4149 λόγχη
2485 4108 2503 4143 ,
2539 4064 2924 4151 στρωματεύς
2941 4114 2954 4127 .

2201 4346 2446 4403 vaM
2481 4348 2969 4418 RELINQUENS.

1804 4432 2004 4489 Animo
2029 4430 2356 4488 conturbato
2377 4433 2597 4489 situlam
2617 4448 2743 4506 quae
2765 4434 2821 4491 iu
2847 4437 3078 4495 cisterna
3102 4448 3202 4505 est,

1797 4524 1851 4573 et
1875 4518 1992 4589 ejus
2013 4532 2138 4590 quae
2170 4519 2230 4575 in
2253 4527 2436 4591 puteo,
2467 4520 2703 4589 exsolvi,
2725 4530 2783 4579 et
2807 4523 2934 4581 usui
2965 4540 3089 4583 meo

1799 4604 2204 4663 accommodavi
2229 4605 2408 4664 funes.

2111 4696 2578 4753 FABRICATOR
2618 4700 3047 4759 THECARUM.

1797 4783 1877 4837 Ut
1897 4788 2078 4837 autem
2105 4780 2245 4838 inter
2267 4797 2548 4840 sermones
2568 4783 2749 4841 dicam
2769 4828 2784 4854 ‚
2813 4786 2918 4843 hoc
2941 4788 3074 4845 mihi
3101 4788 3316 4848 videtur

1800 4868 2006 4923 cumini
2049 4868 2430 4939 repositorium
2449 4910 2464 4937 ‚
2500 4886 2613 4928 non
2656 4875 3086 4945 argentitheeam
3129 4877 3366 4941 circum·

3199 4946 3361 5005 ferre.

2311 5012 2596 5070 FALSUS
2633 5016 2844 5072 AJAX..

1794 5094 1974 5159 Ensis,
2029 5094 2211 5165 hasta,
2253 5098 2414 5155 vestis
2437 5099 2694 5171 stragula.
