3809 5850
1763 463 2039 524 PLATO.

3404 475 3513 530 25³

257 595 494 681 αἶγες,
530 603 874 677 epitheton,
902 620 1020 674 quo
1041 601 1225 674 aptius
1249 619 1364 654 non
1393 600 1705 674 potimini,
1733 617 1857 672 quae
1948 601 2017 654 V.
2071 596 2160 653 16.
2218 597 2459 670 Hesycli.
2502 595 2733 656 Κύων...
2779 596 2927 666 δηλοῖ
2973 596 3025 653 δὲ
3064 596 3153 655 καὶ
3192 597 3249 655 τὸ
3286 600 3516 678 ἀνδρεῖον

257 697 370 750 lut-c
419 693 608 760 dicit,
663 694 886 758 Venus,
935 692 1168 745 ironicis
1217 691 1518 763 praeceptis
1571 689 1858 742 instruens
1950 685 2154 764 μόριον.
2178 689 2240 744 V.
2279 685 2345 741 18
2378 684 2546 763 δέρμα
2578 705 2779 760 penem
2812 688 3139 742 coriaceum
3172 689 3511 764 interpreta-

260 781 524 838 moecbas
551 779 818 834 inductas
860 781 922 833 in
955 779 1062 834 hac
1104 779 1417 844 comoedin,
1462 795 1704 850 quarum
1744 777 1858 830 im-

259 871 694 946 portunitatem
711 868 912 923 Phaon
933 867 1202 942 effugiens
1221 869 1280 922 in
1303 867 1634 921 interiorem
1651 864 1858 920 aedium

261 971 490 1034 partem
521 975 587 1012 se
615 953 906 1012 abdidisse
933 953 1200 1029 fingitur,
1235 955 1506 1010 excubias
1547 963 1751 1027 agente
1784 951 1859 1006 ad

261 1059 508 1124 portam
540 1045 651 1101 dea
675 1085 692 1114 ,
718 1061 884 1099 more
907 1045 1163 1100 leuat-um
1200 1061 1217 1099 t
1241 1060 1428 1116 neque
1466 1041 1621 1098 enim
1647 1053 1860 1096 temere

263 1135 606 1210 impudicos
631 1131 816 1186 hircos
837 1134 930 1188 vel
956 1132 1200 1188 hie-cosm·
1240 1130 1388 1186 dixit
1421 1127 1688 1201 Plautus,
1727 1129 1862 1188 vir-

261 1227 444 1300 gilius
483 1223 612 1280 Ecl.
649 1238 688 1276 a
729 1223 996 1277 lascivam
1032 1223 1336 1296 capellam.
1365 1216 1685 1276 Columella
1713 1238 1767 1289 7,
1795 1217 1857 1287 6,

261 1333 296 1368 2
330 1329 348 1370 ε
377 1337 408 1362 ι
445 1312 726 1384 Caper...
753 1321 836 1366 est
856 1311 1134 1366 mensium
1155 1319 1372 1384 septem
1397 1308 1532 1364 satis
1557 1307 1764 1362 habilis
1783 1305 1858 1362 ad

257 1397 716 1476 procreandum
731 1439 750 1468 ,
775 1400 1050 1472 quoniam
1067 1400 1396 1454 Immodicas
1417 1396 1690 1462 Iibe‘dim’s,
1727 1397 1860 1449 dum

255 1490 464 1546 adhuc
512 1485 778 1544 uberibus
811 1489 995 1554 alitur,
1037 1498 1272 1542 matrem
1301 1497 1492 1559 stupro
1525 1485 1851 1557 supervenit,

255 1591 320 1636 et
349 1578 502 1632 ideo
527 1576 796 1632 celeriter
821 1585 954 1630 ante
974 1592 1069 1630 sex
1095 1591 1275 1629 annos
1295 1571 1674 1639 consenescit,
1703 1568 1862 1643 quod

257 1666 592 1720 isnmatura
627 1663 854 1718 veneris
895 1662 1165 1737 cupidine
1200 1662 1399 1735 primis
1424 1655 1683 1734 pueritiae
1721 1668 1866 1713 tem-

259 1753 530 1828 poribus
561 1751 868 1807 exhaustus
893 1758 1050 1809 es't...
1083 1751 1312 1824 capella
1343 1751 1632 1821 proect'pue
1655 1745 1864 1819 proba·

262 1854 366 1897 tur
383 1841 698 1896 simillima
714 1838 905 1910 hir-cc,
934 1855 1106 1912 quem
1129 1835 1551 1912 descripsimus.
1585 1857 1612 1884 a
1643 1833 1864 1890 Aristo·

263 1929 422 1986 tela
451 1927 524 1986 Η.
555 1932 632 1997 A,
673 1927 735 1998 6,
789 1945 862 2001 19
899 1945 914 1982 1
945 1921 1120 2004 ὀχεύει
1143 1921 1198 1981 δὲ
1240 1921 1334 1981 καὶ
1360 1920 1634 2001 ὀχεύεται,
1669 1917 1764 1985 ἕως
1801 1917 1866 1976 ἂν

263 2019 366 2088 ζῇ,
399 2013 502 2072 καὶ
528 2011 832 2093 πρόὸατον,
871 2010 962 2068 καὶ
999 2009 1126 2078 αἲξ.
1167 2015 1236 2069 V.
1285 2029 1321 2066 α
1362 2008 1636 2068 mendose
1670 2007 1803 2063 libri
1831 2024 1866 2061 a

265 2093 448 2172 οἶνον,
477 2121 650 2160 versu
667 2101 700 2157 3
725 2097 892 2172 οὐδὲν,
913 2119 1080 2156 versu
1103 2107 1138 2168 4
1162 2095 1410 2176 καπήλῳ,
1433 2097 1596 2172 quod
1615 2094 1870 2152 correxit

263 2192 532 2250 casaub.
554 2193 626 2250 V.
656 2209 696 2264 9
713 2185 982 2266 ἑκκαίδεχ’
1007 2188 1091 2248 ὀλ.
1109 2183 1280 2260 μέλιτι
1301 2185 1369 2258 8.,
1386 2187 1488 2242 ubi
1505 2184 1660 2241 idem
1680 2181 1869 2261 ἔνδιχ’,

267 2281 382 2353 qui
411 2297 690 2335 uumerus
719 2277 1160 2354 proverbialiter
1191 2295 1304 2352 pro
1346 2274 1566 2348 majore
1601 2273 1864 2346 usurpari

271 2369 466 2438 solet,
498 2368 661 2424 velut
692 2385 872 2441 quum
894 2365 1100 2421 dicunt
1126 2360 1506 2441 παραπέμπειν
1541 2357 1659 2418 τινὰ
1687 2360 1768 2439 ἐφ’
1791 2356 1871 2416 ἔν-

273 2454 416 2516 δικα
445 2455 684 2526 κώπαις,
703 2455 780 2511 de
819 2473 936 2528 quo
961 2473 1094 2510 ann.
1125 2453 1203 2508 ad
1238 2452 1537 2528 Aristoph.
1581 2453 1690 2524 Eq.
1721 2445 1867 2518 505;

271 2563 406 2598 non
417 2545 554 2600 item
572 2543 908 2600 sedecimus.
931 2545 1111 2598 Porro
1130 2560 1188 2596 v.
1219 2560 1242 2596 1
1260 2561 1284 2596 1
1301 2542 1434 2596 libri
1453 2549 1748 2612 cormpte,
1769 2555 1870 2593 ne-

275 2649 404 2704 que
427 2631 589 2687 salvo
633 2641 824 2686 metro
843 2673 862 2701 ‚
906 2627 1010 2700 ἤδη
1038 2628 1188 2686 ταῦτ’
1239 2622 1583 2684 εὐτελέστατ’.
1627 2625 1874 2682 Commi·

273 2720 438 2774 scer-i
459 2721 648 2775 solent
684 2717 880 2773 formae
919 2716 1442 2791 comparativorum
1475 2723 1534 2770 et
1572 2711 1872 2787 superlati·-

273 2825 521 2865 νοτ-11111.
553 2806 757 2863 Verbis
799 2802 960 2861 ἄκουε
1004 2801 1068 2873 δὴ
1111 2804 1489 2877 compellatur
1534 2800 1874 2875 coryphaeus

269 2895 456 2951 chori
497 2896 831 2953 mulierum.
875 2895 1234 2949 Hermannus
1255 2889 1360 2963 ἤδη
1394 2886 1512 2948 τάδ’
1543 2883 1874 2947 εὐτελέστατ’

1952 786 2045 830 tur
2068 776 2295 830 Jacobs.
2328 776 2485 850 apud
2508 775 2827 849 Scliwcigln.
2873 800 2897 823 «ι
2926 776 3013 830 Ad
3042 778 3196 832 hunc
3220 781 3409 833 locum
3436 779 3515 834 sa·

1948 865 2095 919 hulae
2116 863 2419 938 probabile
2446 873 2531 920 est
2552 863 2753 919 referri
2782 864 2979 939 fragm.
3004 866 3119 922 inc.
3154 885 3244 924 ιο.
3273 869 3390 922 ·M.

2703 977 2760 1033 3.

2028 1091 2193 1147 Idem
2234 1109 2300 1165 9,
2338 1109 2403 1165 p.
2452 1089 2588 1161 367,
2630 1088 2703 1158 B,
2750 1090 2815 1159 C,
2858 1089 2933 1145 de
2970 1089 3255 1146 vocabulo
3294 1087 3522 1168 παροψὶς

1953 1179 2225 1236 disserens
2254 1197 2269 1234 t
2298 1175 2387 1234 ἐπὶ
2417 1174 2512 1253 μὲν
2533 1175 2635 1256 γὰρ
2662 1173 2793 1254 ὄψου
2830 1174 3327 1254 παρεσκευασμένου
3352 1176 3523 1235 ποικί-

1949 1268 2106 1325 λου...
2148 1265 2416 1326 Πλοίτωνα
2453 1255 2574 1324 οἶδα
2618 1261 2865 1344 εἰρηκότα
2892 1265 2949 1322 ἕν
2993 1262 3238 1344 Ἑορταῖς
3368 1265 3424 1323 ἕν
3465 1262 3521 1324 δὲ

1952 1353 2144 1416 Φάωνι

2049 1466 2147 1536 Τὰ
2184 1459 2245 1533 δ’
2287 1461 2555 1560 ἀλλότρι’
2584 1458 2711 1534 ἔσθ’
2742 1469 2930 1557 ὅμοια
2960 1473 3097 1546 ταῖς
3121 1465 3446 1559 παροψίσι·

2052 1575 2243 1666 βραχὺ
2275 1572 2387 1666 γοίρ
2416 1599 2482 1640 τι
2517 1567 2801 1666 τέρψαντ’
2831 1566 3207 1650 ἐξανάλωται
3242 1577 3423 1666 ταχύ.

1953 1703 2133 1759 Versu
2164 1720 2198 1758 α
2231 1697 2283 1757 τὶ
2318 1701 2579 1759 additum
2624 1720 2657 1756 a
2698 1701 2954 1757 Porsono
2998 1700 3165 1756 metri
3218 1693 3415 1776 gratia.
3450 1701 3525 1759 Σε

1955 1789 2160 1846 maluit
2194 1790 2395 1860 Mein„
2440 1791 2545 1866 qui
2570 1791 2861 1846 annotavit
2892 1789 3261 1846 Fritzschium
3309 1793 3395 1846 De
3420 1809 3524 1865 pa-

1954 1897 2107 1955 rops.
2135 1897 2196 1953 p.
2224 1879 2262 1934 6
2294 1875 2577 1957 τᾶλλότρια
2604 1889 2759 1936 recte
2786 1879 3103 1955 intelligere
3120 1878 3194 1936 de
3210 1878 3543 1946 adulteriis.-

1956 1967 2123 2024 Adde
2146 1966 2301 2024 dicta
2322 1967 2396 2024 ad
2424 1966 2630 2043 fragm.
2655 1967 2768 2024 inc.
2792 1965 2932 2028 aod

2037 2212 2240 2269 Suidas
2260 2253 2279 2282 ,
2332 2208 2533 2277 Γλυκὺς
2580 2209 2754 2287 ἀγκών
2800 2232 2815 2267 :
2870 2211 2930 2268 οὗ
2976 2210 3094 2268 κατ’
3140 2208 3439 2268 ἐναντίωσιν
3492 2214 3527 2280 ἡ

1959 2296 2217 2377 παροιμία
2248 2301 2392 2374 (hoc
2430 2297 2721 2374 deleam),
2766 2295 2904 2356 ἀλλὰ
2935 2296 3245 2375 βουλόμενος
3284 2299 3447 2358 εἰπεῖν
3483 2287 3529 2356 ὦ

1958 2390 2177 2467 γλυκεῖα
2192 2385 2323 2458 ἠθάς
2352 2385 2533 2468 (male
2560 2385 2693 2446 libri
2718 2377 2765 2446 ὦ
2789 2387 2985 2468 γλυκέα
3016 2389 3172 2469 ἤθη).
3199 2389 3313 2448 ἔστι
3340 2391 3395 2449 δὲ
3423 2415 3527 2448 πα-

1962 2477 2245 2556 ροιμιακῶς
2284 2475 2445 2554 (libri
2482 2479 2631 2536 male
2658 2477 2919 2557 παροιμία
2958 2475 3060 2556 ὥς)
3093 2479 3527 2559 ἐπιφωνούμενον.

1960 2564 2123 2632 οὕτως
2148 2563 2413 2644 ἐχρήσατο
2440 2567 2547 2627 Πλ.
2576 2569 2605 2624 ὃ
2639 2565 2872 2642 κωμικὸς
2906 2569 2961 2626 ἐν
2997 2571 3076 2648 τῷ
3114 2568 3325 2628 Φάωνι.
3364 2568 3532 2650 γέρων

1961 2652 2007 2713 δ’
2034 2654 2176 2734 αὐτῷ
2201 2651 2471 2714 ὑπόκειται
2507 2656 2638 2734 ἐρῶν
2666 2654 2996 2738 αὐλητρίδος,

2062 2755 2117 2838 1⁷2
2156 2782 2404 2864 χρυσοῦν
2443 2767 2745 2866 ἀγάπημἸ
2801 2772 2852 2838 ὢ
2898 2780 3091 2840 τοῖσιν
3136 2776 3301 2867 ἐμοῖς
3331 2801 3533 2868 τρυφε-

3378 2908 3533 2976 ροισι

269 2980 418 3039 ἔστ’·
469 2981 634 3041 ἄκουε
673 2980 760 3051 δή.
803 2984 876 3040 V.
913 3002 982 3038 12
1010 2982 1145 3037 libri
1173 2978 1540 3060 τριημιεκτέα.
1573 2980 1646 3035 V.
1697 2976 1768 3033 16
1795 2976 1877 3032 sic

179 3098 196 3111 ·
267 3074 548 3129 correxit
571 3071 874 3129 Jacobsius
895 3070 1056 3144 quod
1075 3070 1135 3125 in
1161 3070 1321 3125 libris
1342 3078 1428 3125 est
1455 3064 1658 3145 πύργης
1683 3060 1876 3141 τετάρ-

263 3182 380 3231 της
409 3158 561 3221 κυσί.
587 3162 941 3217 Hermannus
963 3158 1204 3216 tentavit
1221 3152 1420 3236 περκνὴ
1445 3148 1695 3233 γιγαρτίς.
1713 3156 1777 3213 V.
1805 3170 1874 3224 17

261 3250 542 3305 Casaub.
595 3260 756 3305 recte
802 3244 1040 3323 Λόρδωνι
1082 3266 1194 3321 pro
1235 3244 1485 3324 Λόρδωνι.
1541 3244 1874 3316 Dalecamp.

265 3334 572 3415 Κυὸδᾶσῳ
609 3355 724 3410 pro
773 3332 1049 3394 κύὸδασοι.
1097 3334 1174 3393 V.
1237 3332 1491 3391 Lobeck.
1518 3332 1592 3389 ad
1632 3331 1878 3403 Phryni-

261 3422 469 3479 clnun
495 3444 558 3500 p.
587 3423 730 3489 436.
767 3426 836 3479 V.
877 3441 948 3478 αι
987 3423 1240 3497 Heringa
1269 3422 1528 3497 βινητιᾶν.
1560 3421 1696 3475 Haec
1721 3416 1794 3473 de
1815 3434 1880 3473 re

259 3513 520 3569 critica.
545 3514 612 3570 V.
641 3512 679 3567 8
707 3509 1008 3567 πλακοῦντα
1035 3506 1253 3587 ἐνόρχην
1278 3508 1478 3565 ludens
1503 3518 1680 3582 poeta
1705 3504 1875 3561 vide-

261 3612 382 3656 tur
419 3601 620 3656 dicere
663 3617 810 3673 opus
844 3599 1146 3673 pistorium
1179 3599 1239 3653 in
1276 3596 1549 3652 binorum
1591 3594 1880 3651 testiculo·

259 3707 426 3743 mm
447 3687 888 3745 similitudinem
917 3684 1172 3741 effictum
1205 3702 1220 3737 t
1247 3684 1328 3739 ita
1345 3682 1669 3757 Schweigb.
1696 3680 1878 3737 Turdi

261 3778 526 3833 salaces.
578 3777 648 3831 V.
714 3792 787 3830 10
839 3773 1024 3850 λαγῷα
1075 3790 1093 3831 :
1158 3772 1322 3847 lepus
1365 3772 1516 3827 enim
1571 3769 1882 3827 secundum

269 3866 520 3921 Polluc.
545 3862 608 3935 5,
641 3861 738 3933 73,
759 3858 1046 3936 πολυγόνον
1066 3856 1206 3917 ἐστὶν
1233 3859 1284 3923 ἐς
1309 3858 1372 3915 τὸ
1401 3856 1635 3934 μάλιστα
1650 3899 1738 3932 ,...
1767 3856 1881 3912 ἐπι·

267 3949 648 4025 κυῑσκόμενον
679 3946 761 4006 ἀεὶ
787 3947 878 4005 καὶ
917 3946 1005 4005 διὰ
1036 3946 1212 4013 πάσας
1239 3944 1399 4025 ὥρας.
1431 3946 1598 4005 Conf.
1647 3947 1880 4003 Aristot.

267 4042 380 4095 De
411 4056 616 4114 gener.
641 4042 702 4109 4,
727 4034 762 4091 5
783 4047 840 4091 et
861 4038 933 4091 H.
966 4040 1036 4092 A.
1066 4036 1182 4092 vol.
1213 4054 1268 4106 2,
1293 4054 1352 4110 p.
1376 4032 1492 4110 519
1519 4034 1614 4092 ed.
1647 4033 1882 4090 Schnei-

269 4128 450 4183 deri.
468 4131 539 4185 V.
568 4144 640 4181 10
665 4122 907 4198 Hesych.
930 4120 1256 4191 Ἔπισέληνα
1285 4142 1298 4179 :
1327 4119 1587 4197 πέμματα
1607 4120 1878 4196 μηνοειδῆ.

273 4218 360 4273 V.
401 4234 474 4271 ια
501 4214 578 4271 de
594 4210 776 4269 bulbis
793 4212 994 4271 Athen.
1021 4231 1070 4283 1,
1089 4232 1152 4287 p.
1173 4211 1247 4268 63
1269 4230 1430 4286 seqq.
1457 4214 1526 4271 V.
1553 4210 1620 4266 13
1647 4210 1776 4267 Κον.
1811 4210 1882 4267 cf.

277 4306 545 4377 Lysistr.
578 4300 719 4376 915.
756 4302 966 4358 Athen.
1005 4320 1066 4376 9,
1095 4321 1157 4376 p.
1198 4299 1339 4375 395,
1368 4302 1412 4357 F
1447 4320 1458 4355 :
1497 4298 1546 4356 oi
1573 4294 1885 4372 καλούμενοι

279 4389 742 4470 παραστάται
785 4386 1099 4466 (κυνηγέται
1127 4390 1270 4446 dicti
1287 4408 1342 4447 v.
1381 4388 1498 4464 16)·
1521 4384 1624 4444 εἰσὶ
1651 4388 1699 4444 δ’
1727 4388 1776 4443 οἱ
1799 4384 1888 4464 ὅρ-
2726 4366 2782 4427 5·

283 4500 414 4555 χεις
459 4476 602 4537 οὕτω
651 4473 985 4552 καλούμενοι.
1046 4475 1288 4551 Proprie
1337 4476 1630 4547 Dioscuri,
1682 4472 1888 4549 δίδυμοι
2056 4478 2262 4537 Athen.
2308 4496 2398 4548 10,
2434 4498 2496 4554 p.
2546 4486 2685 4549 424,
2728 4480 2773 4535 Α
2817 4500 2829 4533 :
2874 4478 3063 4536 κύαθον
3114 4478 3163 4535 δ’
3193 4478 3280 4536 ἐπὶ
3321 4482 3413 4537 τοῦ
3452 4480 3547 4535 ἀνω

285 4566 384 4621 illi
434 4566 640 4637 divini,
681 4564 1041 4620 vocabantur
1083 4559 1443 4641 παραστάται.
1493 4562 1580 4621 Cf.
1632 4562 1885 4623 Lobeck.
1976 4567 2231 4644 τλητῆρος
2266 4567 2377 4625 Πλ.
2415 4564 2619 4644 εἴρηκεν
2658 4568 2710 4625 ἐν
2760 4568 2843 4627 Φ.
2886 4565 3049 4633 οὕτως
3085 4592 3111 4617 ιι
3143 4567 3287 4645 Τῷ*
3322 4565 3547 4642 στόματι

293 4655 588 4731 Aglaoph.
627 4672 693 4727 p.
745 4652 920 4708 1232.
964 4655 1029 4709 V.
1079 4660 1172 4717 14.
1211 4649 1450 4708 photius
1475 4671 1534 4727 p-
1585 4652 1725 4722 281,
1780 4670 1884 4723 10,
1976 4651 2065 4711 τὸν
2089 4651 2279 4711 κύαθον
2304 4644 2395 4711 ὧδ’
2430 4654 2459 4684 ⁴
2491 4653 2785 4733 εἰληφότας.
2820 4680 2846 4705 ιο
2878 4658 2997 4713 Nec
3026 4656 3249 4712 numeri
3289 4667 3549 4711 constant

297 4740 524 4821 Μύρων
559 4760 572 4795 :
611 4742 803 4819 σχῆμα
825 4742 916 4797 τοῦ
933 4736 1228 4815 γυναικείου
1251 4736 1469 4799 αἰδοίου.
1509 4738 1584 4799 Cf
1599 4740 1800 4795 Pollux
1823 4760 1882 4816 α,
1976 4743 2108 4798 huic
2136 4744 2419 4799 versiculo
2436 4786 2451 4813 ,
2480 4762 2666 4816 neque
2708 4755 2949 4819 apparet
2968 4784 2985 4813 ‚
3024 4746 3255 4817 quinam
3280 4744 3543 4800 dicantur

305 4852 326 4887 1
345 4829 900 4903 74,scliol.Lysistr.
933 4828 1098 4883 1003.
1113 4831 1178 4885 V.
1207 4827 1298 4884 15.
1323 4830 1454 4885 llaec
1475 4848 1594 4901 quo
1607 4840 1884 4902 spectent,
1976 4830 2034 4885 hi
2060 4828 2327 4905 εἰληφότες
2357 4828 2447 4887 τὸν
2482 4827 2671 4887 κύαθον
2704 4830 2951 4905 στόματι.
2981 4830 3365 4888 Probabiliter
3408 4833 3545 4887 scri·

301 4919 560 4975 ostendit
573 4916 1092 4991 Aristophffllccles.
1115 4935 1208 4990 ια,
1236 4915 1328 4987 13,
1346 4918 1577 4991 Lysistr.
1605 4916 1886 4988 758.761.
1972 4920 2151 4992 psci-is

2063 2987 2305 3079 τρόποις
2334 2986 2417 3051 ὢν
2452 2987 2669 3081 γλυκὺς
2701 2983 2936 3081 ἀγκώνέ

1966 3113 2037 3179 ὡς
2060 3111 2203 3178 εἴτις
2225 3111 2366 3191 λέγοι
2382 3101 2463 3170 «ὦ
2488 3113 2619 3189 (sic)
2644 3109 2835 3189 γλυκὺς
2845 3116 3039 3192 πῆχυς.
3066 3114 3178 3175 »V.
3209 3134 3233 3171 1
3262 3114 3537 3172 edebatur

1955 3200 2250 3275 -ἅνάδημα,
2294 3201 2453 3275 quod
2488 3203 2736 3258 correxi.
2768 3204 2923 3261 Alias
2966 3220 3203 3277 quoque
3252 3204 3535 3261 observati

1968 3302 2100 3346 sunt
2131 3308 2353 3346 errores
2377 3310 2412 3364 γ
2434 3301 2493 3345 et
2516 3312 2566 3359 ν,
2598 3291 2851 3363 itemque
2878 3288 2908 3346 δ
2944 3301 3001 3346 et
3028 3312 3071 3347 π
3113 3292 3324 3347 litteras
3345 3332 3363 3363 ,
3398 3310 3539 3367 pra·-
3598 3338 3605 3345 .

1969 3380 2163 3435 sertim
2189 3378 2515 3453 quadratas,
2542 3378 3015 3435 confundentium
3038 3398 3053 3433 :
3082 3378 3155 3434 de
3176 3380 3277 3434 illo
3307 3379 3381 3433 ad
3401 3381 3535 3435 Cra-

1970 3469 2075 3523 tini
2102 3468 2312 3525 Incert.
2350 3468 2483 3537 143,
2521 3467 2593 3525 de
2613 3467 2727 3523 boc
2748 3486 2808 3523 ν.
2832 3468 2987 3523 Nub.
3026 3466 3197 3524 1283.
3226 3471 3291 3525 V.
3318 3487 3353 3523 a
3384 3470 3533 3543 lege-

1970 3556 2143 3612 batur
2168 3542 2213 3611 ὦ
2230 3556 2315 3632 γλ.
2335 3558 2613 3613 Versuum
2630 3556 2795 3631 prior
2821 3566 2907 3611 est
2936 3566 3287 3629 asynartetus
3316 3575 3349 3611 e
3376 3556 3535 3611 duo-

1970 3644 2079 3699 bus
2112 3644 2495 3719 pherecrateis
2522 3653 2783 3699 constans
2802 3682 2821 3713 ‚
2856 3654 2921 3699 ut
2942 3643 3232 3719 Aristoph.
3259 3647 3363 3698 Αν.
3392 3644 3540 3699 1600

1972 3733 2062 3789 ed.
2104 3752 2243 3789 meae
2262 3772 2280 3803 ,
2320 3733 2609 3808 posterior
2637 3732 3062 3806 pherecrateus.
3091 3761 3173 3776 —
3204 3732 3384 3788 Aliter
3418 3732 3539 3787 haec

1972 3821 2273 3877 scribenda
2298 3820 2520 3894 putavit
2546 3820 2891 3876 Meinekius:

2072 3974 2169 3983 -—
2201 3917 2253 3999 ὦ
2289 3944 2539 4027 χρυσοῦν
2576 3926 2891 4025 ἀνᾶδημα,

2072 4039 2121 4106 ὦ
2149 4049 2341 4108 τοῖσιν
2366 4045 2531 4133 ἐμοῖς
2558 4047 2889 4134 τρυφεροῒσι
2910 4040 3149 4132 τρόποις
3177 4040 3543 4134 (ἁρμόττον,

2821 4142 2939 4239 ἴθ’)
2988 4143 3037 4212 ὦ
3072 4150 3288 4241 γλυκὺς
3315 4148 3545 4241 ἀγκών,

1978 4270 2185 4325 collato
2216 4268 2285 4324 fr.
2324 4268 2356 4324 3
2394 4270 2631 4328 Σκευῶν.

1080 5106 1131 5155 3.

307 5192 508 5251 Aliena
535 5204 666 5245 vero
687 5186 891 5243 similia
909 5194 1040 5243 sunt
1069 5184 1448 5259 paropsidibus
1478 5206 1491 5241 :

309 5279 538 5357 paulum
563 5275 894 5333 delectantia
925 5274 1034 5331 cito
1055 5284 1477 5331 conisumuntur.

2731 5110 2785 5159 4.

1980 5191 2029 5244 O
2048 5203 2209 5245 aurea
2230 5190 2457 5245 amasia!
2488 5204 2523 5245 o
2548 5188 2790 5247 delicatis
2810 5190 2944 5247 meis

1982 5278 2221 5336 moribus
2254 5286 2407 5348 grata
2436 5278 2596 5335 ulna!
