3809 5850
436 397 509 448 76
1428 385 1833 446 COMOEDIAE
1878 385 2206 448 VETERIS
2247 389 2663 463 RELIQUIAE.

529 526 753 588 Οὐκοῦν
775 522 978 597 ἔτνους
1017 525 1131 615 χρὴ
1167 511 1341 612 δεῦρο
1379 515 1660 612 τρυςλίον
1692 522 1878 615 φέρειν

528 627 629 692 καὶ
666 638 797 704 τῆς·
818 627 1057 720 ἀθάρης.

432 749 642 806 Eadem
677 749 853 805 ferme
878 767 1118 824 gramm.
1151 747 1393 807 Bekker.
1422 747 1641 804 Anecd.
1674 767 1733 822 p.
1768 747 1905 824 352,
1941 767 1995 804 α.

1189 852 1245 909 3.

508 958 671 1015 Idem
701 977 714 1012 ε
748 955 957 1020 Ἀνεκάς
993 956 1156 1035 ψιλῶς
1200 953 1261 1012 τὸ
1290 954 1399 1013 ἄνω
1427 955 1709 1033 λέγουσι...
1736 959 1998 1036 Κρατῖνος

434 1046 647 1122 (immo
684 1040 1098 1123 Κράτης)”Ηρ.

524 1163 648 1228 Τὸν
674 1157 869 1254 αὐχέν’
899 1165 967 1228 ἐκ
996 1171 1104 1255 γῆς
1134 1159 1346 1239 ἀνεκὰς
1376 1161 1454 1238 εἰς
1487 1163 1700 1238 αὐτοὺς
1730 1163 1996 1248 βλέπων.

429 1289 535 1350 Τὸν
578 1289 803 1369 αὐχένα,
826 1294 865 1350 i.
891 1311 943 1348 e.
972 1292 1049 1370 τῷ
1086 1291 1268 1368 αὐχένι
1302 1313 1314 1346 :
1342 1313 1400 1350 v.
1433 1310 1568 1350 ann.
1602 1293 1678 1349 ad
1704 1295 1996 1368 Aristoph.

431 1381 539 1452 Eq.
580 1399 641 1454 9.
673 1379 1073 1453 Bernhardyus
1098 1377 1303 1458 τρέπων
1334 1380 1569 1452 conjicit
1609 1400 1720 1456 pro
1766 1379 1995 1458 βλέπων.

438 1493 461 1518 α
501 1473 578 1523 At
638 1465 871 1544 (inquit
914 1469 1122 1544 Mein.)
1177 1468 1368 1524 forsan
1408 1471 1711 1544 imperiose
1748 1470 2003 1541 jubentis

428 1557 605 1613 verba
622 1568 752 1614 sunt
763 1577 979 1614 sursum
1006 1563 1303 1636 cervicem,
1331 1577 1409 1618 sc.
1432 1560 1588 1619 tolle.
1614 1560 1796 1616 Simili
1820 1561 2002 1636 ellipsi

430 1647 641 1703 dicitur
668 1644 743 1722 μὴ
770 1645 954 1726 τριὸὰς
988 1646 1087 1707 ἔτι.
1113 1672 1137 1699 ³·

1190 1736 1243 1795 1..

508 1830 716 1888 Pollux
747 1831 805 1902 3,
846 1831 955 1887 155
990 1849 1005 1890 τ
1037 1831 1254 1908 Κράτης
1275 1831 1320 1888 δ’
1343 1829 1441 1910 ἔφη
1469 1833 1520 1889 ἐν
1548 1829 1678 1910 Ἤρ.
1707 1857 1728 1879 -
1758 1830 2001 1911 Ἄλτῆρσι

430 1916 701 1975 θυλάκοισι
731 1915 994 1996 χρήσαιτο
1036 1917 1266 1994 μέγεθος.
1303 1943 1327 1970 ιο
1354 1923 1442 1976 Ita
1470 1921 1655 1977 codex
1682 1922 1873 1978 Falck.
1897 1941 2003 1996 pe-

424 2007 628 2080 jusque
651 2009 821 2062 etiam
849 2008 947 2063 alii
974 2006 1093 2062 duo
1114 2048 1131 2077 ,
1162 2027 1309 2080 quos
1332 2009 1596 2064 Ruhnius
1619 2011 1885 2084 inspexit,
1909 2013 2001 2079 θη·

429 2093 631 2152 λύκοισι
644 2098 843 2174 χρῆσαι
857 2093 918 2152 τὸ
938 2117 997 2172 μ.
1016 2097 1273 2174 Sensum,
1292 2116 1536 2172 eumque
1552 2098 1705 2154 haud
1724 2099 2001 2176 ineptum,

429 2183 548 2240 haec
577 2185 855 2240 haberent
883 2203 899 2242 τ

526 2285 837 2386 Αλκτῆρσι
866 2292 1176 2359 θυλάκοισι
1198 2294 1473 2386 χρήσαιθ’
1497 2287 1574 2360 ὅδ
1578 2319 1605 2360 ε
1622 2294 1862 2387 γνάθος.

428 2423 651 2496 Quibus
691 2425 887 2480 nescio
932 2423 1093 2496 cujus
1126 2425 1439 2498 voracitas,
1477 2424 1703 2480 utribus
1744 2423 2002 2498 indigens

430 2515 725 2568 farinaevel
746 2514 911 2586 panis
928 2511 946 2591 (
960 2513 1037 2569 cf.
1053 2513 1376 2568 Pherecrat.
1400 2509 1577 2588 Ἀγαθ.
1606 2533 1627 2567 ι
1654 2513 1698 2586 ),
1720 2512 2001 2569 deridere·

431 2613 543 2658 tur.
559 2605 751 2674 Quum
766 2611 1069 2676 suppetant
1091 2602 1343 2674 exempla
1365 2603 1393 2658 θ
1414 2613 1471 2658 et
1492 2621 1541 2670 τ,
1559 2600 1588 2656 δ
1606 2611 1663 2656 et
1692 2622 1732 2674 μ
1751 2603 2002 2674 itemque

430 2712 464 2763 γ
492 2701 550 2745 et
571 2711 598 2744 ν
634 2691 947 2745 litterarum
978 2688 1343 2745 confusarum
1362 2731 1377 2758 ,
1426 2689 1723 2744 verisimile
1752 2689 1998 2764 videtur,

430 2777 606 2833 verba
633 2773 1133 2852 χρήσαιθοδεγνάθος
1159 2777 1429 2850 gliscente
1455 2776 1863 2849 depravatione
1882 2796 2003 2832 mu-

432 2876 543 2920 tata
571 2883 687 2921 esse
715 2867 777 2919 in
811 2862 1295 2943 χρήσαιτομεγαθος
1327 2863 1571 2939 (omisso
1610 2885 1637 2918 ν
1674 2866 1843 2919 simili
1871 2876 2004 2940 post

430 2951 500 3029 γ)
530 2964 587 3011 et
606 2955 1104 3031 χρησαιτομεγεθος.
1126 2954 1322 3027 Nuper
1346 2954 1521 3011 Mein.
1556 2954 1803 3009 correxit

530 3064 803 3161 Ᾰλτῆρσι
839 3068 1155 3135 θυλάκοισι
1184 3077 1409 3161 χρῆται
1443 3070 1518 3134 τὸ
1561 3068 1824 3161 μέγεθος.

1182 3188 1239 3245 5.

514 3296 675 3353 Idem
700 3315 791 3367 ιο,
814 3314 891 3372 90
918 3316 931 3351 z
956 3291 1043 3351 ἐπὶ
1067 3292 1122 3351 δὲ
1148 3291 1347 3360 τούτοις
1374 3291 1466 3351 καὶ
1490 3300 1657 3365 κανᾶ,
1679 3292 1769 3351 καὶ
1794 3291 2000 3364 κάνητα

436 3393 627 3468 (malo
674 3390 763 3450 καὶ
793 3389 1072 3469 κάνητες),
1104 3388 1195 3449 καὶ
1222 3389 1491 3449 κανίσκια.
1536 3389 1627 3456 καὶ
1658 3387 1862 3461 κάνητα
1904 3388 1999 3473 μὲν

436 3483 540 3558 Κρ.
570 3481 624 3538 ἔν
650 3477 783 3557 Ἤρ.
820 3470 963 3549 εἶπεν

529 3590 583 3662 ὁ
616 3594 800 3672 κάνης
830 3588 900 3661 δὲ
934 3604 1044 3672 τῆς
1076 3593 1290 3670 κοίτης
1322 3596 1629 3686 ὑπερέχειν
1675 3619 1776 3686 μοι
1808 3586 1998 3660 δοκεῖ.

434 3722 801 3803 Ἀριστοφάνης
820 3721 865 3779 δ’
878 3724 932 3779 ἐν
956 3720 1264 3800 Ἀχαρνεῦσι
1281 3724 1490 3779 κανοῦν.
1514 3724 1749 3777 Photius
1768 3742 1827 3797 p.
1856 3722 1996 3791 324,

441 3843 507 3893 17
527 3864 543 3893 ,
566 3819 637 3881 ‘0
666 3819 872 3889 κάνης
898 3822 1018 3889 τῆς
1050 3818 1278 3889 κοίτης
1302 3816 1617 3896 ὑπερέχει
1644 3836 1658 3876 :
1691 3817 1907 3876 ἐπὶτῶν
1937 3818 2001 3875 τὰ

434 3908 509 3985 μὴ
543 3910 804 3985 ἀναγκαῖα
854 3905 1017 3982 μείζω
1038 3906 1129 3964 καὶ
1155 3904 1321 3963 πλείω
1352 3908 1454 3963 τῶν
1480 3904 1778 3982 ἀναγκαίων
1812 3928 2001 3978 κεκτη-

432 3996 624 4075 μένων.
653 4022 679 4048 ·
707 3997 791 4056 cf.
819 3994 1140 4053 Proverbia
1162 3997 1328 4055 Coisl.
1358 3996 1491 4053 360.
1522 4022 1547 4047 n
1578 4000 1663 4056 M.

433 4250 607 4322 Igitur
630 4216 801 4322 'pultis
824 4246 934 4303 hue
956 4164 1239 4303 afferenti}
1264 4252 1348 4302 est
1367 4244 1565 4317 patina.

1188 4338 1241 4389 3.

432 4425 653 4485 Cet-vice
670 4430 845 4482 erecta
864 4437 928 4479 ex
956 4428 1100 4479 terra
1119 4436 1213 4478 eos
1232 4418 1555 4493 adspiciens,

1190 4512 1246 4562 4.

434 4599 658 4656 Uti-ium
674 4596 865 4655 sarinae
891 4594 1089 4653 auxilio
1122 4593 1393 4666 indIgeret
1410 4593 1529 4649 haec
1550 4594 1783 4650 maxilla.

434 4774 620 4829 Stoi-ea
638 4784 765 4827 vero
788 4766 955 4825 cubili
977 4767 1157 4839 potior
1184 4686 1321 4822 t5nihi
1345 4764 1572 4823 videtur.

1188 4859 1241 4909 6.

434 4950 621 5003 Storea
641 4940 921 5002 efferendo
947 4942 1192 4998 stercori.

1051 5030 1293 5085 BELLU
1298 5033 1378 5085 F.

1194 5122 1244 5171 1
1730 5118 1994 5187 lservam.

549 5207 811 5267 .Deinde
847 5223 915 5265 ne
942 5222 1089 5264 unus
1128 5203 1351 5277 quidem
1392 5220 1603 5262 servum
1646 5204 1865 5263 habebit
1904 5214 1999 5262 aut

2857 526 2911 580 6.

2173 617 2334 672 Idem
2359 617 2439 675 ib.
2485 618 2590 689 175
2622 639 2632 673 :
2668 616 2758 676 καὶ
2789 618 2968 700 ῥιπίδα
3016 620 3065 677 δ’
3095 619 3156 676 ἄν
3190 643 3265 686 τις
3292 621 3423 702 φαίη
3456 623 3698 700 πλέγμα

2095 726 2144 760 τι
2171 703 2344 784 ψιάθῳ
2383 703 2418 775 ἢ
2443 708 2630 785 φορμῷ
2654 707 3045 786 παραπλήσιον.
3075 711 3177 788 Κρ.
3205 708 3252 766 δ’
3279 710 3520 788 (malim
3543 713 3656 790 γάρ
3681 713 3696 790 J!

2095 793 2150 850 ἐν
2177 800 2281 859 τοῖς
2307 791 2440 872 Ἤρ.
2471 792 2567 872 ἔφη
2600 821 2624 846 ι
2661 795 2888 872 ῥιπίδι
2915 801 3348 878 κοπραγωγῷ.
3385 825 3410 851 υ

2667 946 2773 1003 111.
2819 945 3082 1006 ΘΗΡΙΑ.

2183 1096 2208 1120 α
2251 1073 2320 1126 In
2344 1073 2449 1128 hac
2471 1073 2664 1129 fabula
2682 1075 2874 1131 Crates
2898 1075 3039 1131 duas
3057 1093 3327 1151 personas
3350 1078 3702 1134 introduxit

2097 1159 2461 1234 allegoricas,
2493 1181 2734 1235 quarum
2771 1165 2950 1220 altera
2993 1166 3228 1221 mollem
3273 1185 3338 1222 ac
3368 1167 3698 1224 delicatam

2097 1250 2524 1305 commendaret
2551 1252 2748 1324 vitam,
2777 1253 2954 1309 altera
2979 1271 3118 1309 vero
3141 1256 3462 1328 simplicem
3499 1268 3564 1311 et
3593 1277 3698 1313 na-

2096 1347 2235 1391 turae
2277 1341 2710 1396 convenientem
2729 1383 2745 1410 ,
2788 1351 2856 1395 ut
2899 1360 3020 1396 aevo
3047 1343 3338 1398 Saturnio.
3387 1346 3698 1400 Praeterea

2095 1424 2304 1480 bestias
2347 1426 2572 1482 induxit
2610 1447 2773 1484 more
2817 1430 3068 1486 humano
3114 1433 3523 1504 colloquentes
3559 1453 3698 1488 cum

2094 1512 2422 1568 hominibus
2437 1557 2454 1586 ,
2475 1533 2690 1588 eosque
2716 1517 3037 1589 hortantes,
3060 1529 3126 1573 ut
3144 1521 3399 1574 carnium
3429 1539 3542 1575 esu
3566 1521 3698 1576 abs-

2097 1600 2357 1661 tinerent.
2387 1601 2472 1659 Cf.
2502 1603 2705 1680 Bergk.
2738 1606 3078 1666 Commemt.
3107 1625 3164 1682 p.
3202 1607 3398 1678 278.»
3435 1609 3490 1662 Ε
3521 1609 3628 1666 Μ.

2859 1729 2911 1768 1.

2176 1801 2384 1860 Athen.
2415 1802 2473 1872 6,
2495 1822 2556 1877 p.
2591 1804 2728 1875 267,
2757 1807 2843 1862 E:
2872 1807 2919 1862 οἱ
2949 1804 3004 1863 δὲ
3026 1809 3119 1876 τῆς
3147 1805 3370 1886 ἀρχαίας
3389 1807 3698 1916 κωμῳδίας

2096 1884 2312 1955 ποιηται
2331 1887 2448 1965 περὶ
2470 1892 2562 1946 τοῦ
2587 1889 2809 1968 ἀρχαίου
2839 1889 2952 1966 βίου
2977 1893 3372 1969 διαλεγόμενοι,
3396 1892 3476 1952 ὅτι
3499 1897 3608 1951 οὐκ
3630 1899 3696 1962 ἦν

2095 1971 2210 2030 τότε
2231 1972 2427 2032 δούλων
2453 1976 2638 2054 χρεία,
2667 1979 2841 2036 τοιάδε
2871 1979 3186 2052 ἐκτίθενται,
3218 1982 3472 2058 Κρατινος
3503 2005 3612 2056 μεν
3641 1985 3694 2038 ἐν

2099 2059 2426 2128 Πλούτοις...
2463 2062 2677 2143 Κράτης
2707 2065 2752 2122 δ’
2778 2067 2830 2122 ἐν
2851 2067 3088 2146 Θηρίοις·

2193 2203 2253 2243 α.
2307 2167 2544 2244 ἒπειτα
2587 2175 2804 2248 δοῦλον
2839 2173 2978 2248 οὐδὲ
3025 2179 3110 2260 εἷς
3144 2187 3486 2268 κεκτήσετ’,
3541 2179 3690 2250 οὐδὲ

3417 2279 3686 2362 δούλην.

2198 2393 2258 2474 β.
2292 2386 2444 2457 AD?
2478 2397 2656 2470 αὐτος
2697 2399 2861 2480 αὐτῷ
2891 2387 3030 2469 δῆτ’
3069 2394 3214 2486 ἀνὴρ
3245 2397 3433 2488 γέρων
3463 2387 3686 2460 διακο-

3465 2529 3648 2574 νησει
3673 2535 3684 2586 ;

2195 2629 2254 2671 α.
2294 2609 2385 2671 Οὐ
2403 2596 2558 2678 δῆθ’·
2579 2597 3014 2700 ὁδοιποροῦντα
3029 2604 3143 2700 γὰρ
3169 2601 3321 2674 τάδε
3347 2603 3533 2672 πάντ’
3563 2614 3686 2700 ἐγὼ

3395 2739 3676 2786 ποιησω.

2199 2818 2260 2898 β.
2301 2815 2378 2882 Τί
2407 2807 2567 2889 δῆτα
2595 2815 2757 2884 τοῦτ’
2779 2823 2980 2895 αὐτοῖς
3007 2821 3222 2902 πλέον;
3253 2843 3322 2883 α.
3359 2819 3678 2910 Πρόσεισιν

3308 2925 3680 2991 αὐθέκαστον

2154 3022 2193 3093 5
2227 3038 2351 3094 τῶν
2373 3029 2898 3123 σκευαρίων,ὅταν
2923 3038 3080 3124 καλῇ
3108 3056 3196 3099 τι.
3242 3060 3275 3095 ι(
3307 3032 3682 3125 Παρατίθου,

3367 3134 3680 3230 τράπεζαί

2193 3242 2342 3312 αὐτὴ
2383 3238 2802 3332 παρασκεύαζε
2852 3234 3116 3316 σαυτῆνί
3165 3280 3264 3291 —-
3297 3241 3541 3331 μάττε,
3585 3246 3680 3311 θυ-

3248 3344 3538 3415 λακίσκεῖ
3585 3390 3682 3400 -

2241 3450 2443 3542 ἔγχει,
2470 3446 2677 3519 κύαθεῗ.
2708 3448 2911 3519 ποῦσθ’
2948 3459 2985 3525 ἡ
3015 3446 3224 3535 κύλὶξς
3249 3444 3471 3530 διάνιζ’
3506 3455 3682 3523 ἰοῦσα

3249 3622 3258 3631 ,
3290 3563 3552 3633 ‹saur-152!
3593 3598 3678 3609 —

2243 3656 2554 3747 άνάὲαινε,
2585 3657 2780 3755 μᾶζαῖ
2807 3702 2888 3716 -
2915 3668 3028 3737 τὴν
3049 3667 3273 3756 χύτραν
3292 3675 3440 3757 χρῆν
3469 3664 3680 3755 ἐξερᾶν

3167 3768 3250 3835 τὰ
3289 3765 3553 3835 τειῬι-λαί
3595 3804 3676 3815 -—-

2251 3871 2265 3891 v
2350 3876 2364 3897 ι
2511 3878 2528 3898 p
2647 3867 2662 3889 ἲ
3158 3867 3174 3890 ’
3239 3881 3254 3900 «ι
3319 3878 3338 3899 t
3514 3882 3531 3907 φ
3581 3880 3596 3898 ν
3660 3878 3675 3894 ⁸

2247 3874 2412 3965 ιχθυ,
2450 3867 2638 3960 βαδιζ
2681 3882 2696 3942 !
2739 3902 2771 3935 ³>
2806 3912 2900 3925 —-
2942 3905 2974 3938 «
3015 3872 3148 3942 Ᾰλλ
3199 3872 3437 3942 ουδεπω
3467 3902 3511 3968 γ
3569 3903 3681 3941 επι

3005 3980 3200 4075 θάτερ’
3225 3982 3408 4059 ὀπτός
3437 3984 3597 4073 εἰμι.
3643 4010 3674 4040 ³¹

2165 4159 2218 4214 b.
2261 4163 2346 4215 An
2369 4158 2557 4231 igitur,
2579 4174 2784 4231 quaeso,
2817 4159 2922 4215 sibi
2945 4160 3063 4233 ipse
3099 4160 3430 4216 ministrabit
3459 4161 3548 4215 vir
3578 4178 3675 4217 se-

3499 4251 3634 4317 [nex
3657 4255 3680 4305 ‚²

2163 4351 2214 4393 a.
2257 4335 2485 4391 Minime
2513 4354 2526 4389 ε
2555 4350 2682 4391 nam
2707 4334 2889 4391 euntia
2909 4350 3007 4407 ego
3035 4336 3156 4392 haec.
3179 4336 3359 4391 omnia
3389 4334 3623 4391 faciam.

2162 4424 2217 4479 b.
2255 4421 2400 4492 Quid
2427 4420 2654 4479 tandem
2703 4422 2807 4479 hoc
2851 4422 2972 4479 illos
3007 4423 3255 4495 Juvabit?
3283 4439 3332 4478 a.
3383 4423 3678 4481 Accedent

3464 4520 3676 4583 sponte

2163 4603 2196 4653 5
2229 4611 2378 4665 vasa,
2406 4597 2452 4652 si
2477 4596 2619 4669 quod
2650 4598 2936 4654 vocaverit.
2969 4621 2994 4645 «ι
3023 4597 3350 4670 Apponitur,
3377 4602 3602 4654 mensa!

2163 4684 2277 4757 ipsa
2305 4692 2357 4740 te
2380 4687 2616 4756 appara!
2642 4714 2707 4725 -
2733 4684 2954 4757 Subige‚
2981 4690 3164 4742 saoce!
3195 4716 3268 4727 —

2163 4769 2480 4837 Infundito‚
2521 4770 2744 4843 cyathe!
2783 4772 2878 4827 ubi
2945 4779 3025 4828 est
3060 4773 3236 4829 calix?
3272 4787 3392 4844 age,
3441 4778 3498 4829 te
3549 4774 3673 4845 ipsa

3401 4860 3674 4927 [eluet—-

2092 4946 2292 5017 Surge,
2317 4947 2496 4999 maza!
2517 4973 2588 4984 —
2609 4942 2786 5000 Ollam
2816 4944 3013 5016 ejicere
3043 4945 3195 5009 betas
3221 4947 3483 5019 oportuit.
3515 4976 3593 4988 -

2093 5032 2289 5100 Piscis,
2321 5032 2529 5089 venito!
2563 5055 2586 5080 a
2616 5062 2687 5073 —
2721 5056 2744 5079 a
2779 5037 2853 5089 At
2873 5033 3120 5091 nondum
3151 5033 3318 5091 altera
3345 5041 3496 5106 parte
3515 5050 3668 5091 assa·

3229 5124 3338 5187 [tus
3355 5135 3500 5177 sum.
3541 5146 3564 5168 υ
3593 5152 3666 5162 -
