3809 5850
458 470 569 523 120

1188 607 1283 664 7⁰·

1432 456 1838 517 COMOEDIAE.
1880 454 2212 518 VETERIS
2253 458 2676 533 RELIQUIAE.

2109 589 2356 667 ὑπόδημα
2394 590 2562 651 ποιόν.
2594 592 2643 649 οἳ
2671 589 2726 650 δὶ
2757 590 3065 650 σανδάλιον·
3098 594 3199 649 ubi
3225 606 3378 653 reete
3413 598 3666 653 scribunt

532 703 695 760 Idem
716 704 796 762 ib.
826 702 951 759 35ι
976 700 1371 780 παραλελὲχθαι
1396 698 1492 766 τὰς
1516 700 1702 780 τρίχας
1721 699 1785 760 τὸ
1802 697 1895 767 τὰς
1920 722 2014 759 πε-
2108 676 2286 758 §43²⁶-

448 789 625 869 ριττὰς
648 790 1016 870 ἀφαιρεῖσθαι,
1044 786 1157 846 ὅθεν
1180 787 1271 855 καὶ
1302 787 1448 869 παρὰ
1472 785 1829 868 Φερεκράτει,

546 900 897 1000 Ᾰσμηκτος,
938 908 1379 1001 άπαράλεκτος.

1187 1054 1280 1108 71.

530 1150 691 1207 Idem
724 1149 801 1207 ib.
843 1167 946 1204 101
982 1168 995 1203 ε
1026 1146 1052 1171 *
1072 1144 1387 1223 στομοδόκον
1415 1144 1468 1211 δὲ
1509 1146 1570 1205 τὸ
1606 1144 1883 1223 στωμύλον
1920 1144 2010 1203 καὶ

448 1234 608 1295 λάλον
636 1237 715 1296 Φ.
742 1236 1099 1295 Vocabulum
1122 1238 1219 1292 vix
1252 1254 1499 1311 graecum
1525 1258 1538 1292 :
1566 1235 1771 1293 ferrem
1796 1246 2016 1291 utcun-

448 1344 560 1401 que
580 1320 995 1401 στομωδικὸν
1023 1343 1056 1380 a
1084 1320 1377 1398 στομώδης.

1179 1439 1274 1490 73.

526 1516 686 1575 Idem
718 1514 799 1574 ib.
848 1534 871 1571 ι
884 1514 959 1572 30
1001 1536 1015 1571 ε
1056 1510 1397 1591 ὀνομάζονται
1438 1511 1493 1571 δὲ
1534 1513 1583 1572 οἳ
1624 1511 1897 1592 σφόνδυλοι
1924 1510 2016 1571 καὶ

446 1604 681 1684 στροφεῗς
706 1599 856 1683 παρὰ
884 1600 983 1673 τὴν
1010 1602 1095 1660 ἐπ’
1140 1602 1318 1665 αὗτοῖς
1338 1604 1430 1658 τοῦ
1458 1599 1729 1679 τραχήλου
1758 1600 2011 1680 στροφήν.

444 1692 533 1749 καὶ
559 1690 954 1771 στρόφιγγες
972 1688 1121 1769 παρὰ
1150 1690 1229 1749 Φ.

1176 1804 1273 1875 73.

524 1918 687 1975 Idem
714 1917 797 1973 ib.
836 1916 995 1990 176·
1025 1917 1267 1974 ἐκαλεῖτο
1308 1912 1361 1973 δὲ
1390 1915 1483 1973 καὶ
1515 1890 1662 1983 τύλος
1693 1915 1756 1975 τὸ
1783 1917 2013 1975 αἰδοῖον·

444 2002 559 2063 ὅθεν
586 2026 678 2063 και
702 2006 782 2065 Φ.
822 2002 881 2063 τὸ
907 2008 1137 2083 γυμνοῦν
1162 2003 1291 2063 αὐτὸ
1322 2007 1389 2081 τῇ
1438 2002 1578 2085 χειρὶ
1618 2005 2015 2065 ἀποτυλοῦν

443 2082 821 2242 Σξπὶἶὲοῗῖω.
851 2094 933 2154 Μ.
966 2113 1029 2169 p.
1069 2092 1206 2165 125,
1241 2095 1342 2165 33,
1374 2089 1728 2151 Ἆπετύλουν·
1754 2093 2014 2173 ἀπέσυρον

1182 2303 1275 2366 74·

521 2404 681 2463 Idem
708 2406 765 2477 3,
790 2405 906 2463 80.
932 2404 1018 2463 καὶ
1048 2402 1380 2474 εὔδουλος
1406 2408 1435 2465 ὃ
1458 2396 1514 2464 ευ
1536 2412 1642 2475 τοῖς
1664 2402 2015 2487 δούλοιςχρώ-

442 2515 594 2571 μενος
630 2493 777 2573 παρὰ
806 2495 887 2558 Φ.

1182 2604 1275 2679 75.

522 2729 686 2786 Idem
717 2737 778 2804 4,
815 2748 923 2787 121
971 2746 987 2788 z
1028 2730 1237 2809 πρῶτον
1270 2726 1327 2787 δὲ
1361 2726 1507 2797 ξύλον
1550 2730 1644 2805 (in
1669 2727 1948 2843 theatro)
1977 2733 2012 2801 ἡ

441 2815 725 2899 προεδρία,
770 2814 1004 2893 μάλιστα
1054 2814 1150 2892 μὲν
1197 2816 1490 2890 δικαστῶν,
1536 2819 1616 2896 ἐφ’
1661 2806 1735 2875 ων
1787 2816 1879 2876 καὶ
1923 2816 2012 2877 τὸν

439 2902 1061 3054 Zssmtl‘ssfifltf
1071 2902 1485 3054 ζ’ἔὲἕῖιῖἕιίἰ.
1480 2905 1559 2966 ‘¹'
1542 2902 2014 3064 ἑησὲζῗκἭ

439 3016 587 3139 Diale
609 3015 919 3140 {maa-a
868 3101 932 3158 Ρ
970 3101 994 3138 1
1010 3101 1079 3139 12
1087 3014 1659 3161 ,πρωτοὸάθρουςῑίίἰοὶ
1684 3016 1858 3158 puta?
1872 3018 2010 3141 ohd-

438 3181 629 3228 reutas
646 3171 897 3245 primum
923 3171 1159 3228 locum
1140 3189 1200 3226 m
1224 3189 1393 3229 scena
1420 3170 1819 3227 obtinentes.»
1848 3173 1902 3227 E
1925 3173 2010 3229 M.

1175 3284 1272 3358 76.

518 3395 679 3455 Idem
708 3393 785 3472 5,.
804 3396 879 3453 36
931 3416 945 3452 :
998 3393 1175 3454 πάντα
1216 3393 1313 3473 μὲν
1352 3383 1441 3454 οὖν
1480 3392 1547 3453 τὰ
1575 3393 1854 3473 θηρευτικὰ
1880 3398 2012 3456 πλέ-

437 3505 620 3558 γματα
646 3482 830 3542 δίκτυα
856 3481 1059 3542 καλοῖτ’
1088 3480 1172 3557 ἂν,
1195 3485 1275 3544 Φ.
1314 3484 1361 3542 δ’
1388 3481 1524 3542 αὐτὰ
1548 3483 1637 3542 καὶ
1660 3483 1815 3565 ἕρκη
1841 3475 2006 3544 εἶπεν.

436 3572 605 3628 Phot.
629 3591 694 3646 p.
735 3578 829 3644 14,
870 3578 937 3637 14
983 3589 999 3630 ε
1040 3566 1242 3650 Ἕρκη
1272 3569 1479 3629 πλεκτά
1502 3591 1620 3627 τινα
1657 3573 1717 3630 ἐκ
1742 3573 1941 3650 τριχῶν
1963 3573 2012 3630 οἰ

439 3655 664 3734 κωμικοὶ
698 3657 746 3714 οἱ
774 3655 996 3715 παλαιοὶ
1032 3659 1301 3716 καλοῦσιν.
1344 3657 1557 3716 Eadem
1596 3658 1713 3716 fere
1754 3660 2009 3722 Eustath.

438 3745 511 3802 ad
539 3744 649 3802 Od.
677 3763 743 3819 p.
775 3743 943 3815 1572,
973 3763 1072 3802 21.

1174 3874 1272 3926 77·

519 3964 681 4022 Idem
711 3984 770 4036 7,
802 3984 879 4043 90
910 3983 925 4024 τ
954 3967 1058 4024 τῶν
1082 3965 1341 4044 καρκίνων
1374 3961 1753 4044 (μνημονεύει)
1793 3968 1873 4028 Φ.

544 4083 909 4173 Καττύομαι
934 4084 1071 4160 τοὺς
1098 4085 1420 4176 καρκίνους.

447 4235 470 4259 «ι
512 4209 659 4266 cod.
694 4210 915 4266 Kuhnii
950 4209 1230 4287 κατύομεν.
1274 4214 1361 4268 De
1403 4209 1696 4290 καρκίνοις,
1725 4213 2008 4268 solearum

438 4315 647 4372 genere
670 4300 966 4356 nominato
999 4318 1033 4356 a
1058 4301 1366 4376 multiplici
1407 4319 1559 4357 nexu
1584 4302 1964 4376 corrigiarum
1985 4342 2002 4371 ‚

439 4385 519 4444 cl'.
548 4387 795 4460 Hesych.
832 4397 893 4445 et
912 4385 1086 4448 Phot.
1117 4408 1177 4447 v.
1212 4385 1489 4466 Καρκίνος.
1526 4415 1549 4440 ιο
1584 4389 1636 4444 Ε
1660 4391 1745 4446 M.

1169 4500 1265 4573 78.

513 4610 671 4666 Idem
704 4611 787 4670 ih.
818 4618 894 4687 94
923 4631 937 4666 :
960 4607 1074 4691 ‘Pqi
1092 4609 1150 4667 δι
1167 4631 1201 4667 α
1221 4607 1276 4667 δὲ
1296 4607 1529 4668 ποικίλον
1553 4608 1645 4666 καὶ
1666 4607 2009 4669 πολυέλικτον

436 4695 719 4773 ὑπόδημα,
764 4695 1081 4776 μνημονεύει
1125 4699 1171 4756 δ’
1220 4699 1379 4756 αὐτοῦ
1410 4695 1636 4757 Πλάτων
1684 4719 1743 4756 τε
1787 4697 1881 4757 καὶ
1929 4699 2006 4756 Φ.

430 4786 616 4846 Codd.
647 4782 837 4866 ῥαΐδια.
864 4789 1109 4864 Hesych.
1132 4789 1289 4868 apud
1308 4791 1730 4864 Jungermann„
1750 4785 1965 4868 Ῥᾴδιαι
1990 4809 2002 4844 :

1163 4995 1254 5044 70.

434 5075 556 5130 Non
583 5072 879 5132 defricatus
892 5115 909 5142 ‚
934 5089 1114 5148 noque
1134 5074 1292 5134 lectis
1314 5079 1578 5136 crinibus,

434 5247 545 5302 suo
574 5245 709 5302 mihi
738 5247 930 5304 soleas.
1147 5167 1262 5221 ’π’

2187 898 2350 960 Idem
2379 904 2462 960 ib.
2510 810 3210 981 17926oex17u9210up‘fbv
3230 902 3408 983 εἴρηκε
3435 906 3514 967 Φ.

2837 1014 2936 1074 80.

2187 1127 2350 1185 Idem
2376 1127 2749 1205 ib.194:·=b
2777 1128 3063 1198 κοτυλίζειν
3089 1126 3296 1207 εἴρηται
3325 1128 3421 1206 μὲν
3457 1128 3550 1188 καὶ
3583 1126 3670 1189 ἐπὶ

2107 1236 2210 1273 των
2262 1214 2437 1273 ἄλλων
2483 1214 2621 1274 κατὰ
2669 1214 2825 1297 μέρος
2879 1216 3320 1297 πιπρασκομένων
3335 1263 3354 1296 ,
3413 1219 3533 1276 ἀλλ’
3577 1218 3672 1277 οὐκ

2109 1300 2395 1381 ἀθρόωςμ.
2403 1301 2642 1365 ,ἴδιον
2596 1324 2624 1362 ο
2667 1303 2732 1363 ἂν
2752 1305 2834 1377 εἴη
2858 1307 2962 1365 τῶν
2978 1304 3067 1365 τὸν
3087 1293 3222 1364 οἶνον
3241 1305 3671 1385 πιπρασκόντων,

2107 1390 2199 1450 καὶ
2231 1391 2310 1449 Φ.
2345 1390 2441 1469 μὲν
2467 1390 2644 1471 εἴρηκε

2205 1500 2419 1579 Μηδὲν
2441 1502 2779 1588 κοτυλίζειν
2795 1558 2813 1591 ,
2839 1508 3002 1577 ἀλλὰ
3025 1510 3438 1578 καταπάττειν
3455 1504 3674 1603 χύδην.

2109 1636 2290 1713 Vulgo
2317 1634 2706 1694 καταπλάττειν
2722 1678 2740 1709 ,
2769 1650 3094 1695 correctum
3119 1657 3191 1696 ex
3217 1638 3352 1697 cod.
3383 1638 3676 1698 Falcken-

2107 1722 2296 1801 burgi.

2842 1841 2934 1900 81.

2187 1956 2350 2015 Idem
2373 1954 2434 2025 8,
2463 1955 2534 2023 34
2566 1974 2581 2012 :
2605 1952 2694 2011 τὸν
2719 1951 2774 2012 δὲ
2795 1951 3031 2024 κλέπτην
3064 1950 3226 2021 εἴποις
3253 1950 3319 2011 ἂν
3345 1952 3435 2012 καὶ
3458 1954 3681 2013 κλεπτί-

2109 2064 2330 2114 στατον,
2360 2046 2431 2110 ὣς
2464 2040 2724 2110 Εὔπολις·
2769 2043 2847 2102 Φ.
2877 2043 2923 2099 δ’
2955 2041 3131 2121 εἴρηκε
3172 2040 3265 2099 καὶ
3291 2041 3680 2113 κλεπτίδης.

2105 2132 2358 2189 Lobeck.
2389 2132 2466 2195 ad
2487 2132 2664 2207 Soph.
2692 2130 2926 2204 Ajacem
2949 2151 3013 2207 p.
3039 2131 3154 2207 39⁰
3183 2134 3321 2188 citat
3349 2134 3529 2191 Mein.

2847 2248 2942 2305 83.

2186 2361 2374 2418 Schol.
2408 2362 2701 2438 Aristoph.
2738 2362 2984 2419 Achai-n.
3009 2361 3084 2421 86
3109 2381 3124 2421 :
3151 2360 3444 2441 οὐδετέρως
3469 2362 3536 2421 τὸ
3563 2365 3682 2444 κρί·

2109 2444 2284 2521 ὅανον,
2313 2450 2384 2515 ὡς
2407 2449 2664 2528 μαρτυρεῖ
2689 2450 2769 2510 Φ.

2205 2567 2388 2635 Τουτὶ
2425 2568 2490 2635 τί
2527 2571 2722 2655 ἔστης
2751 2575 2831 2646 ὡς
2861 2569 3076 2647 ἀνεκὰς
3104 2570 3175 2635 τὸ
3215 2564 3510 2663 κρίέανον.

2104 2695 2266 2751 Libri
2305 2697 2375 2760 ὥς
2417 2694 2480 2754 ἂν
2523 2696 2733 2775 ἑκάστῳ
2761 2696 2822 2755 τὸ
2871 2720 2977 2775 κρ.,
3019 2717 3144 2774 quae
3192 2700 3443 2756 correxit
3471 2703 3681 2760 Valck.

2106 2784 2289 2839 Diatr.
2333 2803 2395 2859 p.
2441 2784 2576 2847 385.
2615 2811 2639 2837 «
2667 2788 2890 2843 Atticos
2917 2788 3120 2845 dixisse
3149 2784 3367 2860 ἅνεκας,
3395 2808 3522 2845 non
3553 2792 3683 2847 ἀνε·

2104 2868 2235 2949 κὰς,
2267 2874 2443 2931 tradit
2474 2876 2815 2952 Apollonius
2854 2878 2940 2934 De
2967 2876 3122 2950 conj.
3154 2896 3216 2953 p.
3263 2874 3402 2950 570,
3439 2878 3562 2949 263
3605 2880 3683 2938 cf.

2103 2965 2312 3022 Joann.
2339 2964 2507 3022 Alex.
2549 2967 2637 3021 De
2673 2977 2892 3022 accent.
2914 2985 2980 3041 p.
3009 2965 3109 3036 38,
3147 2984 3243 3024 12.
3286 2991 3312 3018 ι»
3343 2967 3430 3022 Μ.
3475 2969 3692 3024 Oratio

2105 3051 2338 3109 fortasse
2374 3053 2515 3126 ejus,
2553 3055 2654 3128 qui
2683 3055 2999 3112 mirabatur
3031 3055 3220 3130 ignem
3247 3053 3592 3131 flagrantem
3631 3059 3694 3112 in
3763 3109 3765 3124 ,

2106 3138 2374 3198 inferiore
2410 3151 2573 3220 parte
2599 3142 2806 3199 domus
2822 3183 2842 3214 ,
2876 3161 3056 3218 quum
3081 3161 3252 3219 supra
3279 3155 3424 3200 esset
3449 3144 3690 3204 furnus.

2833 3255 2930 3316 83.

2183 3366 2350 3425 Idem
2371 3371 2539 3442 Vesp.
2582 3366 2717 3444 389,
2742 3367 2997 3448 ἑγχυτρ
3015 3375 3142 3434 ιεῑς
3170 3385 3187 3427 :
3218 3365 3306 3426 ἐπὶ
3341 3369 3698 3444 (perperam

2103 3453 2238 3510 libri
2262 3451 2384 3526 ἀπὸ,
2404 3455 2614 3512 mendo
2639 3453 3065 3534 frequentiore)
3088 3453 3425 3531 ἐκτιθεμένων
3445 3455 3696 3514 παιδίων

2104 3540 2158 3596 ἐν
2178 3539 2396 3620 χύτραις
2419 3542 2582 3620 (alius
2595 3544 2773 3602 schol.
2802 3561 2816 3601 ε
2839 3543 2954 3601 ἀντὶ
2969 3549 3062 3602 τοῦ
3078 3543 3363 3624 φονεύσεις,
3380 3544 3442 3602 ἐκ
3460 3547 3570 3604 τοῦ
3590 3567 3699 3602 πα-

2104 3628 2433 3708 ρεπομένου),
2451 3628 2529 3688 διὸ
2549 3629 2640 3688 καὶ
2659 3631 2796 3710 Σοφ.
2814 3631 3134 3690 ἀποκτείνειν
3155 3630 3414 3710 χυτρίζε
3429 3654 3485 3688 ιν
3505 3631 3700 3709 ἔλεγεν

2103 3717 2156 3774 ἐν
2191 3717 2445 3798 Πριάμῳ,
2491 3717 2584 3776 καὶ
2606 3717 2871 3796 Αἰσχύλος
2909 3714 3081 3800 Λαΐῳ,
3108 3719 3200 3778 καὶ
3229 3721 3309 3780 Φ.
3343 3746 3368 3771 κ
3397 3723 3706 3798 Exempla

2101 3805 2402 3863 infantium
2423 3809 2486 3864 in
2510 3809 2638 3864 ollis
2660 3809 3050 3883 expositorum
3067 3809 3281 3866 habent
3303 3809 3612 3866 Herodot.
3639 3831 3666 3866 1
3681 3853 3700 3880 ‚

2109 3914 2132 3949 1
2149 3893 2235 3964 13,
2287 3897 2571 3972 Aristoph.
2615 3897 2844 3953 Thesm.
2903 3895 3018 3955 505
3033 3941 3052 3975 ,
3099 3899 3228 3970 alii;
3273 3898 3349 3954 cf.
3413 3897 3706 3958 Lobeck.

2103 3984 2388 4060 Aglaoph.
2421 4004 2484 4059 p·
2517 3983 2654 4043 632.
2687 4010 2711 4037 a
2743 3987 2829 4041 M.

2839 4100 2936 4166 84,

2180 4211 2374 4270 schol.
2401 4213 2685 4287 Soph.E1.
2710 4213 2809 4283 86,
2837 4200 2962 4289 ὧρ)
2985 4216 3103 4289 γῆς
3131 4210 3482 4290 ἰσόμοιρος
3519 4213 3714 4294 ἁήρε

2101 4295 2189 4352 καὶ
2219 4300 2388 4354 ταῦτα
2439 4296 2494 4355 δὲ
2527 4301 2753 4373 (malim
2793 4297 2879 4370 δὴ,
2918 4301 3162 4376 scilicet)
3213 4301 3294 4358 Φ.
3337 4299 3720 4379 παρῴδηκεν.

2108 4408 2133 4433 κ
2158 4385 2361 4458 Itaque
2381 4389 2550 4443 etiam
2576 4388 2720 4444 alios
2742 4389 2975 4444 Electrae
2999 4393 3088 4462 (et
3112 4389 3352 4444 aliarum
3375 4390 3726 4463 Sophoclis

2103 4473 2530 4548 tragoediarum.
2552 4476 2758 4552 Both.)
2779 4493 2975 4533 versus
2994 4478 3236 4552 pai-odia
3254 4479 3384 4532 lusit
3405 4477 3519 4536 Ph.
3557 4505 3586 4530 υ
3621 4483 3720 4538 Μ.

2835 4589 2932 4652 85.

2180 4705 2374 4762 Schol.
2421 4705 2590 4764 Iliad.
2647 4705 2741 4778 18,
2786 4707 2886 4778 36,
2917 4701 3292 4781 μεγαλωστί
3327 4721 3344 4762 :
3379 4702 3722 4784 Ἀνακρέων

2106 4789 2360 4870 ἱρωστί.
2393 4793 2475 4850 Φ.
2506 4790 2840 4869 ταχεωστὶ
2871 4791 2987 4849 ἀντὶ
3017 4795 3106 4850 τοῦ
3135 4789 3357 4870 ταχέως.
3387 4793 3724 4854 Omissum

2103 5076 2254 5132 Nihil
2283 5077 2600 5151 singulatim
2623 4998 3018 5147 divendaesed
3043 5079 3161 5136 fuse
3184 5095 3396 5152 sparge.

2097 5251 2241 5325 Quid
2272 5253 2378 5310 hoc
2399 5255 2478 5311 rei
2505 5258 2622 5312 est?
2649 5271 2778 5313 nam
2803 5175 2966 5330 aggia
2987 5265 3070 5315 oet
3090 5258 3300 5314 fumus.
