3809 5850
107 382 138 398 Ι

1577 408 1925 471 Em’ous.

192 538 258 604 Τι’
286 541 750 631 κατακροᾶσθέ
787 565 900 633 μου
936 540 1018 606 τὰ
1047 533 1597 635 μουσοδονῆματα;

120 689 136 709 ι
163 664 334 719 Editus
358 683 472 739 ap.
511 667 710 723 Prisc.
733 674 1113 745 κατακροᾶται.
1140 668 1252 725 Sed
1291 670 1424 727 cod.
1466 673 1696 727 Monac.

112 762 628 825 KATAKPOACOAI,
663 755 828 813 Leid.
861 765 1378 817 KATAKPOAACOE.
1406 760 1553 815 Hinc
1581 759 1702 816 edi-

113 853 182 895 tor
221 843 412 899 Oxou.
473 844 766 917 Scapulae
809 854 964 900 recte
1004 848 1389 923 κατακροᾶσθε.
1438 847 1702 904 Ceterum

108 930 179 983 Ιιὶο
206 930 460 985 maxime
491 931 686 986 locus
726 934 1100 989 commovisse
1142 935 1370 990 videtur
1395 932 1702 1010 Bergkium

107 1020 426 1075 Commentt.
484 1038 568 1093 p.
627 1018 750 1075 360
769 1062 788 1093 ,
843 1031 907 1076 ut
943 1021 1198 1077 fabulam
1244 1023 1307 1077 in
1341 1023 1701 1097 Euthyphro·

106 1124 210 1160 nem
247 1108 558 1181 scriptam
619 1125 743 1163 esse
768 1107 1106 1180 conjiceret3
1158 1128 1226 1166 ae
1274 1114 1543 1167 convenit
1567 1130 1702 1169 sane

105 1214 212 1249 cum
242 1196 396 1252 illius
454 1197 760 1271 ingenio,
807 1198 976 1270 quale
1011 1217 1044 1255 a
1087 1196 1331 1255 Platone
1358 1200 1702 1257 describitur

105 1304 212 1339 cum
244 1284 420 1353 alias,
477 1296 622 1341 tum
659 1286 898 1359 Cratylo
939 1305 1001 1361 p.
1003 1294 1184 1391 m409,
1213 1290 1265 1343 D
1297 1284 1388 1363 (τὸ
1431 1290 1535 1366 πῦρ
1558 1288 1699 1345 ἀπο-

105 1372 192 1443 ρῶ,
229 1370 310 1429 καὶ
353 1370 752 1429 κινδυνεύει”
717 1392 834 1441 ητοι
873 1374 908 1442 ἡ
947 1396 1037 1431 του
1065 1372 1388 1453 Εὐθύφρονός
1415 1396 1482 1451 με
1525 1380 1696 1448 μοῦσα

103 1458 511 1531 ἐπιλελοιπέναι,
531 1459 576 1529 ἢ
608 1457 772 1519 τουτό
795 1482 848 1517 τι
873 1462 1216 1539 παγχάλεπον
1244 1452 1430 1540 εἶναι).
1458 1466 1570 1522 Sed
1598 1484 1699 1521 ve·

103 1568 214 1604 reor
235 1562 432 1606 tamen
459 1571 548 1609 ne
561 1551 733 1624 justo
755 1552 1102 1626 suspicacioi·
1121 1553 1292 1610 suerit
1321 1555 1412 1610 vir
1441 1555 1700 1631 ingenio·

104 1654 197 1695 sus.
219 1664 244 1687 n
272 1641 320 1695 E
343 1642 450 1696 M.

875 1750 932 1807 5.

176 1875 348 1932 Schol.
402 1876 734 1951 Aristoph.
779 1877 887 1937 Av.
933 1874 1052 1951 839
1083 1896 1098 1932 :
1130 1874 1423 1955 ὄργασον
1451 1874 1566 1934 ἀντὶ
1597 1878 1692 1935 τοῦ

123 1962 334 2035 μάλαξον.
364 1964 446 2023 Ε.
479 1964 606 2041 Πρ.

191 2122 265 2136 ·-
315 2076 374 2156 fi
429 2089 702 2162 mxiv*
671 2082 944 2181 οργάζειν
975 2087 1130 2154 τινά.

121 2217 244 2273 Libri
260 2216 566 2297 ὀργιάζειν,
589 2218 754 2293 quod
778 2218 1096 2275 emendavit
1113 2216 1417 2275 Ruhnken.
1444 2218 1517 2273 ad
1537 2220 1683 2276 Tim.

150 2350 163 2363 .
197 2306 322 2363 ι80.

115 2323 146 2377 p
869 2408 925 2466 6.

173 2532 365 2591 Schol.
389 2529 548 2587 Plat.
571 2528 816 2585 Bekker.
843 2546 905 2603 p.
935 2528 1044 2603 391
1079 2546 1094 2585 ε
1125 2528 1382 2604 Κρατῖνος
1402 2524 1456 2585 δὲ
1482 2526 1686 2604 Ὀμφά-

106 2624 162 2694 λῃ
191 2618 444 2695 τύραννον
491 2614 664 2685 αὐτὴν
697 2612 1058 2693 (Aspasiam)
1086 2614 1581 2695 καλεῖ,Χείρωνα
1615 2618 1682 2677 Ε.

101 2706 312 2773 Φίλοις·
367 2708 420 2763 ἐν
475 2704 536 2763 δὲ
573 2706 683 2784 Πρ.
717 2701 994 2775 Ἑλένην
1043 2700 1204 2773 αὐτὴν
1254 2703 1429 2764 καλεῖ.
1469 2706 1686 2762 Vitiose

99 2795 372 2852 edebatur
413 2792 652 2872 Χείρων.
687 2795 874 2850 Immo
923 2793 1224 2850 Chironem
1245 2834 1262 2865 ,
1315 2792 1478 2865 cujus
1523 2794 1686 2850 disci-

97 2886 210 2956 puli
235 2884 486 2942 fuerunt
513 2883 868 2959 AEsculapius
885 2922 902 2954 ,
933 2882 1204 2939 Hercules
1220 2922 1239 2954 ,
1269 2884 1434 2938 Iason
1449 2922 1468 2953 ,
1493 2881 1686 2940 Achil-

93 2973 198 3042 les,
259 2977 488 3048 aliique
541 2973 782 3042 heroes,
835 2989 980 3046 quos
1041 2981 1298 3028 recenset
1353 2972 1686 3047 Xenophon

89 3062 252 3116 initio
295 3062 438 3116 libri
473 3063 564 3116 De
609 3062 946 3130 venatione,
995 3063 1142 3135 Eup.
1201 3059 1342 3116 dixit
1397 3061 1685 3134 Aspasiam

87 3149 326 3204 Periclis
361 3149 694 3224 magistram
725 3146 816 3224 (v.
857 3149 1030 3206 Mein.
1061 3149 1135 3204 ad
1173 3149 1388 3205 Cratini
1415 3149 1686 3206 Chii-ones

83 3237 152 3292 fr.
191 3245 226 3300 l.
249 3239 304 3311 );
355 3239 640 3292 Helenam
686 3255 826 3292 vero
873 3237 1164 3312 appellans
1202 3235 1533 3311 praedicavit
1565 3237 1686 3310 ejus

81 3337 485 3395 venustatem;
518 3323 594 3382 cf.
621 3343 756 3381 ann.
787 3323 864 3381 ad
892 3327 995 3383 Ar.
1027 3323 1279 3383 Aeliam.
1312 3331 1446 3398 491.

579 3509 736 3570 xvi.
779 3507 1214 3568 ΤΑΞΙΑΡΧΟΙ.

165 3706 190 3728 ι
229 3683 304 3736 ln
333 3679 451 3735 hac
481 3678 769 3734 comoedia
800 3677 1054 3734 Bacchus
1095 3677 1172 3733 ab
1209 3675 1492 3751 Eupolide
1519 3677 1678 3733 vide-

83 3777 176 3820 tm·
201 3769 288 3823 ita
331 3765 708 3823 introductus
745 3765 947 3836 fuisse,
977 3775 1044 3820 ut
1071 3765 1134 3820 in
1172 3764 1422 3821 ferendis
1469 3765 1680 3819 militiae

85 3853 394 3911 laboribus
405 3855 774 3910 mollissimus
790 3853 927 3910 deus
939 3855 1210 3928 magistro
1227 3863 1485 3909 uteretur
1505 3853 1682 3907 Phor-

87 3943 278 3998 mione
320 3943 412 4016 (v,
441 3961 578 4000 ann.
625 3943 700 3998 ad
737 3941 808 3998 fr.
855 3959 918 4012 α,
949 3953 1009 3998 et
1036 3941 1109 3999 fr.
1155 3939 1257 4017 5),
1301 3940 1462 4012 cujus
1502 3941 1682 3995 virtus

87 4045 410 4104 rerumque
434 4031 774 4086 bellicarum
799 4031 1012 4106 peritia
1035 4031 1094 4084 in
1123 4030 1300 4084 initiis
1337 4029 1475 4084 belli
1506 4028 1678 4084 Pelo-

83 4121 433 4189 pomesiaci
461 4119 674 4188 eluxit3
718 4138 846 4193 quae
877 4137 970 4174 res
1007 4118 1381 4192 multiplicem
1409 4118 1552 4172 risus
1582 4115 1682 4188 jo·

81 4208 252 4280 cique
281 4209 588 4264 materiem
606 4207 865 4282 praebere
889 4206 1133 4263 debebat
1159 4203 1246 4284 (v.
1275 4205 1348 4265 fr.
1380 4203 1676 4283 4).Ph01·-

81 4297 294 4351 mionis
327 4297 514 4372 igitur
539 4313 718 4369 quum
749 4311 967 4370 magnae
1006 4295 1221 4350 fuerint
1257 4303 1452 4368 partes
1478 4293 1538 4347 in
1562 4290 1680 4348 Τα-

84 4379 344 4460 ξιάρχοις,
371 4385 572 4441 drama
587 4386 681 4440 vix
695 4384 895 4442 doceri
915 4385 1107 4459 potuit
1123 4393 1257 4458 post
1275 4384 1492 4458 olymp.
1517 4379 1616 4449 88,
1647 4399 1669 4434 ι

89 4469 240 4544 (427
267 4486 408 4529 ante
447 4473 587 4533 Chr.
629 4474 816 4548 nat.),
848 4491 968 4547 quo
997 4473 1230 4528 ineunte
1271 4469 1678 4526 Phormionem

93 4559 294 4617 obiisse
317 4581 394 4617 ex
413 4562 602 4619 Thuc.
635 4580 694 4632 a,
728 4559 868 4631 103,
896 4572 953 4618 et
981 4561 1034 4632 3,
1061 4579 1118 4633 7,
1143 4559 1529 4636 probabiliter
1550 4555 1678 4615 effi-

97 4647 222 4705 ‘iss.
265 4673 290 4698 ο
319 4651 376 4704 Ε
397 4651 496 4706 Μ.

113 4897 188 4955 ve!
215 4905 398 4962 lutum
419 4899 649 4978 aliquod
676 4823 946 4976 subigesse.

557 5035 910 5094 ommium
948 5035 1212 5092 DUCES.

3253 432 3361 487 18⁷

2554 564 2606 606 1.

1873 653 2078 711 Pollux
2114 676 2365 730 9,102:
2408 656 2453 714 oi
2493 656 2590 733 μὲν
2625 646 2715 716 ουν
2741 656 2934 719 κύκλου
2961 662 3361 743 περιγραφέντος

1793 738 2025 817 ἀφιέντες
2052 740 2383 821 ἀστράγαλον
2412 744 2754 823 ἐστοχάζοντο
2779 750 2873 805 τοῦ
2910 754 3084 823 μεῖναι
3110 748 3197 807 τὸν
3237 752 3363 829 βλη-

1791 826 1943 884 θέντα
1982 830 2033 885 ἐν
2062 831 2137 910 τῷ
2162 829 2367 910 κύκλῳ·
2402 830 2601 902 ταύτην
2642 834 2713 900 εἰς
2750 831 2987 911 ὦμιλλαν
3015 834 3109 907 τὴν
3146 836 3359 895 παιδιὰν

1791 913 2083 993 ὠνόμαζον.
2116 919 2291 977 καίτοι
2330 942 2399 995 με
2426 920 2484 977 οὐ
2510 919 2749 994 λέληθεν,
2777 921 2855 981 ὅτι
2896 922 2985 981 καὶ
3023 924 3215 1003 ὄρτυγα
3248 926 3359 983 ἐνι-

1790 1002 2006 1072 στάντις
2032 1008 2109 1087 τῷ
2140 1011 2485 1088 περιγραπτῷ
2514 1007 2693 1091 κύκλῳ
2730 1014 2759 1069 ὁ
2790 1010 2886 1089 μὲν
2919 1010 3105 1071 ἔκοπτε
3144 1012 3231 1071 τὸν
3271 1014 3359 1095 ὅρ-

1789 1114 1955 1170 τυγα,
1982 1096 2009 1152 δ
2037 1092 2093 1152 δὲ
2127 1094 2255 1176 πρὸς
2291 1094 2387 1167 τήν
2432 1096 2640 1175 πληγὴν
2678 1099 2852 1165 ἓνδους
2898 1099 3218 1181 ἄνεχαίτιζεν
3262 1101 3360 1170 ἔξω

1787 1184 1880 1237 τοῦ
1908 1178 2141 1254 κύκλου,
2184 1182 2275 1241 καὶ
2311 1186 2509 1255 ἡττᾶτο
2551 1187 2580 1242 ὁ
2620 1207 2713 1244 του
2752 1184 2964 1265 ὄρτυγος
3000 1189 3273 1261 δεσπότης.
3303 1192 3358 1249 ἐν

1786 1271 1911 1344 γοῦν
1936 1267 2252 1351 Ταξιάρχοις
2280 1272 2369 1344 Ε.,
2388 1294 2481 1330 του
2508 1271 2822 1353 Φορμίωνος
2848 1276 3098 1351 εἰπόντος,

1883 1400 2123 1468 Οὐκοῦν
2154 1400 2525 1496 περιγράψεις
2558 1408 2696 1474 ὅσον
2722 1410 3037 1502 ἐναριστᾶν
3076 1412 3331 1497 κύκλονς

1787 1534 2125 1614 ἀποκρίνεται
2154 1535 2494 1617 (Bacchus),

1879 1659 1962 1726 Τί
1998 1652 2061 1726 δ’
2091 1662 2283 1749 ἔστ-ως
2318 1660 2399 1739 εἰς
2428 1662 2709 1755 ὤμιλλαν
2743 1666 3141 1760 ἀριστήσομεν
3160 1694 3186 1751 ;

1879 1762 1918 1838 ἧ
1948 1762 2211 1859 κόψομεν
2244 1770 2356 1842 τὴν
2388 1760 2585 1859 μᾶζαν
2620 1772 2819 1863 ὥσπερ
2846 1770 3104 1866 ὄρτυγας

1779 1897 1870 1956 Cf.
1898 1918 2032 1959 ann.
2063 1900 2137 1957 ad
2160 1900 2234 1959 fr.
2272 1920 2305 1957 a
2336 1910 2395 1957 et
2429 1900 2504 1958 ad
2526 1900 2596 1963 fr.
2640 1910 2700 1975 4,
2736 1905 2891 1963 unde
2920 1907 3127 1963 Bacchi
3162 1918 3351 1983 partes

1778 1988 1840 2043 in
1865 1988 1955 2043 his
1986 1988 2153 2045 fuisse
2178 1989 2560 2065 cognoscitur.
2591 1994 2655 2050 V.
2682 2010 2719 2049 a
2758 1994 2855 2049 alii
2880 1990 2933 2051 τί
2959 1993 3123 2073 ἐστιν,
3160 1998 3345 2054 Falck.

1778 2073 2052 2151 πάρεστιν,
2080 2102 2103 2127 ι
2126 2079 2189 2134 in
2204 2096 2323 2153 quo
2350 2077 2587 2137 fortasse
2610 2078 2665 2138 τί
2685 2077 2787 2159 γάρ
2808 2082 2951 2139 ἐστιν
2974 2083 3130 2145 latet.
3160 2109 3187 2136 υ
3206 2086 3301 2141 M.

1857 2330 2066 2390 Athen.
2102 2348 2157 2401 α,
2185 2349 2246 2406 p.
2275 2329 2375 2399 52,
2404 2332 2455 2387 D
2485 2348 2498 2386 ε
2528 2329 2931 2390 ἐπακτικώτατα
2951 2330 3007 2390 δὲ
3034 2332 3162 2411 πρὸς
3190 2333 3347 2393 ποτὸν

1779 2414 1848 2474 τὰ
1877 2416 2159 2493 ἀμύγδαλα
2184 2414 2579 2495 προεσθιόμενα.
2602 2418 2673 2477 E.
2702 2420 2839 2497 (sub
2861 2423 3067 2479 Bacchi
3085 2440 3345 2498 persona,

1778 2517 1844 2562 ut
1869 2506 2169 2583 conjici-as)
2195 2548 2213 2577 ,

1874 2628 2055 2702 Δίδου
2090 2636 2391 2729 μασᾶσθαι
2422 2630 2653 2715 Ναξίας
2690 2630 3046 2731 ἀμυγδάλας
3064 2689 3084 2726 ,

1872 2735 2031 2807 οἶνόν
2062 2768 2135 2807 τε
2162 2741 2358 2809 πίνειν
2392 2736 2635 2819 Ναξίων
2665 2742 2773 2809 ἀπ’
2812 2745 3125 2835 ἀμπέλων.

1781 2878 2115 2934 Ammonius
2142 2896 2201 2953 p.
2252 2896 2319 2934 ια
2367 2896 2379 2934 :
2422 2873 2724 2954 ’Λμυγδάλη
2768 2874 2823 2935 δὲ
2866 2874 3221 2956 παροξυτόνως
3256 2877 3344 2939 τὸν

1777 2965 1999 3044 καρπόν.
2020 2963 2257 3024 καθὰκαὶ
2276 2965 2342 3024 E.
2361 2965 2414 3023 ἐν
2433 2963 2752 3045 ’Ταξιάρχοις
2777 2966 2941 3046 φησὶσι
2965 2967 3186 3028 Δίδου...
3214 2969 3345 3044 ἀμυ-

1775 3051 2030 3131 γδάλας.»
2057 3055 2207 3114 Add.
2234 3055 2466 3114 Bachm.
2494 3055 2716 3114 Anecd.
2740 3075 2800 3124 τι,
2824 3074 2884 3130 p.
2918 3055 3159 3127 376.De
3181 3058 3343 3114 Naxo

1773 3146 2019 3201 maxima
2065 3156 2125 3200 et
2166 3143 2592 3219 opulentissima
2643 3143 2978 3216 Cycladum,
3024 3163 3079 3202 ν.
3129 3145 3341 3218 Hymn.

1765 3229 2012 3290 Homer.
2056 3233 2127 3288 16
2178 3233 2237 3288 in
2276 3232 2587 3300 Bacchum,
2627 3231 2909 3290 Herodot.
2965 3230 3037 3301 5,
3084 3231 3187 3304 28,
3228 3245 3340 3289 etc.

1783 3321 2027 3394 «Quum
2069 3320 2271 3376 scholii
2312 3320 2387 3376 ad
2426 3319 2715 3392 Aiistoph.
2762 3321 2966 3376 Pacem
3002 3319 3113 3390 347
3169 3322 3344 3377 verba

1771 3410 2003 3492 priora
2013 3407 2088 3463 ad
2132 3408 2379 3482 Eupolin
2417 3417 2697 3481 spectent,
2738 3424 2810 3463 ne
2853 3418 3043 3462 cetera
3078 3407 3343 3494 quidem,

1774 3516 1898 3571 quae
1920 3497 2060 3551 mire
2084 3513 2153 3552 ex
2174 3497 2470 3569 Dionysii,
2493 3493 2692 3551 mediae
2715 3495 3011 3550 comoediae
3028 3496 3273 3569 scriptor
3276 3499 3341 3566 is,

1772 3585 2095 3641 Taxiarchis
2121 3601 2181 3640 se
2214 3583 2477 3660 proferre
2508 3582 2652 3640 dicit
2690 3583 2909 3653 Suidas,
2940 3583 3010 3639 ad
3042 3585 3214 3640 alium
3240 3601 3344 3639 au-

1773 3683 1991 3728 ctorem
2018 3670 2315 3728 referenda
2352 3689 2472 3728 esse
2504 3672 2817 3746 suspicatus
2843 3689 2991 3728 sum.
3021 3673 3219 3744 Neque
3242 3691 3345 3728 va—

1769 3779 1900 3816 nam
1938 3760 2110 3816 fuisse
2140 3761 2552 3836 suspicionem,
2579 3759 2828 3815 ostendit
2858 3778 2893 3815 a
2921 3759 3181 3814 Bekkero
3222 3760 3345 3816 edi·

1773 3857 1859 3902 tus
1901 3847 2229 3904 scholiastes
2271 3850 2515 3904 Venetus
2551 3845 2693 3906 ibid.
2745 3866 2758 3901 ε
2799 3843 2891 3902 καὶ
2938 3841 3247 3912 ι*Διονύσιος
3286 3848 3341 3904 ἐν

1769 3931 2088 4013 Ταξιάρχοις
2121 3932 2247 4013 παρ’
2284 3931 2575 4006 Εὗπόλιδι,
2607 3957 2631 3985 ι
2675 3930 2837 4008 Παρὰ
2876 3933 3156 4013 Φορμίωνι
3206 3955 3343 4007 μαν-

1771 4019 1911 4078 θάνω
1948 4020 2066 4088 τοὺς
2084 4022 2188 4079 τῶν
2220 4023 2550 4101 στρατηγιῶν
2577 4042 2635 4079 τε
2672 4019 2763 4080 καὶ
2794 4020 3037 4097 πολέμων
3072 4020 3262 4098 νόμους
3281 4067 3298 4098 ,
3319 4050 3342 4074 ι.

1769 4109 1946 4190 φησὶν,
1965 4137 1989 4162 «ι
2014 4113 2085 4176 ὣς
2106 4108 2275 4168 οὐκέτ’
2301 4108 2365 4169 ἂν
2384 4107 2601 4190 φύγοιμι
2623 4108 2867 4176 στιὸάδος
2886 4107 2937 4178 ἒξ
2961 4108 3081 4169 ὅτου
3093 4107 3297 4190 ’φυγον.
3318 4137 3343 4163 ι.

1768 4199 2101 4275 Legendum
2124 4211 2208 4256 est
2234 4194 2481 4264 Διόνυσος
2516 4221 2529 4254 :
2569 4219 2627 4255 v.
2658 4201 2878 4274 proleg.
2908 4199 3133 4260 fabulae.
3170 4203 3343 4275 Apud

1771 4289 2063 4345 Pollucem
2099 4294 2291 4347 autem
2326 4299 2383 4345 et
2422 4289 2753 4344 Athenaeum
2782 4289 3007 4362 prolata
3035 4288 3105 4344 fr.
3154 4308 3177 4344 1
3220 4299 3279 4344 et
3307 4307 3341 4344 α

1767 4380 1846 4434 ita
1866 4378 2201 4454 explicanda
2221 4378 2527 4435 videantur
2546 4379 2822 4434 :Bacchus
2846 4378 3193 4451 colloquitur
3212 4397 3341 4433 cum

1769 4465 2136 4536 Phormione,
2168 4469 2268 4542 qui
2294 4485 2472 4539 quum
2491 4464 2904 4540 prandentibus
2928 4467 3157 4520 triclinii
3174 4485 3341 4521 men-

1767 4574 1958 4629 saeque
2001 4555 2133 4611 loco
2177 4555 2456 4610 circulum
2499 4553 2761 4610 sufficere
2795 4554 3026 4609 dixisset
3063 4554 3123 4608 in
3164 4555 3341 4609 humo

1773 4643 2125 4716 ducendum,
2156 4642 2403 4698 offensus
2424 4652 2541 4698 tam
2582 4641 2825 4716 simplici
2860 4659 3036 4696 coenae
3064 4652 3343 4717 apparatu

1724 4836 1730 4852 =
1767 4809 1828 4866 b.
1857 4781 2001 4879 Quid
2032 4808 2136 4864 hoe
2160 4812 2277 4865 est?
2296 4823 2367 4865 an
2396 4808 2583 4866 omilla
2600 4809 2979 4882 Jentabimus?

1769 4913 1902 4954 num
1936 4895 2195 4953 feriemus
2220 4912 2458 4964 mazam,
2484 4896 2633 4954 velut
2656 4897 3030 4955 coturnicem?

2529 5017 2583 5066 2.

863 5152 910 5204 ι,
1493 5147 1669 5216 'mm
1658 5149 1681 5187 τι
1771 5129 1854 5182 Da
1878 5123 2243 5181 comedendas
2270 5125 2467 5182 Naxias
2490 5123 2845 5198 amygdala,

121 5239 139 5280 a
173 5237 372 5298 amne
405 5239 582 5312 ,gjmr
603 5235 874 5295 cuculum
910 5235 1224 5303 describes
1268 5237 1324 5292 in
1367 5251 1478 5308 quo
1502 5235 1676 5308 jeme
1723 5266 1728 5292 ,
1775 5213 2073 5284 vinumque
2098 5211 2398 5271 bibendum
2422 5229 2453 5270 a
2484 5213 2668 5270 Naxiis
2692 5213 2911 5268 vitibus,
