3809 5850
374 433 488 481 228
1363 411 1768 474 COMOEDIAE
1812 409 2138 471 VETEms
2179 408 2280 468 BE
2291 405 2602 480 LIQUIAE.

370 551 601 611 θεύδουσ’
642 549 782 610 ἐστὶν
808 547 987 628 ἀργόν.
1018 551 1070 628 β.
1106 543 1393 608 Μανθάνω.
1420 543 1446 568 ¹*
1480 537 1860 622 Ἐγρηγορυίας
1886 539 1931 596 δ’
2033 536 2182 617 βόαξ.
2215 564 2238 591 υ
2259 541 2444 598 Sensit
2468 539 2643 596 Mein.
2672 547 2903 612 poetam
2937 536 3142 594 dixisse
3177 525 3320 593 εἷλον
3339 545 3402 593 et
3421 535 3614 616 ἀφῆχ’,

370 641 497 700 εἰσὶν
520 641 575 700 αῖ
602 637 886 720 παροψίδες
923 627 1081 695 αὗται
1128 634 1282 710 μόνον
1308 632 1571 712 κρείττους
1604 628 1737 689 πολὺ
1768 629 1934 708 χρῆμ’
2033 628 2171 704 Age,
2199 629 2556 685 absolvamus
2584 625 3045 682 emendationem
3071 627 3151 682 ita
3175 623 3494 681 scribendo
3512 668 3531 697 ,

372 732 443 797 εἷς
457 727 649 800 ἡδονὴν
664 731 695 761 *
711 723 1057 798 ηταλλαὸεἷν.
1076 725 1134 781 οὗ
1149 721 1250 802 γάρ
1270 744 1403 786 τινες
1423 718 1708 800 παροψίδες
1731 716 1826 775 εἷσ’
1842 717 1932 774 ἄν·

368 817 564 876 neom>
578 839 659 877 σε.
684 843 706 867 υ
726 819 815 874 lta
832 816 951 870 haec
970 813 1284 870 secundum
1320 811 1499 865 libros
1522 807 1731 864 edebat
1756 805 1932 860 Mein.

370 919 429 964 et
466 926 574 982 pro
598 903 963 962 conclamatis
996 900 1263 960 habebat.
1300 901 1418 954 Nec
1461 897 1662 951 leviter
1702 893 1938 969 quidem

370 1005 644 1067 corrupta
664 1002 826 1061 sunt3
848 988 1121 1062 adjuvant
1142 997 1332 1044 tamen
1352 984 1616 1039 nonnihil
1630 981 1940 1038 correctio·

370 1101 504 1138 nem
528 1083 624 1138 VL
640 1121 657 1151 ,
706 1080 767 1134 in
808 1078 1019 1152 quibus
1054 1076 1263 1151 legitur
1305 1069 1639 1151 ἕγρηγορυῗαι
1683 1080 1742 1127 et
1786 1057 1942 1138 ἧνται

376 1171 471 1247 (P.
496 1171 629 1246 ητα)
658 1165 861 1228 λαὸεῑν.
891 1169 1073 1245 Igitur
1090 1166 1281 1223 omine
1302 1164 1487 1220 fausto
1512 1161 1823 1218 scribamus

474 1330 533 1368 α.
571 1302 752 1368 Γυναὶ
780 1293 1132 1368 καθεύδουσ’
1170 1298 1235 1362 αἱ
1271 1296 1657 1388 στόμαργοι..
1694 1295 1751 1378 β.
1778 1305 1940 1359 Μαν·

1754 1389 1933 1458 θάνω.

474 1531 535 1571 α.
595 1500 986 1599 Εγρηγορυῖαι
1019 1493 1076 1568 δ’
1112 1499 1257 1567 εἰσὶν
1296 1502 1363 1566 αἱ
1389 1489 1720 1589 παροψίδες

513 1643 519 1650 ·
596 1609 773 1677 αὗται
790 1610 971 1702 μόνον
998 1613 1267 1700 κρεῖττον
1292 1606 1447 1671 πολὺ
1470 1607 1657 1696 χρῆμ’
1691 1601 1773 1676 εἰς
1795 1592 1944 1675 ἡδο·

1832 1711 1936 1780 νήν

601 1820 638 1894 ἢ
670 1819 780 1899 τὰς
806 1815 1037 1887 λαὸεῖν.
1063 1823 1129 1904 β.
1157 1817 1246 1886 Οὗ
1278 1818 1392 1912 γάρ
1428 1841 1583 1892 τινες
1617 1803 1945 1906 παροψίδες

480 1923 521 1996 5
602 1925 742 2014 εἵσ’;
776 1920 1078 1995 ἀντιὸολῶ
1115 1949 1207 1992 σε.

379 2094 556 2147 Versu
585 2089 617 2146 3
654 2087 887 2168 κρεῖττον
918 2085 1035 2166 (sic
1062 2089 1215 2146 enim
1255 2083 1802 2160 Schweigliaeuserus
1834 2097 1946 2156 pro

380 2173 669 2257 κρείττους)
701 2178 836 2236 πολὺ
879 2179 1067 2256 χρῆμα
1110 2178 1251 2233 nihil
1290 2174 1449 2232 aliud
1478 2183 1561 2230 cst
1602 2189 1775 2246 quam
1811 2166 1946 2226 πολὺ

380 2265 665 2346 κρείττους.
704 2269 772 2326 V.
812 2274 845 2333 4
889 2263 1135 2341 τὰς’]πο
1178 2261 1399 2338 ταύτας,
1438 2281 1521 2320 sc.
1564 2258 1658 2326 τὰς
1679 2257 1946 2334 γυναῖκας.

382 2387 459 2399 --
482 2357 550 2410 ln
576 2372 793 2430 nupera
814 2363 1000 2410 tamen
1035 2353 1284 2409 editione
1314 2351 1565 2408 Meinek.
1586 2367 1743 2406 suam
1764 2347 1837 2404 de
1860 2347 1970 2410 his.

381 2443 716 2498 sententiam
746 2441 1001 2514 aperuit,
1030 2440 1110 2496 ita
1141 2439 1363 2513 scriptis
1388 2457 1403 2494 ε

480 2589 631 2662 Γυνὴ
660 2577 1006 2652 καθεύδουσ’
1043 2580 1203 2649 ἐστὶν
1236 2581 1436 2675 ἀργόν.
1477 2584 1536 2665 β.
1571 2579 1892 2646 Μανθάνω.

472 2723 540 2764 α.
579 2691 975 2792 Ἑχρηγορυίας
998 2689 1063 2761 δ’
1090 2695 1232 2761 εἰσὶν
1264 2695 1327 2760 αἱ
1362 2686 1722 2786 παροψίδες,

503 2810 678 2878 αὐταὶ
715 2810 891 2902 μόναι
921 2816 1190 2903 κρεῖττον
1212 2807 1369 2874 πολὺ
1398 2805 1586 2900 χρῆμ’
1616 2806 1695 2884 εἰς
1730 2798 1951 2882 ἡδονὴν

480 2929 517 3003 ἢ
546 2921 928 2995 καταλαέεῒν·
962 2934 1029 2993 οὐ
1063 2925 1175 3020 γάρ
1212 2950 1369 3001 τινες
1394 2914 1720 3017 παροψίδες

481 3035 621 3118 ε’ίσ’,
651 3028 950 3101 eivs-⁸602&
984 3055 1088 3119 ⁶23
1162 3116 1167 3128 Ι

360 3200 367 3211 ’
392 3222 419 3249 ι
442 3196 684 3254 Videtur
710 3195 944 3269 aliquis,
967 3194 1153 3268 inquit
1173 3233 1189 3261 ,
1216 3192 1598 3250 dormientem
1630 3191 1950 3263 mulierem,

386 3285 622 3345 fortasse
649 3283 914 3359 Juppiter
942 3284 1265 3357 Europam,
1305 3298 1678 3357 oppressurus
1714 3296 1852 3338 esse.
1886 3281 1957 3337 Id

386 3384 537 3429 vetat
577 3372 739 3430 alter.
768 3372 938 3446 Nam,
959 3371 1175 3445 inquit,
1204 3370 1493 3427 dormiens
1516 3368 1727 3425 mulier
1757 3368 1833 3424 ad
1855 3388 1957 3425 ve-

385 3479 579 3518 nerem
603 3462 801 3535 ignava
830 3470 945 3529 est;
976 3468 1033 3515 at
1055 3460 1295 3535 vigilans
1324 3458 1733 3517 delicatissimis
1762 3457 1956 3517 libidi-

385 3568 523 3607 num
543 3548 705 3624 quasi
732 3547 1163 3621 additamentis,
1195 3544 1474 3627 παροψίσι,
1502 3561 1557 3606 te
1586 3549 1800 3618 beabit,
1830 3568 1956 3623 quae

386 3641 477 3695 vel
508 3639 639 3700 sola
686 3656 795 3713 per
830 3656 891 3693 se
930 3637 1325 3693 incredibilem
1368 3647 1428 3693 et
1470 3638 1567 3691 vix
1608 3637 1958 3711 cogitatione

388 3725 982 3801 comprehendendam
1028 3725 1386 3800 voluptatem
1432 3724 1698 3783 afferunt.
1756 3726 1958 3782 Nonne

388 3818 542 3871 enim
558 3832 692 3869 vere
710 3809 936 3890 παροψὶς
953 3823 1035 3869 est
1047 3808 1107 3869 τὸ
1128 3808 1203 3887 μὴ
1228 3809 1407 3889 σφόδρ’
1422 3802 1555 3868 εἶναι
1570 3808 1723 3868 πάνθ’
1747 3810 1956 3889 ἕτοιμα,

388 3900 496 3959 δεῖν
520 3898 579 3959 δ(
618 3922 671 3957 τι
713 3900 999 3976 ἀγωνιᾶθαι
1036 3898 1128 3957 καὶ
1174 3898 1493 3979 ῥαπισθῆναί
1526 3920 1583 3956 τε
1621 3899 1710 3957 καὶ
1752 3899 1958 3979 πληγὰς

388 3986 568 4047 λαὸεἶν
598 3985 856 4045 ἁπαλαῖσι
882 3984 1092 4067 χερσίν;
1124 3990 1257 4045 Haec
1285 3990 1435 4045 enim
1462 3988 1599 4060 sere,
1620 4007 1747 4065 quae
1764 3992 1956 4047 Timo-

390 4078 493 4134 clis
520 4077 696 4151 verba
720 4086 849 4131 sunt
862 4094 957 4152 ap.
978 4076 1185 4136 Athen.
1220 4076 1315 4147 13,
1334 4095 1397 4151 p.
1434 4082 1571 4148 470,
1603 4078 1671 4148 F,
1696 4080 1957 4152 proxime

387 4176 519 4240 post
544 4160 801 4221 ἀντιὸολῶ
830 4184 890 4220 σε
920 4165 1174 4221 intulerit
1191 4176 1381 4239 poeta.
1412 4190 1436 4213 ν

1142 4322 1198 4357 2.

469 4435 630 4492 Idem
676 4455 731 4507 7,
756 4452 815 4512 p.
842 4433 985 4505 328,
1011 4434 1057 4493 F
1095 4450 1111 4493 Ξ
1144 4430 1457 4513 πρημνάδας
1498 4432 1552 4491 δὲ
1587 4434 1680 4503 τὰς
1722 4434 1958 4504 θυννίδας

390 4521 587 4599 ἔλεγον.
617 4522 721 4582 Πλ.
750 4522 884 4600 Εὗρ.
910 4546 935 4573 «
956 4518 1308 4597 Ἃλιευόμενός
1327 4521 1444 4578 ποτ’
1476 4519 1629 4579 αὐτὸν
1650 4523 1673 4548 ¹¹
1694 4512 1827 4581 εἶδον
1859 4528 1958 4581 ἆν-

392 4608 605 4687 δρᾶχμη
644 4606 780 4685 μετὰ
830 4607 1177 4701 πρημνάδων,
1216 4606 1429 4672 κᾶπειτ’
1458 4608 1488 4640 ⁴¹
1524 4610 1722 4689 ἀφῆκεν
1770 4609 1851 4703 ὅτι
1890 4611 1958 4683 ἢν

1378 4726 1509 4735 ...ι-

1018 4775 1333 4832 EUROPA.

1150 4896 1175 4945 1
1190 4932 1200 4943 .

394 5028 444 5069 a.
464 5010 721 5068 Mulieres
738 5010 1017 5067 dormiunt
1043 5010 1365 5083 loquaces..
1392 5010 1447 5067 b.
1476 5010 1744 5083 intelligo.

394 5115 444 5155 a.
473 5096 579 5155 Sed
608 5106 930 5169 experrectae
956 5106 1087 5155 sunt
1116 5098 1431 5172 paropsides
1450 5142 1466 5168 ‚

394 5183 525 5243 solie
548 5184 637 5243 hae
663 5183 825 5257 longe
855 5184 1092 5257 potiores
1124 5184 1193 5242 ad
1220 5184 1607 5243 delectandum

1875 4730 2014 4739 w-.

2127 749 2520 845 Ᾱλιευόμενος
2550 751 2729 818 αὐτόν
2761 751 2895 817 ποθ’
2929 748 3088 818 εἶλον
3114 746 3428 848 ἀνδράχλῃ

2945 853 3252 882 ””””

2033 1004 2210 1058 Versu
2233 1023 2258 1058 1
2281 998 2434 1058 αὐτὸν
2459 1001 2710 1068 secundo
2733 1002 2865 1057 loco
2889 1003 3084 1077 posui,
3111 1021 3184 1059 ne
3205 1003 3323 1062 duo
3353 1009 3621 1063 continui

2033 1101 2402 1164 sequerentur
2433 1091 2730 1164 anapaesti,
2764 1089 2927 1164 quod
2964 1091 3130 1146 vitari
3164 1093 3312 1149 solet
3351 1095 3622 1152 iambicis

2033 1179 2283 1234 senariis.
2311 1179 2455 1233 Tum
2470 1173 2740 1254 ἀνδράχλῃ
2767 1175 3008 1232 ridicule
3036 1176 3254 1234 dictum
3285 1191 3368 1236 est
3385 1199 3498 1255 pro
3540 1183 3616 1247 εἰς

2035 1262 2365 1341 ἀνδράχλην,
2395 1270 2453 1319 in
2464 1261 2752 1334 foculum,
2780 1264 2861 1321 'ad
2887 1264 3256 1338 coquendum
3291 1269 3354 1322 in
3385 1267 3613 1328 foculo.

2035 1351 2191 1407 Libri
2215 1354 2375 1407 PVL.
2403 1349 2708 1427 ἀνδράχμη,
2737 1352 2799 1408 C.
2831 1361 2889 1407 et
2915 1351 3071 1425 Epit.
3099 1351 3390 1432 ἀνδραχθῆ.
3417 1357 3624 1431 Respi-

2037 1441 2117 1494 cit
2153 1457 2377 1495 versum
2417 1450 2710 1515 grammat.
2733 1437 2913 1497 Bekk.
2953 1457 3015 1514 p.
3049 1439 3200 1511 383,
3245 1460 3338 1512 xo,
3383 1438 3627 1502 Ἆλιευό-

2037 1545 2188 1602 μενος
2238 1548 2250 1582 :
2305 1523 2419 1583 ἀντὶ
2475 1529 2568 1582 τοῦ
2625 1523 2867 1587 ἁλιεύων.
2922 1524 3175 1589 Πλάτων.
3229 1533 3294 1587 V.
3358 1548 3417 1590 2.
3479 1531 3626 1600 Βόαξ

2037 1615 2193 1691 apud
2217 1616 2578 1672 Aristotelem
2610 1617 2682 1675 H.
2717 1621 2788 1676 A.
2827 1635 2884 1692 9,
2912 1617 2970 1692 3,
2999 1629 3242 1674 vocatur
3281 1615 3412 1697 βὼξ,
3443 1640 3625 1695 quem

2037 1707 2399 1782 gregatilibus
2435 1706 2686 1781 piscibus
2726 1713 3056 1764 adnumerat
3098 1705 3262 1786 (ὅλως
3298 1705 3355 1766 δὲ
3389 1710 3624 1786 ἅγελαῑοί

2038 1793 2149 1850 ἐστι
2169 1791 2236 1850 τὰ
2251 1791 2444 1863 τοιάδε,
2464 1791 2712 1868 θυννίδες,
2743 1793 3225 1871 μαινίδες,κω6ιοὶ,
3254 1797 3620 1880 βῶκες,εῑο).

2040 1883 2235 1942 Festus
2266 1904 2281 1942 ε
2312 1907 2336 1932 ιι
2368 1881 2533 1938 bocas
2555 1902 2574 1936 .·
2603 1901 2780 1958 genus
2803 1885 2975 1959 piscis
2997 1904 3032 1941 a
3057 1886 3316 1957 boando,
3344 1890 3386 1946 i.
3412 1908 3469 1949 e.
3501 1893 3626 1948 cla·

2038 1971 2276 2042 mando,
2310 1971 2681 2047 appellatum.
2711 1997 2736 2021 υ
2767 1971 2952 2031 Bocas
2979 1974 3260 2049 intelligas
3287 1976 3465 2052 βῶκας
3499 1998 3628 2053 po-

2041 2061 2150 2115 tius
2196 2078 2366 2133 quam
2412 2071 2858 2117 casum-rectum
2899 2062 3198 2137 singularis
3241 2067 3500 2136 numeri,
3561 2081 3634 2124 nt

2041 2147 2318 2203 Gesnerus
2364 2147 2532 2202 Thes.
2573 2147 2618 2207 l.
2665 2147 2707 2202 l.
2749 2166 2806 2206 v.
2851 2149 3026 2208 Boea.
3077 2150 3334 2210 Isidorus
3390 2171 3489 2223 η,
3527 2155 3567 2210 6
3611 2178 3626 2212 z

2044 2256 2068 2284 ιι
2101 2235 2298 2289 bocca-s·
2330 2232 2535 2313 (immo
2567 2230 2761 2311 bocas)
2795 2234 2999 2292 dicunt
3025 2239 3197 2294 etiam
3224 2239 3402 2297 boves
3439 2246 3633 2298 mari—

2040 2339 2165 2392 nos,
2188 2323 2348 2394 quasi
2373 2322 2603 2381 boacas,
2635 2345 2660 2371 υ
2690 2321 2914 2377 Nomen
2946 2323 3296 2381 hodiernum
3326 2326 3498 2401 hujus
3523 2347 3632 2403 ge-

2043 2409 2193 2464 neris
2230 2410 2470 2483 piscium
2508 2411 2731 2484 ignoro,
2771 2409 2880 2464 nisi
2920 2409 3067 2466 forte
3095 2422 3180 2466 est
3223 2413 3636 2486 cataphractus

2045 2497 2239 2566 Linn.,
2263 2497 2333 2552 de
2349 2516 2466 2572 quo
2486 2499 2574 2552 vir
2591 2497 2950 2553 doctissimus
2965 2498 3146 2558 Stein.
3164 2500 3398 2560 Hanbd.
3419 2504 3483 2559 d.
3506 2507 3634 2560 Na·-

2046 2584 2317 2660 turgescit.
2335 2604 2388 2660 p.
2425 2604 2540 2661 229
2573 2605 2585 2640 t
2611 2609 2638 2636 α
2663 2587 2780 2641 Det·
2809 2587 3158 2642 Knurrhalm
3187 2587 3631 2668 (Steinpicker)‚

2047 2675 2473 2750 cataphractus,
2509 2694 2586 2729 an
2608 2675 2716 2730 den
2743 2675 3092 2730 noerdlichen
3121 2678 3334 2732 Kia'sten
3365 2697 3488 2734 von
3515 2683 3631 2734 Eu·

2045 2781 2185 2836 ropa
2209 2763 2328 2818 und
2352 2762 2636 2831 Amere'ka,
2672 2764 2844 2833 loesst,
2877 2782 3037 2818 menn
3056 2781 3122 2818 er
3143 2761 3442 2838 geffangen
3465 2771 3624 2834 wit-d,

2045 2853 2209 2904 einen
2235 2849 2583 2906 knurrenden
2623 2852 2741 2906 Ton
2767 2850 2979 2919 haerere,
3013 2853 3117 2908 cler
3140 2858 3200 2907 in
3233 2854 3346 2909 den
3379 2857 3629 2914 Kiemen

2046 2938 2303 2997 enas-teht.
2349 2940 2436 2993 Et·
2473 2940 2622 2994 wir-d
2667 2952 2814 2995 etwa
2850 2941 2886 2997 6
2926 2942 3060 2996 Zoll
3098 2944 3257 3014 lang,
3311 2942 3424 2999 kat
3467 2951 3636 3001 einen

2046 3043 2190 3083 vom
2217 3026 2613 3105 aclztkcmtigen
2644 3028 2766 3085 und
2799 3048 2913 3085 von
2944 3030 3318 3088 knoecltemen
3356 3032 3637 3093 Sclu'lden

2049 3118 2389 3189 umgvbenen
2413 3118 2570 3188 Lee'b,
2601 3142 2625 3167 a·
2655 3128 2762 3175 etc.

2802 3228 2860 3289 3.

2130 3342 2485 3417 Phrynichus
2513 3346 2729 3419 Appar.
2756 3344 2991 3419 sophist.
3021 3364 3085 3419 p.
3117 3352 3213 3416 42,
3241 3344 3304 3422 5,
3335 3343 3636 3429 Ἦμηχοί-

2049 3450 2194 3487 νουν
2231 3451 2242 3483 :
2277 3430 2382 3488 Πλ.
2411 3430 2464 3487 ἔν
2488 3433 2556 3510 τῇ
2590 3432 2722 3509 Εὖρ.

2368 3598 2478 3657 ῙΧ.
2515 3598 2714 3657 ΖΕΥΣ
2754 3597 3072 3657 ΚΑΚΟΥΜ
3083 3598 3302 3661 ΕΝΟΣ.

2129 3768 2154 3791 ιι
2187 3744 2408 3799 Titulus
2435 3743 2640 3799 fabulae
2668 3744 2746 3801 ad
2775 3748 2970 3803 nescio
3017 3764 3189 3820 quam
3217 3748 3380 3803 Jovis
3409 3762 3634 3823 contu·

2048 3830 2275 3889 mcliam
2295 3829 2400 3907 (cf.
2419 3850 2548 3888 ann.
2563 3832 2636 3887 ad
2647 3832 2717 3887 fr.
2750 3852 2798 3889 1.
2814 3830 2980 3893 Both.
2996 3832 3014 3909 )
3029 3846 3284 3909 spectat:
3305 3838 3461 3894 male
3479 3842 3638 3895 enim

2051 3919 2204 3993 apud
2227 3918 2571 3988 Eudociam,
2597 3920 3010 3992 Andronicum,
3041 3932 3099 3979 et
3116 3923 3294 3981 schol.
3327 3926 3636 4003 Aristoph.

2053 4008 2184 4062 Pac.
2234 4012 2409 4082 1244,
2455 4007 2663 4081 legitur
2690 4004 3043 4083 καλούμενος,
3079 4029 3205 4085 qnae
3235 4012 3450 4071 menda
3493 4018 3638 4071 olim

2051 4094 2217 4149 etiam
2242 4095 2530 4150 Pollucem
2557 4114 2614 4164 7,
2659 4095 2788 4169 132,
2822 4097 3141 4155 obsidebat.
3179 4122 3203 4149 n
3227 4101 3278 4154 E
3301 4101 3396 4159 M.

2755 4243 2808 4280 1.
2855 4245 2912 4285 2.

2128 4353 2333 4411 Athen.
2361 4352 2451 4428 15,
2473 4374 2536 4431 p.
2569 4355 2719 4426 666,
2749 4359 2804 4413 D
2841 4377 2854 4413 :
2902 4356 3132 4417 Πλάτων
3159 4354 3214 4415 δὲ
3239 4359 3293 4417 ἐν
3313 4357 3408 4418 Διὶ
3435 4382 3640 4421 κακου-

2054 4439 2196 4519 μένῳ
2217 4441 2434 4508 παιδιᾶς
2457 4432 2589 4509 εἶδος
2613 4440 2910 4522 παροίνοιον
2931 4442 3022 4502 τὸν
3043 4442 3299 4505 κότταὸον
3331 4436 3472 4504 εἶναι
3494 4450 3634 4507 εἰπο-

2051 4525 2257 4587 δίδωσιν
2272 4571 2289 4602 ,
2309 4520 2424 4607 ἕνῇ
2451 4527 2722 4598 ἐξίσταντο
2746 4530 2842 4589 καὶ
2867 4534 2971 4589 τῶν
2995 4532 3285 4612 σκευαρίων
3304 4539 3353 4593 οἳ
3376 4535 3408 4564 ⁸
3433 4537 3632 4595 δυσκυ-

2057 4612 2282 4682 ὅοῧντες.
2310 4614 2452 4693 λέγει
2471 4619 2519 4673 δ’
2547 4616 2726 4683 οὕτως·

2054 4797 2218 4854 quam
2244 4784 2289 4839 si
2311 4784 2436 4840 istas
2459 4782 2733 4841 adhibeas.
2757 4784 2814 4841 b.
2835 4784 3076 4843 Ubinam
3096 4786 3266 4859 igitur
3277 4792 3409 4843 sunt
3429 4788 3632 4860 aliqua:

2055 4868 2293 4926 obtestor
2315 4879 2366 4927 te
2378 4907 2392 4921 .
3239 4873 3586 4946 [paropsides
3602 4880 3626 4929 Ρ

2807 4994 2868 5035 2.

2055 5098 2270 5155 Piscans
2293 5098 2584 5172 aliquando
2610 5100 2730 5173 cepi
2748 5114 2876 5156 eum
2899 5098 2968 5156 ad
2992 5097 3239 5157 foculum

2057 5202 2182 5242 cum
2210 5185 2438 5244 thuanis
2457 5228 2472 5255 ,
2501 5186 2696 5244 deinde
2719 5186 2938 5256 dimisi,
2967 5188 3093 5259 quia
3117 5198 3232 5245 erat
3263 5189 3387 5245 box.
