3809 5850
704 633 733 670 x
1804 609 2238 668 PRAEFATto.

698 742 1095 814 faventiore
1150 757 1387 812 tamen
1429 742 1713 812 fortuna
1772 769 1785 808 :
1836 772 1867 804 «
1927 742 2231 834 majores
2287 742 2480 811 enim
2529 741 2694 834 (ille
2747 745 3143 840 rescripsit)
3193 772 3356 818 suas

698 867 906 936 fuisse
947 880 1179 962 partes
1207 866 1281 935 in
1324 880 1622 960 utraque
1657 864 1976 934 editione
2003 865 2372 949 Meinekii,
2410 890 2625 959 quam
2657 881 2736 935 ut
2775 892 2884 936 res
2917 866 3050 936 sibi
3087 869 3234 961 jam
3265 871 3346 938 sit

696 977 983 1085 integra.
1016 1021 1051 1058 »

790 1119 1072 1187 Interea
1100 1115 1435 1188 scitarum
1460 1112 2054 1186 emendationum
2081 1114 2470 1210 specimina
2503 1115 2712 1184 nobis
2746 1115 3072 1186 mittebat
3105 1118 3212 1186 vir
3250 1143 3353 1188 sa-

691 1265 819 1333 gax
854 1241 1247 1314 Friderieus
1274 1243 1612 1310 Henricus
1644 1241 1881 1324 Bothe,
1919 1241 2034 1310 cui
2055 1294 2072 1326 ,
2103 1254 2266 1334 post
2293 1237 2446 1311 illas
2469 1239 2784 1336 repulsas
2807 1294 2824 1327 ,
2865 1241 3003 1311 hoc
3035 1244 3350 1312 muneris

694 1363 1325 1450 demandavimus,
1384 1378 1463 1432 ut
1506 1386 1589 1432 ex
1644 1385 1903 1455 magno
1947 1387 2164 1457 opere
2213 1361 2543 1432 Meinekii
2583 1379 2992 1459 excerperet
3031 1381 3344 1436 veterum

692 1503 1069 1583 poetarum
1118 1511 1397 1574 versus,
1440 1487 1863 1584 explicaret,
1911 1469 2328 1558 emendaret
2370 1486 2496 1559 ubi
2548 1489 2796 1558 vitium
2835 1490 3118 1563 traxisse
3157 1491 3348 1561 vide-

694 1626 970 1699 rentur,
1030 1611 1346 1707 denique
1394 1611 1745 1682 latinitate
1796 1610 2122 1682 donaret.
2179 1610 2395 1694 Quod
2432 1609 2550 1680 ille
2597 1612 2688 1680 ita
2728 1614 3086 1708 praestitit,
3133 1629 3210 1682 nt
3257 1614 3348 1684 ab

692 1723 839 1802 una
875 1746 1076 1826 parte
1104 1731 1308 1828 plura
1345 1755 1563 1827 quam
1592 1731 2132 1828 postulabamus
2165 1733 2410 1804 invitis
2431 1731 2824 1826 largiretur.
2855 1739 3040 1806 Sane
3079 1739 3348 1806 verissi-

692 1880 887 1926 mum
922 1871 1069 1944 est,
1110 1856 1503 1950 fragmenta
1537 1855 1875 1952 pleraque
1909 1856 2000 1926 ad
2036 1881 2169 1926 nos
2210 1859 2613 1929 transmissa
2653 1882 2802 1928 esse
2851 1884 2978 1954 per
3013 1860 3346 1932 homines

688 2005 729 2050 a
770 1982 970 2075 poesi
1002 1979 1513 2068 alienissimos3
1551 2003 1789 2079 neque
1830 1981 2142 2075 cujusvis
2177 1997 2280 2052 est
2319 1983 2575 2052 comici
2607 1983 2748 2074 joci
2790 1982 3098 2055 ludibria
3139 1985 3346 2056 liher-

692 2103 867 2174 rima
910 2118 1098 2182 recte
1134 2105 1535 2200 perspicere
1569 2131 1583 2172 ε
1626 2119 1707 2174 ut
1746 2103 1915 2177 hinc
1945 2119 2215 2199 sponte
2249 2121 2578 2176 nascatur
2615 2105 2924 2201 suspicio
2947 2159 2964 2192 ‚
3005 2106 3230 2177 multa
3269 2109 3340 2176 in

688 2224 824 2296 illis
866 2226 1279 2320 fragmentis
1313 2251 1350 2296 a
1388 2241 1765 2322 poetarum
1810 2251 2024 2298 sensu
2069 2242 2142 2297 et
2192 2227 2426 2296 verbis
2479 2227 2690 2297 fuisse
2735 2227 3036 2298 detorta.
3076 2228 3347 2300 Nihilo·

690 2351 931 2432 minus
968 2366 1077 2420 est
1127 2349 1253 2422 ubi
1294 2350 1591 2422 Bothius
1648 2350 1861 2424 nobis
1911 2351 2236 2421 videatur
2293 2350 2490 2422 nulla
2545 2375 2836 2447 prorsus
2871 2368 3171 2446 urgente
3225 2379 3345 2422 ne-

686 2473 1012 2542 cessitate
1050 2472 1385 2546 traditam
1412 2474 1838 2569 scripturam
1862 2475 2340 2544 attrectavisse
2371 2501 2385 2542 :
2420 2473 2825 2566 cujusmodi
2861 2476 3343 2544 correctiones

686 2621 868 2692 saepe
900 2596 1329 2682 delevimus,
1358 2598 1611 2693 saepius
1639 2598 1815 2669 intel
1862 2612 2131 2668 ceteras
2163 2599 2546 2694 opiniones
2573 2599 2984 2668 criticorum
3014 2600 3189 2693 ipsis
3221 2603 3345 2666 Bo-

690 2719 819 2788 thii
854 2719 1089 2789 verbis
1134 2721 1208 2790 in
1250 2720 1718 2790 annotatione
1756 2720 2334 2791 memoravimus.
2377 2719 2658 2815 Ubique
2697 2743 2866 2790 vero
2911 2736 2978 2790 et
3011 2722 3341 2792 codicum

690 2842 1031 2914 lectiones
1060 2857 1131 2912 et
1156 2841 1677 2940 probabiliores
1708 2841 2246 2939 philologorum
2277 2847 2664 2914 sententias
2695 2855 2974 2914 summa
3005 2845 3344 2939 religione

690 2966 1203 3054 indicavimus,
1264 2991 1412 3061 quo
1458 2968 1533 3037 in
1588 2991 1664 3035 re
1700 2965 1920 3037 dubia
1971 2967 2195 3037 lector
2241 2992 2454 3039 suum
2479 2968 2828 3063 judicium
2871 2968 3127 3037 habeat
3168 2970 3345 3056 inte·

688 3116 914 3184 grum.
952 3090 1180 3164 Facile
1209 3106 1447 3165 autem
1492 3113 1831 3183 agnosces
1869 3090 1942 3157 in
1994 3088 2252 3160 Bothio
2291 3090 2648 3160 diutinam
2690 3114 2856 3159 cum
2899 3092 3131 3185 poetis
3173 3116 3345 3161 con-

686 3215 1150 3292 suetudinem
1220 3228 1433 3309 atque
1491 3212 2082 3301 familiaritatem,
2145 3214 2562 3308 rhythmicae
2623 3214 2984 3309 elegantia:
3041 3240 3338 3285 sensum

688 3337 1311 3421 delicatissimum,
1372 3337 1443 3407 in
1508 3334 1910 3429 judicando
1970 3336 2370 3407 libertatem
2421 3340 2770 3431 integram
2795 3390 2811 3421 ‚
2875 3339 2944 3407 in
2991 3337 3340 3409 omnibus

686 3460 864 3555 agile
893 3476 963 3533 et
990 3460 1313 3535 vividum
1342 3484 1669 3531 acumen.

784 3588 1113 3681 Denique
1134 3638 1151 3671 ,
1182 3599 1435 3680 practer
1468 3598 1577 3653 tot
1613 3585 1891 3678 poetica
1926 3584 2196 3654 lumina
2215 3634 2232 3669 ‚
2261 3584 2528 3655 eminet
2559 3582 2698 3653 hoc
2727 3582 3064 3653 volumen
3101 3609 3339 3655 rernm

684 3732 763 3777 ex
818 3708 1019 3777 omni
1071 3708 1211 3775 vita
1260 3707 1645 3799 graecanica
1683 3707 2070 3800 petitarum
2113 3707 2318 3801 copia
2371 3720 2585 3799 atque
2633 3707 2964 3776 varietate
3002 3731 3280 3779 summa
3325 3737 3338 3776 :

682 3854 865 3924 quas
910 3852 1169 3901 omnes
1203 3828 1513 3902 multum
1545 3829 1883 3905 intererat
1919 3828 1992 3897 in
2021 3853 2172 3900 uno
2209 3843 2602 3924 conspectu
2631 3830 2982 3926 proponi,
3021 3828 3341 3899 aetatibus

682 3968 754 4022 et
788 3951 1170 4045 generibus
1196 3953 1565 4024 comoediae
1592 3950 1863 4047 ubique
1894 3952 2268 4025 distinctis.
2301 3956 2471 4026 Eam
2505 3953 2949 4048 provinciam
2981 3952 3342 4023 humanis-

683 4078 865 4147 simo
927 4076 1179 4170 juveni
1224 4076 1474 4147 Iacobo
1516 4078 1870 4151 Hunzilcer
1916 4075 2545 4163 demandavimus,
2609 4078 2734 4171 qui
2799 4101 3029 4171 nuper
3075 4076 3338 4147 Plutar-

682 4200 1031 4271 cheorum
1100 4225 1405 4295 operum
1470 4200 1706 4271 indice
1772 4200 2081 4293 generali
2143 4201 2450 4271 scienter
2504 4198 2834 4269 confecto
2891 4200 3335 4269 eruditorum

682 4322 969 4395 laudem
1004 4324 1138 4395 sibi
1194 4326 1487 4419 paravit.
1529 4323 1792 4397 Eadem
1848 4337 2188 4417 sequetur
2225 4324 2826 4394 accuratissimam
2879 4324 3115 4414 σύνοψιν
3170 4322 3338 4393 huic

684 4448 1029 4519 volumini
1067 4448 1551 4543 subjunctam.
1602 4446 1737 4517 Ubi
1771 4446 1973 4521 litera
2025 4452 2076 4517 A
2137 4446 2405 4517 indicat
2459 4448 2824 4542 antiquam
2868 4446 3332 4533 comoediam,

686 4576 752 4641 Μ
791 4573 1103 4641 mediam
1131 4626 1149 4660 ‚
1182 4576 1236 4641 N
1277 4594 1576 4657 novam,
1612 4570 1875 4665 quibus
1915 4570 2133 4641 literis
2167 4586 2408 4641 nostra
2444 4572 2740 4665 pagina,
2787 4568 3051 4639 deinde
3087 4594 3338 4664 paren-

684 4696 945 4766 thetice
978 4680 1203 4783 poetae
1232 4709 1299 4765 et
1344 4692 1595 4767 sabulae
1626 4717 1893 4762 nomen
1933 4691 2332 4785 subjicitur.
2373 4696 2632 4763 Datum
2659 4692 2962 4777 Parisiis',
2997 4716 3092 4761 m.
3119 4692 3336 4763 ‚lunio

683 4820 1105 4890 Momm.»
1132 4869 1144 4881 .

2815 4942 2866 4983 Α.
2907 4939 2955 4983 ιτ.
2995 4938 3204 4985 umor.
