3809 5850
1525 442 1935 507 STRATTIS:

132 572 203 649 (in
227 584 541 629 tesserarum
554 570 727 647 ludo)
749 573 777 627 ὃ
795 566 893 644 μὲν
913 568 977 627 τὰ
1002 568 1055 637 ἓξ
1078 570 1360 647 δυνάμενος
1386 574 1537 652 Κῷος
1564 574 1657 632 καὶ

3196 476 3316 525 295

1702 582 1713 691 ἱ
1754 598 1864 650 γειν
1887 574 1955 633 τὰ
1985 577 2384 656 μηχανήματα,
2407 571 2482 649 οἶς
2508 582 2624 651 τούς
2650 607 2706 643 τε
2741 586 2912 653 λίθους
2953 589 3043 647 καὶ
3075 592 3141 649 τὰ
3185 594 3318 654 ἄλλα

128 660 267 729 ἐξίτης
296 660 521 737 ἐλέγετο,
558 659 685 727 Χῖος
726 658 777 718 δὲ
809 663 837 718 δ
858 658 919 718 τὸ
948 658 1023 729 ἓν,
1060 659 1152 719 καὶ
1175 658 1334 721 κύων.
1367 661 1575 740 λέγεται
1604 662 1660 721 δέ
1752 661 2008 724 ἕλκουσιν.
2042 664 2154 733 ὄνος
2175 667 2224 725 δ’
2257 667 2398 727 ἐστὶν
2425 669 2553 728 αὐτὸ
2575 670 2635 730 τὸ
2658 673 2986 751 μηχάνημα,
3010 676 3072 735 τὸ
3095 678 3180 737 διὰ
3209 703 3319 759 τρο·

129 771 189 810 τις
231 746 309 805 καὶ
351 746 609 826 παροιμία
658 746 763 808 ἀπὸ
806 746 1025 821 τούτου,
1064 737 1171 807 οἷον
1210 750 1339 823 Χῖος
1385 750 1659 829 παραστὰς
1749 750 1934 829 χιλίων
1961 752 2053 811 καὶ
2075 753 2336 831 σχοινίων.
2358 758 2441 817 Cf.
2461 760 2644 819 Thuc.
2669 782 2728 833 7,
2756 762 2854 822 25.
2879 766 3202 826 Scribamus

132 836 257 913 Κῷον
271 836 353 892 οὐκ
376 834 539 895 ἐάσω.
573 836 665 915 ἀφ’
696 825 757 893 οὗ
782 834 873 893 καὶ
900 835 1034 915 Στρ.
1066 836 1423 913 Διμνοπέδαις
1457 840 1598 917 (sic)

205 972 331 1044 Χῖος
359 965 671 1061 παραστὰς
704 978 883 1054 Κῷον
908 973 1017 1035 οὐκ
1044 970 1115 1057 ἐᾷ’
1146 971 1376 1063 λέγειν.

126 1102 311 1156 omisso
340 1098 541 1157 fabulae
571 1101 739 1158 titulo
774 1120 999 1159 versum
1030 1104 1205 1161 habet
1234 1106 1553 1162 Eustathius
1581 1107 1657 1164 ad

128 1190 269 1247 Hom.
297 1207 351 1263 p.
387 1188 564 1264 1397,
597 1194 695 1255 [μ.

849 1303 903 1364 4.

188 1410 449 1481 Harpocr.
475 1427 537 1483 p.
574 1408 647 1463 26
668 1451 687 1479 ‚
721 1405 754 1463 5
783 1428 798 1463 ε
826 1404 999 1473 ἁπλᾶς
1019 1409 1359 1483 Δημοσθένης
1385 1408 1521 1467 κατὰ
1552 1409 1657 1483 Kei-

128 1514 263 1558 νωνος.
292 1492 685 1572 Καλλίστρατός
710 1516 839 1574 φησι
862 1494 931 1553 τὰ
961 1494 1270 1572 μονόπελμα
1308 1499 1413 1554 τῶν
1452 1499 1655 1569 ὑποδη-

131 1582 277 1653 μάτων
302 1580 435 1641 οὕτω
461 1582 759 1641 καλεῖσθαι.
793 1585 925 1660 Στρ.
961 1586 1287 1664 Λημνομέδᾳ

276 1736 368 1746 ——-
402 1690 789 1788 Ῠποδτίματα

202 1812 383 1889 σαυτῷ
418 1802 707 1895 πρίασθαι
738 1811 862 1869 τῶν
895 1805 1129 1871 ἁπλῶν.

240 1956 397 2016 VIII.
444 1956 922 2017 ΜΑΚΕΔΟΝΕΣ
962 1954 997 2027 ἢ
1042 1958 1516 2018 ΠΑΥΣΑΝΙΑΣ.

193 2107 211 2132 ι
234 2086 315 2141 Sic
332 2085 543 2141 Athen.
568 2083 665 2155 13,
685 2103 747 2158 p.
770 2083 910 2161 589,
931 2088 1012 2156 A3
1044 2086 1143 2142 sed
1170 2085 1323 2141 idem
1346 2105 1401 2157 7,
1421 2105 1483 2162 p.
1512 2084 1649 2156 302,

128 2169 179 2243 E,
208 2184 255 2227 et
273 2172 401 2243 323,
426 2174 475 2229 Β
494 2212 511 2242 ,
542 2172 597 2229 ἐν
622 2169 940 2245 Μακεδόσιν,
967 2184 1025 2230 et
1045 2175 1305 2231 similiter
1336 2178 1650 2248 Harpocr.,

128 2260 272 2331 Etym.
292 2262 395 2331 M„
426 2272 489 2317 et
522 2260 791 2335 Photius,
823 2261 955 2340 Στρ.
982 2258 1277 2323 Μακεδόσι.
1300 2262 1647 2337 Contraque,

130 2346 211 2403 hoc
228 2350 377 2407 titulo
399 2349 645 2422 omisso,
680 2346 885 2409 Athen.
925 2356 1019 2423 14,
1038 2368 1100 2427 p.
1142 2346 1284 2422 654,
1326 2351 1396 2419 F,
1434 2350 1563 2428 Στρ.
1598 2352 1650 2408 ἐν

130 2434 397 2517 Παυσανίᾳ,
428 2438 593 2512 quod
620 2456 683 2513 9,
714 2458 773 2513 p.
816 2438 955 2513 396,
1003 2443 1076 2509 A,
1125 2436 1521 2514 reponendum
1564 2440 1654 2495 vi·-

128 2523 262 2580 detur
283 2544 383 2600 pro
436 2524 693 2605 Κινησίᾳ.
730 2528 861 2582 Non
906 2536 989 2583 ωε
1032 2538 1223 2583 autem
1254 2528 1653 2602 intelligendus

128 2608 379 2672 Pamanias
414 2616 521 2671 ille
553 2614 861 2684 obscurus,
892 2616 993 2689 qui
1040 2614 1389 2690 olymp296,
1422 2616 1455 2672 3
1499 2615 1653 2689 (ante

127 2700 232 2757 Chr.
262 2714 367 2759 nat.
407 2700 567 2779 393)
618 2702 970 2758 Macedoniae
1010 2705 1317 2778 imperium
1365 2704 1613 2759 obtinuit
1631 2746 1648 2771 ,

128 2787 201 2841 sed
220 2792 389 2861 potius
404 2791 719 2848 Pausanias
747 2788 1111 2863 comensis,
1137 2792 1447 2868 Agathonis
1469 2803 1653 2865 poetae

129 2887 325 2948 amator,
356 2879 429 2936 de
458 2896 583 2954 quo
617 2878 777 2935 Plato
796 2889 857 2934 et
870 2878 1203 2954 Xenophon
1220 2882 1281 2935 in
1308 2880 1651 2954 Symposiis,

130 2960 255 3020 Plato
274 2969 430 3024 etiam
468 2970 706 3042 Protag.
752 2986 817 3042 p.
854 2965 1002 3038 315,
1044 2970 1117 3026 D.
1165 2967 1424 3027 Eundem
1452 2979 1657 3044 tragoe—

133 3051 311 3110 ‹lianun
362 3056 715 3131 scriptorem
770 3057 1077 3133 perhibent
1153 3057 1335 3115 schol.
1407 3057 1658 3114 Platonis

128 3155 175 3211 p.
202 3143 327 3214 373,
368 3156 423 3202 et
456 3163 708 3221 gramm.
739 3145 841 3200 Ms.
879 3145 1036 3218 apud
1063 3143 1393 3204 Cramerum
1437 3146 1652 3202 Anecd.

128 3227 279 3289 Oxou.
310 3239 362 3300 4,
389 3252 447 3308 p.
474 3231 624 3306 269,
654 3233 1039 3304 neque‘aiium
1066 3230 1305 3289 Photius
1331 3232 1480 3291 Bibl.
1519 3233 1649 3292 cod.

138 3315 237 3384 ¹57,
258 3337 311 3392 p.
340 3319 477 3392 375,
520 3337 821 3376 numerare
849 3319 1077 3376 videtur
1105 3321 1165 3375 in
1195 3321 1382 3395 poetis
1401 3360 1419 3389 ,
1453 3320 1659 3393 quibus

128 3401 333 3464 stobaeus
352 3412 560 3466 utitur.
590 3411 731 3465 Hoc·
762 3411 991 3483 s'umpto
1021 3411 1189 3464 etiam
1217 3409 1361 3464 alter
1388 3409 1659 3466 dramatis

132 3491 281 3550 titulus
316 3493 621 3561 Μακεδόνες
658 3497 961 3554 commode
1002 3498 1347 3570 explicetur,
1376 3496 1657 3570 siquidem

130 3582 349 3652 Agathou
371 3586 690 3653 eomitante
719 3582 991 3641 Pausania
1013 3586 1239 3641 circiter
1258 3585 1473 3659 olymp.
1497 3584 1597 3658 93,
1629 3605 1652 3640 1

132 3666 257 3734 (ante
278 3674 402 3734 Chr.
438 3685 569 3732 nat.
605 3672 755 3750 407)
793 3673 871 3728 ad
899 3674 1273 3745 Archelaum,
1312 3672 1659 3729 Macedoniae

132 3771 279 3828 regem
298 3803 314 3830 ,
356 3783 415 3820 se
440 3763 729 3832 contulit,
758 3762 917 3836 apud
940 3780 1110 3837 quem
1138 3779 1236 3818 eos
1277 3772 1660 3818 commoratos

132 3858 216 3898 ese
240 3860 417 3906 narrat
438 3852 699 3908 AElianus
731 3851 802 3907 V.
830 3852 905 3906 fl.
932 3867 989 3918 α,
1019 3867 1117 3906 21.
1146 3871 1171 3898 n
1196 3849 1247 3903 E
1268 3849 1355 3905 Μ.

847 3974 899 4009 1.

188 4061 435 4139 Harpocr.
468 4089 528 4144 p.
566 4063 701 4138 17‘6,
734 4086 805 4123 ια
841 4087 855 4121 :
886 4069 1071 4127 τοπεῖα
1095 4062 1306 4141 λέγουσι
1333 4062 1401 4121 τὰ
1429 4063 1656 4143 σχοινία.

130 4140 229 4222 Στρ.
258 4153 517 4213 Μακεδόσι
556 4181 581 4207 α
616 4155 726 4214 Τὸν
770 4151 971 4211 πέπλον
1015 4151 1067 4210 δὲ
1111 4156 1295 4211 τοῦτον
1321 4151 1535 4212 ἕλκουσι
1569 4151 1657 4210 δο-

126 4231 311 4304 *2³30th
331 4241 553 4308 τοπείοις
588 4239 771 4322 ἄνδρες
794 4240 1139 4321 ἀναρίθμητοι
1168 4242 1241 4307 εἷς
1280 4239 1440 4320 ἄκρον
1477 4237 1661 4320 ὥσπερ

1947 908 2044 921 --
2093 871 2216 937 Τὸν
2247 874 2482 940 πέπλον
2513 867 2582 939 δὲ
2612 886 2826 943 τοῦτον
2881 920 2884 925 -
2977 910 2986 918 ·

1846 976 2122 1042 ἕλκουσιν
2151 982 2450 1057 ὀνεύοντες
2469 982 2733 1059 τοπείοις
2760 974 2970 1077 ἄνδρες
2995 986 3321 1081 ἀναρίθμη-

1996 1078 2000 1083 ’
3190 1121 3319 1161 τοι·

1848 1182 1926 1262 εἷς
1958 1190 2123 1255 ἱστὸν
2154 1195 2350 1282 ὥσπερ
2391 1193 2584 1259 ἱστίον
2614 1196 2717 1260 τὸν
2753 1192 2950 1288 ἄκρον.

1750 1331 1835 1385 De
1868 1352 1895 1384 ν
1931 1332 1990 1386 in
2024 1330 2053 1387 δ
2093 1334 2312 1391 mutato
2349 1354 2407 1394 v.
2450 1354 2584 1396 ann.
2619 1348 2868 1395 nostram
2913 1340 2983 1398 ad
3027 1345 3318 1419 A1·istoph·.

1748 1419 1946 1477 Daetal.
1971 1419 2044 1475 fr.
2079 1420 2175 1476 36.
2203 1424 2267 1478 V.
2301 1423 2332 1477 3
2364 1442 2457 1499 ap.
2484 1424 2763 1501 Harpocr.
2793 1439 2914 1485 erat
2935 1426 3134 1509 ὥσπερ,
3154 1432 3318 1491 ἱστίον

1746 1504 1835 1562 τὸν
1860 1506 1932 1571 εἷς
1953 1505 2039 1563 τόν
2058 1550 2074 1577 ,
2098 1509 2256 1583 quod
2283 1512 2344 1566 in
2381 1511 2521 1569 ἱστόν
2546 1517 2786 1571 mutavit
2808 1518 3086 1575 Dobraeus
3101 1561 3119 1594 ,
3155 1518 3319 1579 ἱστίον

1748 1596 1973 1670 scripsit
1998 1598 2171 1658 Mein.
2217 1600 2330 1655 Sed
2360 1603 2586 1675 vulgata
2633 1602 2706 1667 εἷς
2751 1601 2910 1683 ἄκρον
2951 1603 3130 1685 ὥσπερ
3158 1607 3317 1667 ἱστίον

1746 1681 1884 1738 ferri
1908 1702 2024 1739 non
2059 1700 2296 1759 possunt
2332 1701 2572 1763 propter
2593 1691 2928 1767 ambiguum
2947 1736 2964 1764 ,
2994 1713 3101 1750 nec
3139 1697 3321 1770 placet

1744 1772 2031 1845 producta
2058 1775 2246 1848 prima
2275 1780 2366 1832 τοῦ
2393 1774 2584 1855 ἄκρον,
2627 1798 2752 1853 quae
2797 1800 2950 1837 nunc
2983 1784 3312 1859 corripitur.

1754 1882 1777 1907 α
1813 1861 2053 1934 Peplum
2079 1862 2330 1938 intellige
2374 1866 2670 1937 Minervae,
2703 1868 2802 1941 qui
2831 1870 2885 1923 in
2919 1871 3316 1928 Panathenaeo·

1744 1964 1871 2001 rum
1898 1950 2234 2007 solennitate
2261 1952 2371 2007 veli
2393 1954 2569 2009 instar
2591 1956 2650 2008 in
2678 1972 2835 2011 sacra
2865 1958 2991 2012 navi
3015 1960 3316 2033 suspende·

1744 2034 1933 2096 batur.
1954 2039 2181 2112 Spectat
2215 2041 2328 2095 huc
2359 2042 2508 2097 inter
2535 2044 2646 2099 alia
2681 2044 2914 2100 Photius
2941 2064 3002 2119 p.
3037 2047 3168 2118 116,
3204 2069 3264 2104 11
3301 2068 3314 2106 :

1744 2120 1772 2179 ὁ
1800 2121 1895 2197 μὲν
1919 2122 2062 2187 ἱστὸς
2082 2123 2142 2182 τὸ
2171 2124 2426 2201 ἐπίμηκες
2469 2126 2618 2195 ξύλον
2651 2128 2759 2185 ἄνω
2786 2128 3094 2207 τεταμένον,
3130 2133 3317 2212 κεραία

1744 2206 1799 2266 δὲ
1827 2209 1895 2267 τὰ
1918 2210 2119 2289 πλάγια
2137 2256 2155 2288 ,
2178 2212 2315 2271 ὥστε
2334 2213 2572 2288 γενέσθαι
2597 2222 2718 2278 ταῦ.
2741 2218 3012 2278 διετείνετο
3040 2218 3096 2277 δὲ
3117 2223 3318 2281 πολλοί-

1746 2320 1826 2363 κις
1848 2299 1877 2355 δ
1898 2302 1990 2370 τῆς
2010 2298 2226 2372 Ἀθηνᾶς
2243 2300 2438 2367 πέπλος
2460 2306 2531 2370 εἰς
2557 2309 2758 2363 τοιοῦτο
2781 2310 2966 2385 σχῆμα
2995 2305 3160 2376 ξύλων
3179 2312 3320 2369 κατὰ

1741 2384 2036 2461 πόμπευσιν
2058 2388 2354 2459 (mendose
2373 2391 2506 2449 libri
2521 2388 2568 2459 ξ.
2581 2391 2672 2450 καὶ
2693 2392 3042 2468 ἐπόμπευσεν.
3063 2398 3278 2475 Both.).
3295 2425 3318 2450 ι

1741 2476 1792 2531 Ε
1818 2478 1912 2532 M.
1944 2478 2130 2535 Prima
2167 2491 2486 2537 memorant
2524 2484 2766 2557 Etymol.
2801 2486 2878 2539 M.
2916 2503 2976 2559 p.
3013 2486 3153 2557 762,
3196 2506 3270 2543 20
3302 2508 3316 2543 ε

1744 2563 1874 2642 Στρ.
1911 2566 2087 2637 Μακ.,
2125 2564 2234 2625 Τὸν
2265 2588 2324 2626 π.
2360 2564 2416 2625 δὲ
2453 2591 2504 2629 τ.
2538 2566 2746 2627 ἕλκουσι
2779 2570 3200 2645 δεσμεύοντες
3232 2597 3316 2632 το-

1744 2649 1877 2730 πείῳ
1902 2650 2110 2731 ἄνδρες,
2133 2678 2158 2706 ι
2174 2656 2543 2732 εἰπιίΙίιει-φισ
2565 2660 2801 2716 Photius
2818 2680 2877 2735 p.
2909 2659 3048 2735 595,
3085 2664 3153 2719 18
3186 2661 3318 2741 (qui

1747 2738 1970 2812 τοπίοις)
2006 2752 2063 2798 et
2081 2744 2282 2800 Snidas
2306 2764 2360 2804 V.
2384 2744 2632 2805 Τοπεῖον.

2509 2894 2560 2933 2.

1825 2985 2030 3041 Athen.
2071 3005 2130 3056 7,
2161 3005 2220 3060 p.
2261 2987 2401 3062 323,
2430 2991 2474 3044 B
2522 3009 2534 3043 :
2578 2989 2706 3066 Στρ.
2739 2991 2863 3065 γοῦν
2903 2990 2958 3045 ἐν
2989 2990 3318 3062 Μακεδόσιν,

1748 3069 1996 3148 ἐρομένου
2023 3072 2156 3138 τινὸς
2173 3069 2436 3147 Ἀττικοῦ,
2459 3075 2530 3140 ὡς
2559 3077 2861 3151 ἀγνοοῦντος
2891 3075 2950 3134 τὸ
2973 3075 3140 3152 ὄνομα
3159 3078 3315 3159 (σφό-

1750 3159 1967 3237 ραινα),
1995 3159 2086 3218 καὶ
2127 3156 2366 3238 λέγοντος

1846 3269 1899 3340 H
1930 3277 2218 3366 σφύραινα
2251 3268 2314 3340 δ’
2348 3276 2479 3342 ἐστὶ
2506 3279 2642 3363 τίς,

1748 3400 1904 3481 φησὶν
1930 3405 1958 3459 ὁ
1987 3399 2160 3481 ἕτερος
2443 3389 2448 3394 ’

1850 3523 1912 3603 β.
1954 3519 2230 3606 Κέστραν
2265 3520 2371 3610 μὲν
2406 3523 2600 3611 ὔμμες
2630 3519 2879 3585 ὡττικοὶ
2912 3524 3287 3595 κικλήσκετε.

2505 3658 2560 3716 3.

1828 3780 1992 3836 Idem
2018 3779 2100 3840 ib.
2122 3797 2187 3854 p.
2216 3779 2350 3850 302,
2373 3783 2418 3836 E
2446 3797 2464 3839 t
2497 3780 2552 3838 ἐν
2580 3776 2633 3836 δὲ
2665 3777 2972 3838 Μαίεδόσιν
3008 3781 3154 3855 (scil.
3189 3781 3316 3857 Στρ.

1750 3864 1885 3946 ἔφη)

1848 3993 1943 4035 ·-‘—-
1983 3980 2370 4080 Ῠπογοὶστρισί
2401 3985 2452 4051 θ’
2493 3978 2649 4058 ἡδέα
2685 3985 2923 4052 θύννων.

2506 4137 2560 4196 4.

1830 4241 2066 4298 Antiatt.
2097 4259 2154 4314 p.
2185 4239 2314 4309 108,
2345 4199 2456 4312 59,
2489 4235 3023 4296 Μακεδ-όνισσαν
3050 4259 3063 4292 :
3095 4235 3188 4306 τὴν
3220 4261 3317 4310 γυ-

128 4317 255 4379 ἱστίον
288 4325 366 4384 τὸν
406 4330 573 4388 ἱστόν.
606 4351 639 4387 a)
679 4333 859 4388 Recte
898 4333 1069 4407 Mein.
1106 4326 1397 4400 ὀνεῦοντες,
1448 4331 1656 4386 collata
1748 4333 1926 4385 ναῖκα.
1954 4327 2084 4404 Στρ.
2118 4322 2438 4385 Μακεδόσιν.
2467 4328 2548 4382 Ut
2575 4343 2608 4380 a
2646 4323 2849 4402 βασιλὶς
2887 4323 3206 4401 βασίλισσα,
3243 4327 3318 4380 ita

128 4406 445 4487 inzcriptione
469 4420 663 4476 navali
690 4419 783 4474 ed.
815 4419 1043 4476 Boeckh.
1061 4437 1125 4494 p.
1160 4425 1295 4488 144,
1326 4429 1385 4474 et
1407 4416 1658 4491 Phryni-

1750 4417 2027 4472 formatur
2053 4412 2421 4474 Μακεδόνισσα
2462 4435 2490 4469 a
2523 4413 2833 4479 Μακεδονίας.
2867 4415 3190 4500 Utrumque
3214 4415 3288 4467 mi
3308 4441 3324 4448 -

130 4495 213 4554 03¹0
236 4507 428 4580 Appar.
462 4508 703 4584 sophist.
732 4527 796 4582 p.
830 4506 907 4577 57
941 4526 1039 4577 21,
1079 4504 1307 4564 Ὀνεύειν
1340 4524 1356 4565 :
1389 4503 1449 4562 τὸ
1472 4501 1661 4582 περιά-
1702 4489 1710 4557 Ι
1750 4524 1853 4560 nus
1877 4505 2152 4561 atticum:
2178 4522 2238 4558 v.
2269 4499 2468 4558 Matth.
2495 4501 2596 4558 Gr.
2624 4520 2688 4575 p.
2718 4519 2849 4559 121.

845 4685 900 4732 3.

130 4746 261 4806 Chius
282 4757 489 4817 adstans
512 4763 695 4819 Coum
719 4777 831 4818 non
856 4761 987 4818 sinit
1014 4762 1209 4820 dicere.

184 4935 243 4950 --
265 4911 467 4974 eauoeoe
848 4855 902 4904 ⁴'

134 4989 207 5044 tibi
228 5011 331 5054 eme
348 5016 453 5058 una
476 5003 650 5060 solea.

351 5121 795 5184 MACEDONES
830 5129 939 5184 sive
962 5129 1386 5184 PAUSANIAS.

190 5295 247 5309 ·-
272 5275 372 5332 noc
392 5289 575 5340 autem
602 5271 823 5358 pephssn
860 5225 905 5270 Ι.

1747 4689 1992 4747 trochlea
2019 4686 2354 4759 funibusque
2377 4685 2578 4742 tollunt
2599 4686 2696 4742 viri
2723 4687 3145 4743 innumerabiles

1748 4779 1805 4834 in
1835 4777 2043 4835 malum
2065 4791 2365 4842 summum,
2396 4783 2459 4832 ut
2486 4774 2689 4831 velum.

2512 4887 2564 4934 2.

1700 4950 1705 5042 j
1816 5000 1887 5011 —
1911 4987 1960 5025 a.
2003 4970 2296 5040 Sphyraena
2323 4983 2451 5024 vero
2475 4983 2598 5040 quae
2618 4977 2696 5024 est
2715 4969 2744 5023 Ζ*

1748 5059 1801 5114 b.
1832 5058 2096 5130 Mugilem
2133 5056 2354 5130 quidem
2376 5071 2471 5112 vos
2499 5056 2668 5112 Attici
2687 5058 2909 5112 voeatis,

2511 5149 2562 5198 3.

1747 5234 2044 5291 ventriculi
2069 5248 2259 5289 suaves
2288 5231 2638 5303 thynnorum.
