3809 5850
447 537 703 596 πίνουσιν.
754 537 1056 614 ὠνομάσθαι
1095 560 1150 596 τε
1195 537 1300 596 ἀπὸ
1345 539 1436 608 τῆς
1465 536 1679 617 ῥύσεως.
1737 537 2017 596 Effluente

449 627 674 700 liquore
707 637 940 684 acutum
971 625 1178 683 edebat
1209 627 1535 702 strepitum,
1559 639 1625 682 ut
1646 627 1899 700 Hedylus
1929 636 2015 683 te-

447 726 630 772 statur
649 715 1054 792 epigrammate
1075 713 1220 774 ibid.
1241 716 1312 772 ab
1337 717 1545 774 Athen.
1569 726 1815 786 servato,
1841 733 1900 774 v.
1938 715 1970 770 3
1997 733 2014 772 t

453 799 599 878 λιγὺν
647 791 778 881 ἦχον
823 799 1064 870 σαλπίζει
1107 805 1326 880 κρουνοῦ
1369 799 1497 882 πρὸς
1537 800 1683 882 ῥύσιν
1723 799 2014 879 οἰγομένου.

451 894 640 950 Verba
662 890 930 970 ἀμφότερα
959 890 1006 949 δ’
1019 889 1319 967 οἰωνίζομαι
1339 893 1620 948 Dobraeus
1640 893 1813 950 vertit
1835 893 1882 947 J
1900 894 2023 946 wit!

452 983 543 1038 bet
571 980 1016 1059 (verosimiliora
1037 993 1236 1039 nostra
1269 994 1329 1039 et
1355 983 1534 1058 magis
1574 998 1777 1058 graeca.
1807 977 2015 1059 Ἀμφό-

451 1090 578 1147 τερα
605 1086 620 1128 :
641 1081 700 1126 et
719 1071 954 1126 alterum
976 1071 1083 1126 tria
1103 1071 1467 1146 grandissima
1484 1071 1671 1145 rhytia
1685 1079 2021 1145 potaturum

452 1169 601 1230 esse‘,
625 1169 683 1216 et
702 1157 776 1216 nd
790 1158 1168 1234 clepsydram.
1189 1157 1484 1216 Irridentis
1501 1159 1642 1230 baec,
1663 1160 1810 1216 sicut
1831 1159 2023 1215 omnia

454 1265 580 1321 quae
609 1249 644 1324 β
668 1246 824 1304 dicit.
853 1247 1056 1322 Both.)
1091 1259 1147 1306 et
1169 1247 1402 1304 fortasse
1427 1249 1602 1304 tertiae
1635 1264 1890 1324 personae
1918 1249 2022 1304 tri·

455 1333 812 1390 bucndaesse
831 1345 1045 1393 mouet.
1070 1337 1137 1393 V.
1163 1341 1196 1399 4
1215 1331 1467 1412 περιάγει,
1495 1346 1674 1390 tecum
1697 1334 1878 1401 ducis,
1903 1349 2024 1388 non

457 1419 785 1476 tentandum
818 1432 961 1479 erat.
987 1419 1202 1500 (immo
1229 1417 1526 1498 περιάγιις,
1554 1424 1825 1476 conver-81⁸5
1845 1462 1862 1494 ,
1903 1439 2021 1494 quo

457 1525 528 1562 cx
553 1507 823 1564 inferiore
844 1510 1056 1584 poculo
1100 1509 1304 1564 bibas?
1331 1511 1489 1564 Eust.
1525 1509 1598 1565 ad
1638 1510 1708 1566 11.
1745 1527 1808 1582 p.
1847 1507 2022 1583 1206,

459 1594 560 1661 26,
588 1591 772 1674 ἐλέφας
803 1614 818 1650 :
856 1593 1004 1669 ῥυτὸν
1049 1594 1334 1673 δίκρουνον.
1367 1598 1640 1652 Similiter
1666 1599 2027 1653 Damoxenus

459 1683 665 1738 Athen.
691 1701 753 1757 p.
779 1682 912 1754 468,
935 1685 1013 1756 F,
1031 1695 1089 1739 et
1117 1685 1450 1757 Hesychius.
1475 1683 1586 1740 Sed
1614 1685 1672 1739 hi
1698 1701 1894 1739 omnes
1914 1694 2026 1740 tres

458 1768 590 1846 χόας
617 1770 836 1846 dicunt,
873 1781 940 1826 ut
978 1771 1148 1826 etiam
1191 1771 1286 1826 hle
1326 1781 1574 1826 erratum
1609 1789 1722 1826 esse
1765 1780 1935 1844 putes
1965 1772 2026 1825 in

457 1876 718 1930 numero,
750 1871 807 1915 et
827 1857 1194 1914 scribendum
1217 1878 1278 1935 χ.
1309 1855 1439 1936 χόας
1469 1857 1623 1936 τρεῖς.
1653 1859 1856 1934 Both.)
1879 1860 1949 1915 V.
1988 1856 2023 1914 5

457 1950 654 2023 scripsi
681 1951 886 2026 χωροῦν
913 1966 1025 2024 pro
1047 1951 1352 2026 χωροῦντα,
1379 1957 1438 2002 et
1461 1946 1677 2020 delevi,
1707 1945 1868 2020 quod
1892 1945 2027 2002 libri

460 2047 591 2092 ante
618 2035 723 2092 οὐδ’
742 2037 972 2106 habent,
995 2031 1073 2094 ὅν.
1088 2039 1162 2094 V.
1183 2035 1220 2092 6
1241 2031 1291 2092 δὲ
1307 2034 1532 2092 addidit
1547 2035 1670 2093 Can.
1693 2034 1852 2092 Libri
1872 2035 2028 2090 τοῦτο

459 2118 708 2181 πέπωκα.
758 2125 1034 2181 Dobraeus
1093 2121 1299 2202 ἐλέφας·
1347 2120 1454 2200 ἐγὼ
1514 2119 1651 2180 τοῦτ’
1713 2119 2023 2179 ἐκπέπωκα.

464 2213 623 2288 (Ego
667 2215 854 2290 priori
925 2215 1112 2269 versui
1159 2213 1344 2286 adjeci
1394 2215 1562 2270 τοῦτο.
1617 2209 1820 2286 Both.)
1871 2213 1941 2270 V.
1994 2233 2025 2285 7

461 2301 840 2376 Diogenianus
876 2308 934 2371 4,
963 2300 1034 2368 43
1053 2339 1070 2370 ,
1099 2299 1416 2381 Ἐλέφαντος
1445 2297 1704 2379 διαφέρεις
1719 2296 1865 2358 οὐδέν
1893 2319 1909 2356 =
1940 2296 2029 2356 ἐπὶ

459 2389 565 2445 τῶν
596 2385 937 2456 ἀναισθήτων.
984 2391 1055 2448 V.
1089 2389 1125 2444 8
1171 2389 1360 2448 Athen
1425 2407 1486 2463 p.
1519 2387 1657 2458 500,
1696 2390 1739 2446 F
1776 2407 1791 2443 ι
1829 2385 1908 2444 ὅτι
1938 2383 2030 2446 καὶ

459 2471 733 2553 τριήρης
767 2463 899 2541 εἶδος
931 2473 1274 2552 ἐκπώματος,
1315 2473 1581 2540 Ἐπίνικος
1606 2476 1658 2533 ἐν
1685 2471 2027 2534 “Υπο6αλλο-
2082 2471 2091 2482 ”

463 2559 640 2636 μέναις
663 2561 946 2633 δεδήλωκε.
974 2563 1282 2643 προείρηται
1305 2560 1360 2620 δὲ
1385 2561 1444 2620 τὸ
1465 2559 1768 2642 μαρτύρίον.
1795 2563 2031 2638 (Sequi-

462 2662 558 2705 tur
581 2652 755 2726 vulgo
793 2654 946 2708 τοῦτο
974 2650 1050 2715 τίς
1087 2651 1166 2707 οὗ.
1206 2652 1347 2711 Cod.
1385 2653 1435 2707 A
1471 2654 1562 2708 τοῦ
1595 2671 1672 2718 τις
1701 2653 1764 2709 ὣ.
1802 2652 2031 2708 Frustra

462 2739 781 2814 Schweigh.
809 2740 950 2796 τοῦτ’
977 2737 1105 2804 ἴσως
1127 2737 1294 2817 χωρεῖ
1315 2761 1372 2818 χ.
1402 2739 1574 2796 Both.
1592 2739 1632 2815 ).
1656 2742 1724 2797 V.
1750 2757 1789 2814 9
1817 2738 2031 2796 descri-

461 2825 620 2880 bitur
643 2827 919 2901 poculum
933 2867 949 2894 ,
973 2825 1135 2900 quod
1155 2823 1394 2903 πήγασος
1419 2827 1835 2902 appellabatur.
1866 2830 2030 2902 Asty-

463 2913 656 2971 damas
705 2916 838 2975 Ath.
877 2934 976 2987 11,
1031 2934 1091 2991 p.
1131 2915 1272 2993 496,
1301 2919 1347 2973 Ε
1381 2933 1396 2975 :
1431 2912 1615 2997 ῥέοντα
1647 2917 1716 2991 (i.
1761 2936 1814 2977 e.
1867 2913 2028 2996 ῥυτὰ)

465 2999 670 3082 δώδεχ’,
691 2992 764 3061 ὧν
799 3001 868 3062 τὰ
912 3002 1007 3081 μὲν
1037 3002 1145 3063 δέκ’
1182 3005 1387 3085 ἀργυρᾶ
1414 3002 1424 3083 Ι
1452 2994 1516 3075 ἦν
1538 3049 1556 3077 ,
1607 3002 1702 3063 δύο
1735 3003 1790 3063 δὲ
1817 3012 2027 3085 χρυσᾶ,

462 3088 621 3171 γρὺψ,
638 3090 699 3151 τὸ
718 3093 764 3151 δ’
785 3090 960 3172 ἕτερον
982 3090 1240 3171 πήγασος.
1270 3094 1370 3171 (Ιιι
1389 3095 1502 3150 hoc
1528 3093 2033 3170 Bellerophontem

463 3178 734 3325 {liingere
760 3182 1038 3241 solebant.
1069 3180 1269 3260 Both.)
1297 3206 1322 3234 n
1351 3182 1404 3238 E
1420 3182 1508 3242 M.
1538 3186 1605 3243 V.
1640 3202 1702 3239 ιι
1739 3183 2035 3258 legebatur

481 3288 643 3346 ,εχου.

1171 3425 1310 3439 ψ

1139 3556 1350 3616 xcm.

1023 3742 1482 3811 EUDOXUS.

549 3920 936 3995 Apollodorus
961 3920 1118 3997 apud
1147 3923 1317 3999 Diog.
1341 3924 1527 3983 Laert.
1571 3923 1626 3995 8,
1655 3942 1733 3999 90
1770 3944 1784 3979 ι
1815 3920 2036 3992 Εὔδοξος

471 4006 823 4081 Σικελιώτης,
849 4008 974 4075 παῖς
1013 4008 1384 4087 Ἀγαθοκλέους
1403 4054 1420 4083 ,
1466 4010 1685 4083 ποιητὴς
1722 4011 2036 4093 κωμῳδίας,

477 4093 612 4162 νίκας
641 4094 772 4154 ἑλὼν
804 4095 1021 4164 ἀστικὰς
1049 4094 1143 4176 μὲν
1172 4099 1341 4179 τρεῖς,
1372 4100 1626 4172 ληναῑκὰς
1653 4101 1708 4159 δὲ
1738 4100 1913 4161 πέντε.
1953 4106 2038 4160 De
2110 4160 2122 4171 ,

473 4194 634 4242 aetate
652 4186 774 4258 ejus
801 4199 1040 4244 testatur
1062 4188 1264 4245 Pollux
1298 4211 1356 4261 7,
1385 4209 1520 4250 201.

967 4358 1015 4416 1.
1064 4359 1546 4419 ΝΑΥΚΛΗΡΟΣ.

557 4530 754 4587 Pollux
795 4550 854 4607 7,
896 4552 1006 4590 201
1047 4530 1148 4589 :rb
1177 4529 1230 4589 δὲ
1256 4529 1419 4608 ὄνομα
1463 4538 1616 4591 τοῦτο
1653 4534 1967 4613 (ψηφρπα
1990 4534 2036 4590 ί·

474 4641 507 4675 κ
524 4641 600 4689 τη
617 4618 674 4695 ς)
703 4616 877 4697 εἴρηκέ
915 4641 992 4689 τις
1015 4622 1117 4678 τῶν
1145 4617 1275 4679 νέων
1315 4626 1596 4699 κωμικῶν,
1629 4621 1847 4691 Εὔδοξος
1889 4624 2037 4683 Ναυ·

476 4704 654 4784 κλήρῳ
683 4704 930 4795 δρᾷματι.

1072 4876 1412 4935 TlBlClNAE.

474 4972 526 5013 a.
557 4960 718 5015 Potes
739 4962 953 5019 tacere?
989 4961 1044 5019 b.
1079 4964 1197 5032 lta,
1227 4970 1310 5031 ut,
1335 4964 1432 5036 qui
1459 4962 1640 5022 foedus

473 5043 720 5102 fecerunt
736 5084 753 5110 .
779 5046 1028 5116 (mulier,
1045 5053 1064 5115 )
1089 5048 1351 5107 clamasse
1377 5049 1677 5107 videantur.

1123 5138 1390 5193 EXOSA.

547 5219 848 5288 Myrtoi-um
871 5228 926 5277 et
949 5222 1126 5279 mellis
1153 5222 1346 5279 dicunt
1363 5222 1612 5279 encomia
1627 5264 1642 5289 ‚

1481 409 1714 468 ΝΟΜ]
1755 407 2165 470 coMOEmAE
2208 409 2609 486 nEuQmAE.

2526 541 2601 600 Π.
2648 537 3257 599 ΥΠΟΒΟΛΙΜΑΙΟΣ.

2192 677 2478 736 zenobius
2522 695 2571 748 ι,
2621 695 2669 746 1,
2700 673 3054 746 Ἀὅυδηνὸν
3099 670 3484 754 ἐπιφόρημα
3522 694 3535 727 :
3576 672 3653 728 ἐπὶ

2110 767 2213 823 τῶν
2240 763 2417 836 ἀηδῶν
2451 764 2701 821 τάττεται
2736 765 2771 832 ἡ
2795 759 3076 842 παροιμία·
3112 760 3379 838 μέμνηται
3421 758 3473 819 δὲ
3512 762 3653 829 αὐτῆς

2114 849 2335 920 Εὔδοξος
2362 852 2415 909 ἐν
2440 848 2868 928 Ὑποὸολιμαίφ.

2799 1102 3001 1161 XCIV.

2582 1255 3217 1326 PHOENICIDES.

2193 1395 2551 1454 Plaoem'ct'des
2567 1439 2583 1467 ,
2606 1395 2978 1470 Megarensis,
3019 1393 3312 1468 Dionysiis
3350 1393 3573 1448 urbanis
3596 1395 3660 1447 lu-

2114 1487 2248 1542 sisse
2295 1484 2596 1542 dicebatur
2650 1485 2922 1558 Antigoni
2986 1494 3041 1538 et
3091 1480 3300 1556 Pyrrhi
3346 1481 3556 1549 scedas,
3610 1495 3661 1536 ut

2116 1582 2245 1630 aetas
2266 1571 2385 1646 ejus
2415 1575 2562 1630 inter
2597 1575 2676 1630 ol.
2710 1571 2819 1627 125
2846 1582 2905 1628 et
2934 1569 3043 1627 130
3069 1569 3230 1646 (ante
3254 1571 3389 1628 Chr.
3420 1582 3539 1626 nat.
3562 1589 3661 1642 ²79

2117 1673 2174 1718 et
2201 1659 2345 1739 259)
2378 1661 2646 1738 ponenda
2668 1661 2759 1718 sit.
2780 1663 2848 1718 V.
2877 1659 3125 1733 Hesych.
3142 1657 3264 1732 jam
3294 1659 3593 1716 citandum.

2590 1798 2637 1856 1.
2684 1795 3196 1856 ΑΥΛΗΊῬΙΔΕΣ.

2118 1963 2126 1970 -
2198 1925 2510 2001 Hesychius
2530 1967 2548 1998 ,
2582 1920 2817 1982 Δύνασαι
2844 1929 3080 1995 suonam
3104 1923 3317 2001 πρῶτον
3344 1921 3475 2000 φασὶ
3500 1927 3663 1982 Φοινι-

2116 2013 2267 2086 κίδην
2312 2009 2597 2094 Μεγαρέα,
2650 2009 2884 2087 κωμικὸν
2946 2009 3170 2082 ποιητὴν
3210 2012 3274 2068 ’ἐν
3340 2009 3489 2070 ἄστει
3544 2009 3664 2066 3234-

2118 2127 2313 2164 σκοντα
2326 2147 2345 2176 ,
2385 2103 2701 2182 ἂποσκῶψαι
2742 2098 2839 2172 τὴν
2868 2097 3219 2176 σιωπωμένην
3239 2097 3521 2176 ὁμολογίαν
3554 2099 3661 2176 περὶ

2118 2197 2221 2252 τῶν
2252 2189 2538 2251 διαλύσεων
2567 2188 2859 2268 Ἀντιγόνου
2882 2187 2974 2248 καὶ
2994 2187 3207 2270 Πύρρου
3238 2187 3571 2267 βουλόμενον,
3596 2189 3661 2244 εἰ-

2118 2290 2235 2340 πεῖν
2259 2283 2311 2341 ἒν
2333 2281 2447 2348 ταῖς
2466 2275 2784 2357 Αὔλητρίσιν
2818 2278 2983 2346 οὕτως
3000 2321 3019 2355 ,
3192 2267 3201 2276 ’

2216 2435 2279 2480 α.
2316 2409 2574 2475 Δύνασαι
2612 2410 2889 2494 σιωπᾶν;
2928 2410 2994 2492 β.
3048 2397 3213 2472 flu-re
3240 2407 3383 2484 τοὺς
3418 2404 3526 2482 τὰς
3552 2398 3665 2470 δια-

3490 2513 3667 2587 λύσεις

2220 2619 2660 2712 συντιθεμένους
2688 2619 3067 2712 κεκραγέναι,
3094 2614 3307 2710 (γύναι
3324 2667 3346 2704 ,
3362 2623 3391 2712 )
3410 2608 3619 2684 δοκεῖν.

2124 2751 2297 2806 Versu
2322 2766 2355 2804 2
2392 2767 2572 2822 quum
2600 2766 2693 2804 res
2716 2749 2867 2804 inter
2904 2745 3173 2802 mulieres
3198 2756 3405 2821 agatur
3418 2789 3434 2820 ,
3461 2748 3661 2804 verosi-

2120 2838 2254 2894 mile
2288 2848 2371 2894 est
2396 2835 2549 2912 γύναι
2589 2837 2861 2894 excidisse
2888 2847 3021 2911 post
3042 2831 3231 2910 -γέναι,
3284 2861 3313 2886 «ι
3342 2835 3579 2904 Foedus,
3602 2833 3667 2888 ad
3740 2897 3742 2917 Ι

2124 2923 2285 2999 quod
2307 2925 2539 3001 respicit
2564 2935 2736 3000 pocta
2752 2966 2769 2995 ,
2792 2923 3023 2981 fortasse
3046 2923 3188 2981 dicit
3214 2922 3393 2995 illud,
3424 2942 3535 2998 quo
3550 2925 3669 2996 Pyr-

2124 3014 2287 3082 rhus,
2327 3033 2460 3069 cum
2499 3014 2790 3089 Antigono
2839 3006 3057 3069 Gonata
3086 3010 3449 3083 conjunctus,
3488 3021 3667 3086 postea

2124 3120 2159 3158 a
2206 3102 2542 3175 Lysimacho
2587 3103 2769 3156 victus
2817 3111 2901 3155 σοι
2950 3118 3053 3157 ιν.
3090 3098 3332 3155 Pausan.
3392 3118 3448 3169 ι,
3496 3118 3581 3171 ιο,
3618 3108 3667 3151 et

2130 3192 2411 3263 Droyseni
2435 3190 2577 3247 Hist.
2608 3188 2891 3245 Diadocb.
2922 3205 2979 3261 p.
3011 3186 3151 3241 626.
3196 3189 3246 3242 Α
3276 3186 3597 3243 tibicinibns
3618 3196 3667 3239 et

2126 3278 2375 3334 tibicinis
2412 3276 2735 3349 frequentes
2775 3274 3187 3333 comoediarum
3224 3276 3393 3331 tituli.
3422 3268 3669 3340 Ἀὖλητὴν

2126 3367 2470 3441 scripserunt
2504 3365 2825 3437 Philemon,
2871 3364 3167 3431 Anatim,
3212 3374 3271 3419 et
3303 3364 3633 3438 Antiphanes
3651 3401 3665 3427 ,

2128 3450 2433 3533 Αὖλητρίδα
2480 3451 2815 3523 Menander,
2872 3450 3197 3521 Diodorus,
3244 3440 3483 3507 et'idem
3522 3451 3666 3507 Anti-
3734 3434 3736 3454 '

2126 3543 2360 3616 phanes.
2390 3564 2414 3591 n
2446 3540 2499 3595 E
2515 3540 2604 3598 M.

2602 3658 2674 3719 Π.
2722 3658 3207 3719 ΜΙΣΟΥΜΕΝΗ.

2211 3774 2421 3832 Athen.
2454 3777 2549 3846 ι4,
2576 3790 2639 3847 p.
2666 3768 2781 3826 652
2798 3813 2816 3846 ,
2842 3773 2895 3827 D
2916 3811 2934 3841 ,
2966 3770 3039 3827 de
3058 3768 3285 3826 ficubus
3302 3771 3500 3828 Atticis
3519 3768 3667 3825 disse-

2128 3882 2258 3921 rens
2302 3881 2315 3916 :
2348 3856 2656 3927 Φοινικίδης
2698 3856 2748 3915 δ’
2774 3859 2829 3917 ἐν
2854 3856 3170 3939 Μισουμένῃ
3197 3857 3331 3938 φησὶ
3356 3856 3573 3937 Μύρτων
3598 3856 3664 3915 λε’·

2126 3976 2296 4033 γουσι,
2323 3950 2439 4010 κτλ.

2226 4067 2479 4159 Μύρτων
2500 4066 2741 4157 λέγουσι
2774 4060 2879 4128 καὶ
2912 4064 3156 4155 μέλιτος
3190 4067 3469 4156 ἐγκώμια
3486 4113 3504 4145 ,

2224 4172 2327 4241 καὶ
2353 4180 2474 4240 τῶν
2498 4166 2910 4262 προπυλαίων,
2942 4166 3053 4235 καὶ
3076 4172 3373 4261 τέταρτον
3393 4162 3659 4261 ἰσχάδων·

2226 4281 2459 4346 τούτων
2488 4274 2819 4370 ἐγευσάμην
2846 4276 3273 4351 καταπλεύσας
3302 4274 3505 4349 εὐθέως
3518 4320 3537 4356 ,

2226 4384 2333 4452 καὶ
2363 4392 2485 4449 τῶν
2500 4383 2911 4473 προπυλαίων·
2948 4372 3159 4447 κούδὲν
3184 4378 3260 4453 ἦν
3276 4382 3504 4446 τούτων
3532 4379 3657 4447 ὅλως

2132 4486 2171 4558 5
2226 4490 2367 4580 πρὸς
2396 4488 2713 4579 ἀτταγῆνα
2742 4478 3077 4577 συμὸαλεῖν
3094 4494 3220 4551 τῶν
3254 4482 3595 4575 βρωμάτων.
3720 4572 3722 4579 Ι

2130 4618 2407 4675 Dobraeus
2425 4614 2574 4673 Λᾶν.
2608 4631 2665 4684 2,
2696 4632 2755 4689 p.
2788 4614 2905 4689 349
2932 4632 2947 4672 :
2992 4639 3018 4662 κ
3050 4612 3297 4670 Ridetur
3322 4612 3545 4687 quidam
3574 4623 3653 4681 pe-

2130 4710 2386 4786 regrinus
2406 4748 2423 4777 ,
2486 4708 2587 4780 qui
2630 4700 2935 4783 προπύλαια
2976 4703 3231 4761 edulium
3276 4721 3396 4761 esse
3435 4711 3581 4777 putat
3636 4718 3652 4739 ·

2196 4886 2253 4935 et
2270 4872 2696 4950 propylaeorum,
2720 4880 2777 4929 et
2797 4878 2991 4945 quarto
3016 4869 3341 4946 caricarum.

2196 4968 2309 5022 Has
2338 4962 2547 5037 gustavi
2572 4962 2759 5019 statim
2786 4960 2895 5016 huc
2912 4958 3195 5033 appulsis,

2194 5062 2249 5111 et
2275 5050 2547 5127 propylaea
2568 5090 2583 5119 ‚
2612 5062 2947 5123 prorsusque
2963 5047 3147 5103 nullus
3170 5045 3367 5131 horum

2130 5146 2163 5197 5
2200 5140 2447 5197 ciborum
2468 5135 2703 5209 attageni
2724 5132 3128 5209 comparandus
3151 5130 3271 5189 fuit.
