3809 5850
1547 405 1957 466 CRATINUS.
3290 421 3359 470 19

115 553 284 616 poeta
307 582 323 608 ,
345 551 412 596 ut
439 539 603 615 apud
635 539 1064 614 Aristophanem
1095 541 1198 611 Rq.
1231 536 1300 605 54
1317 558 1366 606 ι,
1393 540 1524 595 Pac.
1561 537 1696 612 739,

113 630 358 702 aliisque
383 629 551 684 locis.
577 626 650 682 ld
669 628 822 682 enim
839 627 1130 700 perspexit
1145 626 1378 702 Bergk„
1397 645 1428 683 e
1441 627 1701 701 parabasi

115 719 364 792 petitum
388 733 514 772 mse
533 733 788 784 versum,
815 725 872 770 et
890 714 1122 789 gloriari
1139 724 1394 788 poetam,
1419 714 1580 786 quod
1605 733 1699 769 co·

117 806 346 860 moediis
371 806 490 860 suis
511 804 789 871 effecerit,
815 814 879 858 ut
903 803 1152 876 improbi
1179 803 1440 858 homines
1465 821 1702 858 munera

121 892 556 948 Atheniensium
587 890 813 964 populo
839 891 912 946 ab
935 890 1214 965 AEgyptiis
1235 890 1402 946 missa
1423 891 1704 948 interver-

119 993 240 1036 tere
281 979 563 1034 desistant
589 1002 644 1036 2.
697 979 748 1032 Ε
771 979 952 1034 Mein.
979 977 1384 1051 AEgyptiorum
1419 977 1703 1039 subdolo?-

121 1088 252 1124 rum
287 1063 571 1144 ξυμμαχία
600 1085 734 1120 cum
762 1065 1206 1122 Atheniensibus
1231 1063 1472 1121 ridicule
1508 1066 1703 1140 impu-

121 1169 276 1212 tatur
311 1155 550 1214 Carioni
585 1153 743 1229 apud
773 1153 1210 1228 Aristophanem
1240 1151 1413 1211 Pluto
1457 1173 1511 1212 v.
1562 1154 1706 1230 1783

117 1243 220 1300 sed
245 1243 490 1299 historia
517 1243 612 1298 illa
637 1241 881 1298 obscura
900 1251 1002 1301 est.

891 1361 948 1421 4.

203 1469 417 1526 Pollux
451 1487 541 1538 10,
568 1468 680 1524 160
703 1487 717 1524 ε
750 1463 975 1532 οἶκίσκος
1001 1463 1246 1544 ὀρνίθειος
1268 1465 1415 1542 παρὰ
1439 1463 1708 1546 Ἡροδότῳ

119 1555 216 1611 καὶ
245 1552 573 1634 Ἀρχιλόχῳ·
596 1551 690 1610 καὶ
712 1549 876 1610 καλιὰ
902 1549 978 1625 δὲ,
1004 1551 1098 1610 καὶ
1116 1551 1296 1620 καλιὸς
1322 1555 1351 1609 ὁ
1389 1557 1613 1619 τοιοῦτος
1633 1554 1708 1610 οἰ-

119 1643 335 1714 xime,
358 1644 432 1707 ὣς
463 1643 569 1720 Κρ.
597 1643 708 1719 Op.

221 1753 304 1836 Ἐς
341 1758 452 1824 τὸν
485 1757 738 1843 καλιὸν,
771 1755 844 1831 ἢν
883 1759 1066 1850 τύχῃ,
1103 1757 1537 1850 καθείργνυται.

117 1889 286 1944 Libri
333 1883 716 1964 καθίργνυται,
743 1905 894 1941 unus
923 1883 1262 1963 καθῆργυται.
1305 1887 1554 1944 Atticam
1584 1885 1707 1940 sor-

119 1995 280 2032 mam
309 1977 559 2032 servavit
595 1973 844 2048 Hesych.
877 1970 1262 2050 Καθείργνυται
1300 1989 1316 2031 :
1351 1969 1704 2048 συγκλείεται.

121 2065 286 2120 Idem
339 2063 590 2136 Hesycb.
627 2058 828 2126 Καλιός
869 2080 893 2118 ε
945 2057 1301 2138 δεσμωτήριον
1325 2101 1344 2136 ,
1394 2059 1483 2117 καὶ
1532 2058 1713 2133 ξύλον,

117 2143 166 2230 ᾧ
195 2151 428 2210 ἐδέοντο·
449 2147 546 2206 καὶ
571 2149 620 2207 οἱ
646 2147 826 2228 μικροὶ
850 2138 984 2206 οἶκοι
1005 2145 1180 2206 καλιοὶ
1207 2144 1301 2205 καὶ
1325 2145 1560 2206 καλίδια.

897 2262 956 2322 5.-

203 2379 370 2436 hlem
401 2397 494 2450 10,
518 2377 643 2448 67:
673 2373 980 2455 προσθετέον
1003 2375 1058 2434 δὲ
1079 2372 1173 2442 τὰς
1200 2378 1254 2434 ἐν
1275 2373 1542 2482 Θρᾶτταις
1566 2377 1712 2454 Κρα·

115 2467 182 2522 τί
177 2488 320 2522 ου·
293 2421 688 2530 αἰπελίκας
663 2489 722 2540 ι,
761 2461 798 2533 ἢ
826 2462 1042 2529 κύλικας
1066 2461 1104 2534 ἢ
1141 2463 1420 2542 προχοίδια
1461 2453 1594 2522 εἶναι
1631 2465 1715 2522 δο-

117 2577 180 2611 κο
183 2552 336 2618 ύσας.
367 2553 549 2610 Bekk.
574 2571 644 2610 ex
671 2553 834 2608 libris
851 2550 1094 2630 πελίχας.
1124 2554 1332 2612 Athen.
1372 2573 1464 2622 11,
1489 2572 1552 2628 p.
1581 2552 1716 2628 1095,

121 2651 218 2698 A·
203 2685 218 2698 .
249 2638 500 2700 Πελίκαι·
545 2637 946 2717 Καλλίστρατος
989 2641 1047 2697 ἐν
1069 2637 1412 2715 ὑπομνήματι
1451 2640 1711 2717 Θρᾳττῶν
1765 2665 1770 2670 ·

125 2733 168 2786 Ι(
181 2727 394 2806 ρατίνου
417 2727 706 2787 ἀποδίδωσι
733 2725 925 2786 κύλικα
950 2725 1204 2805 (κύλικας
1229 2724 1270 2803 ).

895 2841 953 2897 6.

211 2960 540 3015 Priscianus
563 2958 667 3013 lib.
711 2958 806 3025 18,
835 2976 896 3033 p.
942 2954 1058 3021 296
1097 2958 1206 3012 Kr.
1239 2977 1251 3010 :
1302 2982 1326 3005 κ
1365 2952 1710 3025 ἓπιστατήσει

125 3048 278 3121 ὓμῶν
297 3044 392 3102 καὶ
419 3044 566 3119 ὑμῖν.
597 3042 1014 3119 Θεόπομπος....
1043 3044 1145 3122 Κρ.
1167 3043 1269 3121 Θρ.
1298 3044 1413 3122 (ita
1445 3045 1709 3112 Putsch.;

127 3131 606 3209 ΛὶἆιιεἚρέταις.)
625 3129 768 3201 Τὴν
789 3130 1036 3210 πέρυσι
1067 3128 1322 3205 βουλὴν
1352 3128 1716 3208 ἐφεστώς.»

129 3223 298 3277 Malit
337 3221 519 3276 Mein.
559 3222 652 3289 τῆς
679 3240 743 3276 π.
791 3218 1001 3297 βουλῆς.
1040 3218 1280 3275 Poterat
1324 3219 1495 3275 etiam
1539 3220 1604 3296 τῇ
1649 3239 1713 3277 π.

129 3306 300 3383 βουλῇ
315 3352 336 3383 ,
359 3309 404 3363 si
439 3320 660 3364 certum
684 3318 848 3375 esset,
883 3310 1234 3364 Priscianum
1256 3308 1484 3363 nonnisi
1506 3310 1718 3363 horum

127 3414 370 3451 casuum
393 3414 526 3451 eum
543 3396 726 3451 verbo
751 3390 1024 3473 ἐφιστάναι
1045 3406 1504 3451 constructorum
1525 3414 1718 3471 exem-—

125 3486 234 3558 pla
259 3483 526 3556 proferre
545 3484 822 3553 voluisse3
845 3502 1002 3540 nunc
1023 3486 1192 3540 etiam
1222 3485 1527 3539 accusativi
1553 3504 1718 3539 usum

127 3577 188 3629 in
211 3574 330 3630 hoc
353 3573 559 3643 verbe,
587 3574 824 3629 minime
861 3574 1200 3631 insolentem
1237 3574 1420 3643 illum,
1446 3574 1712 3631 ostendit.

904 3706 958 3758 7.

207 3800 608 3857 Antiattieista
643 3818 708 3874 p.
749 3807 883 3871 ¹011,
938 3800 1035 3873 18,
1079 3798 1570 3865 Κακόδουλοςε
1610 3801 1712 3879 Κρ.

127 3887 312 3967 Θρακί
343 3888 470 3963 (sie
493 3888 535 3962 ).
580 3888 788 3943 Pollux
813 3886 870 3957 3,
897 3886 1022 3945 80:
1053 3884 1292 3953 εὔδουλος
1318 3889 1348 3943 ὁ
1374 3876 1432 3945 ευ
1460 3894 1564 3955 τοῖς
1603 3886 1720 3945 δού-

129 3978 238 4041 λοις
259 3996 542 4053 χρωιιενος
565 3971 716 4051 παρᾶ
745 3972 1078 4053 Φερεκράτει
1107 3974 1198 4032 καὶ
1225 3976 1405 4051 (fort.
1450 3973 1589 4031 κατὰ
1614 3973 1630 4053 )
1661 3974 1718 4032 τὸ

133 4062 314 4141 δρᾶμα
349 4059 862 4127 Δουλοδιδάσκαλος.
891 4058 1040 4139 παρὰ
1077 4060 1324 4140 Κρατίνῳ
1349 4060 1406 4119 δὲ
1447 4064 1475 4119 ὁ
1515 4060 1718 4120 κακό-

137 4150 366 4215 δουλος
393 4148 628 4229 εἴρηται.
666 4152 847 4207 Recte
886 4152 1061 4208 Mein.
1099 4147 1414 4206 κακόδουλον
1453 4151 1718 4225 intelligit

141 4240 436 4295 hominem
471 4239 626 4293 male
654 4248 908 4294 utentem
937 4240 1134 4307 servis,
1172 4258 1294 4295 non
1321 4236 1484 4296 κακὸν
1513 4238 1716 4297 δοῖἵλον.

904 4334 958 4389 8.

219 4450 570 4521 Harpocrat.
606 4450 747 4504 Lex.
780 4448 927 4505 rhet.
952 4466 1014 4522 p.
1044 4448 1142 4523 34,
1170 4467 1243 4504 αα
1275 4450 1518 4507 Bckker.
1551 4469 1566 4505 τ
1601 4448 1715 4527 Ἀρ·

141 4556 274 4590 xus·
291 4530 364 4610 ρό
373 4556 458 4597 ς...
487 4534 518 4589 ὁ
547 4530 640 4599 τὰς
667 4532 848 4609 ἄρκυς,
885 4534 1122 4593 τουτέστι
1159 4534 1228 4592 τὰ
1251 4534 1396 4607 λίνα,
1423 4536 1717 4614 φυλάττων·

141 4620 300 4697 άρκυς
325 4618 384 4679 δὲ
411 4618 652 4696 λέγονται
673 4619 848 4679 πάντα
868 4618 938 4679 τὰ
961 4620 1276 4697 κυνηγετικὰ
1303 4623 1446 4685 λίνα.
1471 4624 1719 4705 Ξενοφῶν

145 4708 496 4785 Κυνηγετικῷ
524 4707 542 4783 (
567 4726 628 4779 2,
663 4708 904 4787 5;6‚5)
929 4750 948 4779 ‚
975 4711 1082 4787 Kp.
1111 4710 1219 4789 Θρ.

909 4938 962 4987 4.

153 5016 212 5068 ln
233 5028 448 5073 caveam
463 5058 482 5084 ‚
512 5017 560 5073 si
589 5014 702 5073 sors
725 5016 872 5085 tulit,
901 5018 1217 5075 includitur.

910 5110 962 5159 6.
1023 5106 1179 5173 [dens
1206 5108 1334 5173 (vel
1363 5108 1718 5183 impediens).

1881 650 2108 706 Photius
2136 652 2276 707 LeX.
2322 671 2381 726 p.
2426 649 2555 726 ι83,
2596 672 2619 706 1
2658 673 2669 706 :
2724 649 3078 723 Κύὸηὸονε
3112 655 3216 730 Κρ.
3250 655 3354 732 Θρ.

1791 734 1879 795 τὸν
1901 735 2217 816 θεόφραστον
2234 782 2249 809 ,
2276 733 2455 804 Ἴωνες
2480 737 2533 796 δὲ
2558 738 2929 818 μητραγύρτην
2948 741 3037 798 καὶ
3059 740 3253 818 γάλλον
3279 747 3367 799 νῦν

1793 821 2134 898 καλούμενον.
2169 824 2304 882 οὕτω
2328 825 2645 901 Σιμωνίδης.
2674 827 2789 884 Pro
2811 826 3123 908 θεόφραστον
3152 831 3369 904 primus

1793 913 2099 969 Ruhnken.
2124 914 2201 970 ad
2216 915 2365 972 Tim.
2400 935 2463 989 p.
2504 935 2565 972 11
2595 918 2790 990 posuit
2810 914 3140 994 θεοφόρητον,
3170 937 3369 974 vocem

1793 1020 1913 1056 non
1928 1004 2319 1072 necessariam,
2342 1022 2520 1077 quum
2543 1001 2891 1082 θρεόφραστος
2912 1015 3076 1062 sonet
3099 1024 3251 1075 eum,
3269 1009 3369 1082 qui

1796 1090 1891 1147 dei
1920 1091 2175 1163 alloquio
2204 1091 2445 1161 fruitur3
2476 1093 2683 1149 similia
2717 1089 2979 1170 ἄφραστος
2998 1133 3016 1162 ,
3048 1090 3369 1171 εὕφραστος,

1795 1179 2093 1254 ipsumque
2112 1173 2427 1257 θεόφραστος
2448 1199 2555 1236 usu
2576 1181 2821 1236 nominis
2838 1183 3063 1256 proprii
3084 1181 3367 1242 firmatur.

1797 1268 1959 1322 Idem
1984 1267 2216 1322 Photius
2237 1268 2319 1322 ib.
2342 1285 2404 1340 p.
2438 1266 2569 1338 182,
2604 1287 2625 1322 1
2640 1287 2717 1341 9,
2764 1265 3052 1338 Κυὸηὸοςτ
3088 1269 3119 1324 ὃ
3148 1267 3373 1346 κατεχό-

1798 1374 1947 1428 μενος
1969 1355 2035 1430 τῇ
2058 1351 2219 1430 μητρὶ
2240 1355 2345 1410 τῶν
2368 1355 2520 1424 θεων,
2544 1365 2655 1412 etc.
2682 1355 2767 1412 Cf.
2793 1355 3025 1464 Gesneri
3045 1357 3209 1416 Thes.
3236 1357 3275 1417 1.
3299 1358 3367 1413 L.

1797 1460 1853 1498 v.
1878 1441 2111 1514 Cybebe
2130 1453 2187 1499 et
2206 1441 2439 1514 Cybele.

2542 1540 2631 1577 ιο.

1886 1633 2046 1688 Idem
2070 1633 2151 1692 ih.
2179 1652 2242 1708 p.
2274 1633 2403 1700 326,
2450 1653 2543 1710 19,
2570 1630 3001 1692 Ὀκτώπουν;
3035 1634 3135 1711 Κρ.
3162 1634 3267 1711 Θρ.

1897 1743 2235 1816 ὀκτώπουν
2264 1747 2620 1840 ἀνεγείρεις,

1808 1874 1925 1932 ἀντὶ
1952 1879 2043 1932 τοῦ
2090 1873 2358 1954 σκορπίον.
2407 1873 2665 1954 παροιμία
2706 1873 2809 1953 γὰρ
2854 1873 3117 1954 Σκορπίον
3158 1875 3371 1954 [ὀκτώ-

1803 1963 1980 2041 πουν]
2038 1962 2333 2042 ἀνεγείρεις.
2380 1966 2560 2020 Recte
2604 1965 2780 2021 Mein.
2832 1965 3057 2020 seclusit
3100 1965 3377 2040 glossema

1803 2049 2075 2110 ὄκτώπουν
2093 2097 2107 2122 ,
2126 2053 2287 2127 quod
2306 2053 2381 2129 τῷ
2412 2048 2647 2130 σκορπίῳ
2666 2052 2956 2107 substituit
2971 2063 3168 2127 poeta,
3186 2071 3377 2128 quem·

1801 2139 2117 2196 admodum
2148 2153 2205 2197 et
2248 2159 2519 2196 cancrum
2562 2137 2859 2206 ὀκταπόδην
2902 2139 3046 2196 dixit
3088 2141 3374 2197 Nicander

1802 2229 1969 2285 Tber.
1996 2227 2133 2285 605.
2160 2229 2371 2285 Eadem
2389 2227 2589 2284 Suidas
2606 2238 2662 2283 et
2682 2228 2885 2283 omisso
2908 2229 3123 2284 Cratini
3144 2231 3376 2284 nomine

1803 2319 2004 2372 similia
2032 2319 2275 2392 Diogen.
2308 2317 2367 2386 8,
2391 2315 2450 2385 8,
2480 2328 2533 2372 et
2554 2317 2801 2389 Hesych.

2548 2448 2640 2487 ιι.

1886 2526 2132 2596 Hesych.
2165 2522 2589 2602 ᾈπὲφρησαν
2621 2545 2635 2580 :
2668 2524 2895 2601 ἀφῆκαν.
2935 2526 3036 2603 Κρ.
3072 2527 3175 2604 Θρ.

2553 2657 2645 2697 12.

1886 2733 2047 2789 Idem
2069 2731 2403 2810 Δίλογχον
2436 2755 2449 2788 :
2479 2730 2575 2802 τὴν
2598 2733 2780 2792 Βενδῒν
2808 2735 3016 2810 (vulgo
3046 2733 3251 2806 Βὲνδιν,
3280 2738 3379 2792 sed

1805 2839 1862 2878 v.
1918 2821 2425 2896 grammaticorum
2467 2823 2823 2894 testimonia,
2869 2824 3049 2888 Βενδῖς
3094 2835 3151 2880 et
3196 2823 3376 2882 Βενδῑν

1805 2911 2207 2986 probantium,
2283 2909 2440 2987 apud
2501 2911 2797 2987 Goettling.
2876 2913 3079 2971 Doctr.
3151 2923 3371 2970 aecent.

1806 3019 1870 3075 p.
1898 2998 2048 3075 275)
2077 2996 2214 3056 οὕτω
2244 3000 2345 3077 Κρ.
2374 2998 2427 3055 ἐν
2452 2998 2563 3077 Θρ.
2591 2996 2869 3068 ἐκάλεσεν,
2899 2996 3043 3070 ἤτοι,
3067 2996 3147 3056 ὅτι
3178 2997 3269 3057 δύο
3302 3021 3380 3056 τι-

1809 3084 1912 3160 μὰς
1932 3083 2299 3163 ἐκληρώσατο,
2325 3082 2566 3164 οὐρανίαν
2590 3108 2647 3143 τε
2665 3085 2756 3145 καὶ
2780 3085 2992 3164 χθονίαν
3021 3087 3041 3163 (
3063 3084 3258 3165 λόγχας
3276 3085 3377 3191 γὰρ

1791 3172 2029 3247 ,ἐκάλουν
2060 3170 2179 3238 τους
2207 3172 2487 3251 κληρους)·
2531 3174 2578 3230 οἱ
2608 3172 2691 3245 δὲ,
2732 3172 2811 3231 ὅτι
2840 3172 2929 3232 δύο
2952 3175 3103 3253 φῶτα
3142 3172 3291 3253 ἔχει,
3320 3196 3381 3231 το

1806 3258 1935 3319 ἴδιον
1959 3281 2051 3316 και
2068 3282 2129 3317 το
2155 3264 2249 3318 τοῦ
2275 3258 2446 3331 ἡλίου.
2471 3256 2567 3329 τὴν
2588 3260 2689 3340 γὰρ
2719 3260 2940 3331 σελήνην
2968 3262 3123 3321 Βενδ”
3102 3284 3147 3319 ν
3169 3263 3380 3339 (vulgo

1809 3346 2029 3421 Βένδιν)
2057 3344 2147 3403 καὶ
2168 3342 2416 3427 Ἄρτεμιν
2439 3345 2785 3421 νομίζουσι.«
2811 3352 2897 3405 De
2920 3350 3103 3405 Bendi
3123 3350 3381 3423 quaedam

1808 3436 1954 3493 dixit
1976 3436 2228 3491 Lobeck.
2252 3432 2539 3510 Aglaoph.
2572 3455 2632 3510 p.
2661 3456 2683 3490 1
2698 3454 2729 3491 2
2744 3444 2835 3506 14,
2867 3438 3156 3511 copiosius
3174 3438 3377 3513 Bergk.

1807 3524 2119 3580 Comment.
2150 3540 2210 3597 p.
2239 3520 2312 3591 76
2340 3538 2498 3594 seqq.
2536 3546 2560 3570 υ
2596 3522 2686 3575 M.

2550 3615 2643 3674 13.

1888 3714 2132 3789 Hesych.
2164 3712 2251 3771 Συ
2265 3702 2546 3790 ρὸη-νεύς
2572 3732 2586 3768 :
2626 3713 2729 3789 Kp.
2756 3711 2809 3767 ἐν
2836 3713 2945 3791 Op.
2992 3709 3108 3781 ἤτοι
3146 3710 3378 3783 αὐλητὴς

1811 3802 1828 3879 (
1852 3799 2019 3879 σῦρὸη
2044 3797 2147 3878 γὰρ
2166 3802 2201 3871 ἡ
2225 3796 2491 3869 αὖλοθῆκη
2510 3798 2527 3875 )
2546 3840 2564 3871 ,
2584 3797 2621 3869 ἦ
2641 3798 2973 3879 ταραχώδης.
2996 3800 3091 3857 Ad
3108 3801 3378 3857 tibiarum

1807 3892 2104 3964 strepitum
2152 3890 2213 3944 in
2262 3887 2597 3957 Bendideis,
2646 3906 2841 3945 mense
2880 3890 2913 3943 J
2918 3889 3055 3943 unio
3102 3889 3381 3945 celebrari

1806 3979 1985 4033 solitis
1998 3976 2158 4051 apud
2177 3976 2564 4045 Atheniensesi,
2594 3976 2770 4032 trahit
2785 3976 2991 4051 Bergk.
3018 3998 3043 4026 «ι
3068 3976 3282 4032 Notum
3300 3987 3383 4033 est

1807 4066 2176 4141 proverbium
2208 4060 2525 4139 Συρὸηνέων
2542 4060 2699 4143 χορὸς
2717 4105 2736 4139 ,
2764 4066 3219 4119 tumultuante‘um
3247 4064 3382 4119 cho—

1807 4174 1921 4223 rus,
1956 4155 2026 4210 de
2054 4172 2170 4228 quo
2200 4153 2434 4211 Casaub.
2465 4154 2541 4211 ad
2570 4154 2777 4210 Athen.
2813 4153 2901 4223 15,
2926 4173 2989 4229 Ρ.
3012 4154 3149 4229 697,
3172 4156 3239 4210 E.
3267 4156 3379 4210 Zc-

1806 4241 1949 4299 nob.
1980 4239 2040 4314 6,
2077 4259 2129 4311 1,
2162 4234 2425 4315 συρὸήνης
2464 4240 2608 4315 (leg.
2654 4235 2975 4316 συρὸηνεὺς)
3006 4238 3161 4315 χορός
3191 4258 3207 4295 :
3246 4236 3377 4308 αὕτη

1808 4327 1964 4402 (scil.
1996 4329 2031 4397 ἡ
2062 4324 2358 4402 παροιμία)
2399 4322 2647 4383 τέτακται
2679 4324 2815 4383 κατὰ
2848 4326 2951 4383 τῶν
2996 4326 3239 4383 ἀτάκτων
3274 4346 3376 4404 χο-

1810 4416 1929 4493 ρῶν,
1952 4440 1976 4465 υ
2006 4425 2119 4473 etc.
2146 4416 2198 4470 Ε
2219 4416 2397 4471 Mein.
2422 4414 2603 4469 Simili
2623 4415 2860 4471 notione
2886 4414 3153 4471 Germani
3176 4434 3281 4490 per
3292 4414 3315 4486 j
3324 4434 3381 4469 ο·

1807 4524 1937 4561 eum
1970 4505 2167 4561 dicunt
2193 4509 2317 4559 eine
2334 4504 2725 4561 ladem-clude.

2454 4638 2461 4645 ·
2550 4637 2572 4671 1
2628 4658 2641 4671 .

1885 4714 2077 4770 Schol.
2122 4714 2414 4789 Aristoph.
2456 4624 2672 4787 Ves1lih.
2718 4710 2833 4788 590
2871 4734 2885 4766 ε
2922 4710 3157 4779 Εὔαθλος
3204 4711 3378 4791 ῥήτωρ

2546 4938 2632 4989 10.

1810 5021 2125 5093 octipedem
2156 5024 2234 5088 (ί.
2265 5036 2314 5076 e.
2342 5022 2722 5093 scorpionem)
2752 5021 2969 5077 excitas,

2554 5114 2641 5165 12.

159 5186 440 5245 Pristinum
489 5196 510 5255 (
531 5190 622 5247 rel
643 5191 942 5263 superioris
971 5194 1099 5248 anni
1127 5198 1144 5259 )
1193 5195 1485 5251 consilium
1529 5213 1720 5269 expcn·
1815 5197 2025 5269 Duplici
2053 5206 2195 5254 sorte
2214 5196 2373 5252 deam
2400 5200 2471 5261 (ι’.
2500 5212 2549 5250 e.
2578 5194 2791 5251 Bendin
2812 5199 2853 5257 ).
