3809 5850
602 566 690 641 τῷ
720 560 1203 638 κατακωλύοντι,
1239 553 1345 620 καὶ
1375 554 1534 631 εὐθὺς
1567 552 1724 635 ἔλεξ’
1766 556 2017 645 ἐλεγεῖα·

607 694 641 727 α
677 656 931 736 Μηδένα
978 661 1124 753 μήτ’
1180 662 1439 727 ἀέκοντα
1489 662 1687 752 μένειν
1736 661 2023 751 κατέρυκε

1684 761 1819 858 παρ’
1854 770 2024 857 ἡμῖν,

612 878 753 968 μηθ’
804 865 1036 939 εὕδοντ’
1086 875 1392 966 ἐπέγειρε,
1448 863 1757 963 Σιμωνίδη
1816 864 1895 935 »ἔ
1959 874 2024 935 οὐ

1573 977 1683 1072 γὰρ
1714 976 1810 1043 ἐπ’
1849 977 2026 1055 οἴνοις

472 1109 555 1155 10
604 1084 836 1153 τοιαυτὶ
860 1087 1146 1177 λέγομεν,
1174 1077 1583 1162 δειπνίζοντες
1608 1083 1783 1174 φίλον
1808 1076 2027 1177 ἄνδρας

462 1210 589 1273 Ἔτι
610 1208 665 1269 δὲ
692 1215 859 1269 ταῦτα
878 1209 1245 1290 προστίθεμεν,

542 1324 697 1396 Μηδὲ
727 1322 1029 1392 πολυξείνου
1052 1322 1227 1388 δαιτὸς
1255 1320 1613 1401 δυσπέμφελον
1636 1310 1768 1379 εἶναι

544 1415 604 1471 ἐκ
632 1416 833 1470 κοινοῦ·
862 1410 1085 1483 πλείστη
1116 1408 1171 1468 δὲ
1202 1410 1384 1490 χάρις,
1416 1408 1625 1479 δαπάνη
1654 1406 1699 1466 δ’
1726 1406 1985 1485 ὀλιγίστη.

462 1530 637 1583 Versu
674 1534 705 1593 4
738 1526 1051 1602 depravata
1085 1536 1219 1581 sunt
1244 1526 1430 1600 prima
1474 1523 1685 1599 verba,
1714 1540 1819 1578 nec
1847 1521 2032 1577 feren-

462 1616 597 1673 dum
627 1602 737 1674 εἶτα
757 1657 774 1688 ,
800 1634 978 1691 quum
1002 1616 1197 1671 statim
1212 1625 1486 1689 sequatur
1512 1566 1687 1691 κᾷτα,
1710 1612 1822 1677 πὼς
1842 1621 2032 1667 autem

464 1716 523 1760 et
550 1706 747 1760 inutile
770 1716 871 1775 est,
894 1714 953 1760 et
970 1701 1295 1782 κακόφωνον.
1318 1703 1641 1759 scribamus
1664 1696 1789 1755 οὔτ’
1825 1700 1904 1771 ἀγ
1921 1721 2036 1762 νως

464 1790 619 1849 ποσὶ
643 1788 785 1849 τοῦθ
812 1790 1104 1861 ὑποδεῖται.
1128 1791 1363 1846 Calceos
1383 1791 1479 1845 ille
1496 1789 1682 1843 induit
1700 1829 1717 1862 ,
1739 1788 2031 1843 abiturus:

465 1881 785 1937 discalceati
816 1881 968 1935 enim
1004 1879 1225 1935 veteres
1264 1877 1681 1935 accumbebant
1717 1875 1792 1931 ad
1830 1876 2030 1932 convi-

464 1968 722 2024 vandum
768 1984 785 2024 τ
820 1986 877 2025 v.
921 1964 1239 2041 Schweigh.
1294 1964 1368 2020 ad
1402 1965 1465 2021 h.
1512 1964 1580 2039 1.‚
1624 1961 1924 2018 Heindorf.
1963 1961 2037 2017 ad

469 2058 673 2111 Horat.
720 2056 838 2112 Sat.
890 2072 949 2123 α,
982 2052 1043 2122 8,
1088 2072 1187 2124 77.
1224 2051 1421 2122 Τοῦτο,
1462 2062 1793 2125 propterea,
1822 2054 1930 2115 sic,
1976 2059 2042 2103 ut

466 2147 569 2203 Ar.
584 2146 731 2203 Ran.
761 2141 901 2215 659,
929 2153 1040 2198 etc.
1066 2143 1130 2196 V.
1152 2138 1211 2200 5.
1248 2164 1273 2189 κ
1300 2131 1444 2208 Ἤδη
1470 2136 1563 2208 σύ,
1584 2140 1719 2193 lam
1740 2139 1840 2193 tu?
1859 2136 2033 2193 intell.

466 2232 605 2289 abis.
637 2233 702 2287 V.
728 2230 765 2285 6
792 2234 840 2286 A
860 2232 904 2285 Β
944 2230 988 2284 Ρ
1013 2228 1185 2286 codd.
1212 2222 1404 2297 αὐτὸν,
1444 2229 1509 2285 V.
1554 2228 1623 2287 L.
1660 2220 1908 2282 ὑπολύσει
1947 2222 2039 2279 αὖ·

467 2316 579 2379 τόν.
608 2320 861 2374 Muretus
877 2321 946 2376 V.
978 2320 1048 2376 L.
1080 2334 1181 2391 19,
1207 2316 1263 2386 3,
1283 2316 1495 2389 aliique
1514 2355 1531 2382 ,
1562 2312 1661 2389 οὐχ
1688 2313 1779 2371 ὑπ.
1808 2309 2036 2382 caux-6113

470 2409 533 2463 V.
558 2405 617 2481 8,
640 2424 700 2479 9,
724 2417 855 2461 sunt
876 2404 1223 2479 Theognidis
1244 2403 1375 2474 467,
1403 2403 1535 2475 469.
1558 2398 1681 2459 Ἐπ’
1700 2396 1873 2463 οἴνοις.
1914 2400 2038 2454 Usi·

474 2495 684 2549 tutiora
706 2504 839 2549 sunt
858 2493 910 2549 ἐν
939 2488 1091 2556 οἴνοις
1108 2534 1125 2563 ,
1162 2490 1215 2547 ἐν
1240 2488 1381 2568 οἴνῳ.
1416 2488 1584 2545 Plato
1602 2490 1776 2563 chg.
1806 2507 1866 2562 p.
1896 2488 1970 2551 64
1991 2506 2038 2557 ι,

470 2584 542 2651 C,
564 2578 661 2649 τὴν
691 2581 744 2638 ἐν
768 2586 875 2645 τοῖς
900 2576 1055 2645 οἴνοις
1075 2576 1369 2657 διατριὸήν.
1397 2577 1549 2636 ΡΙιιι.
1574 2577 1778 2633 Moral.
1802 2595 1863 2651 p.
1904 2574 2036 2645 148,

470 2674 552 2737 Α,
576 2668 628 2725 ἓν
657 2666 781 2745 οἴνῳ
805 2664 1109 2744 γενομένης.
1144 2668 1349 2723 Athen.
1381 2665 1434 2734 5,
1464 2684 1520 2739 p.
1552 2666 1684 2737 188,
1718 2664 1788 2739 C,
1823 2664 1875 2719 ἐν
1915 2660 2036 2740 οἴνῳ

470 2753 646 2826 ὄντες,
676 2768 787 2813 etc.
819 2756 986 2815 Conf.
1014 2756 1213 2811 Valck.
1251 2755 1325 2810 ad
1354 2754 1568 2811 Callim.
1608 2753 1759 2827 Eleg.
1787 2770 1851 2826 p.
1884 2749 1976 2809 15.
2009 2774 2032 2801 υ

478 2846 527 2897 Ε
564 2848 651 2899 Μ.
708 2840 966 2912 Μηδὲ-
996 2841 1233 2917 ὀλιγίστη
1282 2852 1416 2897 sunt
1460 2860 1654 2896 versus
1694 2858 1761 2895 ex
1808 2837 2042 2895 Hesiodi

470 2933 757 3007 Operibus
786 2952 902 3000 720
928 2943 985 2988 et
1014 2951 1120 3003 721
1144 2972 1161 3001 ,
1188 2949 1336 3004 quos
1366 2931 1513 2986 male
1540 2929 1839 2988 reddunt«
1870 2931 1999 2985 Ne
1983 2948 2044 2984 ιιι

470 3022 763 3094 convivio,
792 3020 951 3098 quod
974 3021 1139 3076 multi
1166 3020 1339 3076 amici
1370 3021 1686 3088 instruunt,
1718 3019 1795 3076 sis
1839 3035 2042 3073 moro-

472 3128 563 3164 sus
590 3110 661 3165 de
686 3110 997 3183 symbolis:
1032 3126 1279 3182 »neque
1300 3108 1450 3164 enim
1472 3108 1567 3162 hic
1588 3110 1775 3182 agitur
1804 3105 1875 3161 dc
1892 3122 2044 3182 sym-

470 3195 655 3266 bolis,
688 3195 790 3252 sed
822 3196 896 3251 de
945 3197 1214 3250 convivio
1299 3195 1460 3270 quod
1497 3195 1658 3252 dives
1710 3195 1915 3270 aliquis
1953 3197 2042 3250 in·

470 3285 707 3352 struxit,
748 3285 941 3338 multis
998 3284 1247 3339 invitatis
1291 3295 1393 3340 aut
1439 3283 1643 3338 oblatis
1678 3283 2038 3358 hospitibus,

470 3371 677 3443 quibus
720 3381 908 3426 tamen
951 3373 1049 3458 ille
1086 3389 1156 3428 ex
1194 3389 1361 3445 aequo
1408 3390 1474 3426 ac
1526 3371 1766 3428 liberali
1782 3373 1909 3428 viro
1951 3373 2042 3447 (ἐκ

468 3477 670 3528 κοινου,
718 3477 788 3513 ex
825 3477 931 3528 eu,
964 3459 1065 3531 qui
1102 3460 1235 3514 vitae
1265 3460 1581 3514 communis
1616 3477 1733 3514 non
1764 3471 1847 3514 est
1874 3461 2037 3535 igna-

468 3565 594 3616 rus,
627 3547 843 3617 civilis,
885 3547 1159 3616 affabilis3
1204 3547 1275 3604 cs.
1312 3550 1492 3607 Thuc.
1536 3547 1592 3617 3,
1650 3547 1747 3606 53.
1810 3551 1854 3603 F
1860 3561 2032 3605 mest

465 3635 622 3694 clav,
650 3636 767 3694 Cic.
784 3655 842 3694 V.
871 3634 1217 3711 Communis)
1240 3636 1429 3692 subito
1450 3653 1712 3690 morosus
1734 3634 1914 3693 factus
1931 3649 2034 3708 est,

466 3733 529 3775 ιιι
562 3724 687 3791 alii,
721 3741 868 3796 quos
908 3725 1140 3797 castigat
1175 3723 1241 3780 h.
1284 3725 1321 3779 l.
1362 3723 1678 3781 Athenaeus.
1706 3724 2037 3798 Xenophon

468 3811 690 3868 llcllen.
738 3830 791 3878 ι,
830 3828 881 3880 1,
926 3810 1030 3879 3ο,
1060 3809 1365 3882 conjunxit
1402 3806 1728 3884 ἐπιμέλειαν,
1761 3809 1852 3868 καὶ
1895 3833 2024 3888 προ-

465 3892 674 3969 θυμίαν,
718 3893 809 3952 καὶ
840 3893 1138 3965 κοινότητα.
1174 3897 1339 3952 Idem
1378 3899 1465 3952 De
1503 3909 1689 3953 venat.
1728 3898 1829 3964 13,
1872 3918 1910 3972 9
1943 3917 1956 3956 ε
1989 3900 2056 3956 οἱ

469 3979 525 4038 δὲ
550 3979 821 4059 φιλόσοφοι
850 3989 983 4039 πᾶσι
1012 3981 1174 4039 κοινοὶ
1197 3981 1288 4041 καὶ
1318 3981 1477 4062 φίλοι.

1154 4107 1275 4167 ,4,

543 4208 699 4264 Idem
726 4230 787 4284 9,
818 4229 878 4286 p.
917 4210 1050 4281 368,
1074 4217 1123 4268 A
1148 4233 1161 4267 :
1196 4209 1287 4269 καὶ
1313 4210 1459 4290 παρὰ
1482 4213 1557 4291 τῷ
1577 4209 1659 4268 τὸν
1680 4210 1921 4288 Χείρωνα
1939 4233 2032 4269 πε·

464 4293 704 4363 ποιηκότι
733 4295 821 4352 τὸν
861 4297 931 4362 εἷς
959 4297 1307 4377 Φερεκράτην
1342 4297 1742 4380 ἀναφερόμενον,
1770 4297 1857 4356 ἐπὶ
1899 4298 2032 4366 ἡδύ·-

570 4461 884 4533 impedienti
899 4503 915 4531 ,
947 4472 1003 4518 et
1026 4463 1209 4519 statim
1230 4453 1417 4522 recitat
1437 4466 1667 4538 elegiaca
1694 4483 1708 4520 :

575 4571 598 4594 α
628 4547 913 4603 Neminem
942 4548 1171 4606 invitum
1194 4551 1397 4619 retine,
1418 4560 1482 4608 ut
1500 4562 1716 4610 maneat
1738 4553 1881 4627 apud
1905 4569 2029 4622 1108,

1446 418 1856 478 COMOEDIAE
1900 414 2235 477 VETERIS
2279 415 2682 488 RELIQUlAE.

2120 569 2317 623 σματος
2349 551 2384 618 ἡ
2416 548 2703 627 παροψὶς
2742 549 2940 617 κεῖται,
2973 545 3064 603 καὶ
3099 547 3225 623 οὐχ,
3255 548 3327 611 ὡς
3371 546 3528 621 Δίδυμος
3547 552 3578 606 ἐν

2113 638 2189 715 τῷ
2219 634 2352 715 Περὶ
2381 634 2761 715 παρεφθορυίας
2787 633 2971 701 λέξεως
2987 677 3004 704 ,
3041 633 3126 691 ἐπὶ
3158 636 3249 689 τοῦ
3289 632 3476 709 ἀγγείου.
3498 636 3580 713 φησὶ

2113 723 2249 801 γὰρ,

2213 844 2304 914 Νὴ
2338 832 2594 929 (τόνδε)
2619 839 2726 903 τὸν
2789 836 2916 916 Δί’,
2951 840 3150 925 ὥσπερ
3185 836 3249 900 αἱ
3285 830 3535 927 παροψίδες

2215 951 2325 1021 τὴν
2355 945 2555 1011 αἰτίαν
2597 941 2798 1033 ἔχουσ’
2835 942 2954 1007 ἀπὸ
2998 950 3122 1007 τῶν
3157 934 3500 1031 ἡδυσμάτων,

2213 1046 2353 1127 *οὓς
2385 1056 2417 1115 ὀ
2455 1052 2735 1124 Καλέτας
2769 1046 2933 1129 ἀξιοῖ
2951 1056 3060 1114 τοῦ
3087 1038 3364 1138 μηδενός.

2121 1181 2300 1235 Versu
2349 1197 2370 1234 ι
2422 1177 2686 1232 facillime
2727 1186 2856 1231 ante
2891 1172 2982 1229 τὸν
3024 1170 3104 1230 Δί’
3149 1175 3442 1249 neglectum
3477 1175 3586 1229 suerit

2121 1267 2303 1323 simile
2325 1262 2470 1321 τόνδε
2488 1304 2506 1337 ,
2533 1282 2651 1338 quo
2685 1264 2932 1318 vicinum
2961 1263 2994 1318 J
2999 1262 3122 1316 ovis
3147 1264 3408 1336 templum
3437 1262 3582 1336 signifi-

2123 1365 2301 1411 catur.
2327 1350 2673 1427 Paropsidas
2695 1350 2871 1406 modo
2891 1350 3133 1425 laudari,
3154 1350 3330 1405 modo
3352 1352 3587 1425 vituperari,

2125 1443 2265 1499 dicit
2291 1452 2531 1517 propter
2572 1439 2964 1505 condimenta,
2997 1438 3088 1493 vel
3127 1438 3314 1508 bona,
3355 1440 3422 1493 vel
3453 1440 3583 1493 mala:

2124 1550 2311 1604 neque
2339 1531 2452 1585 alia
2483 1529 2556 1585 de
2579 1545 2751 1583 causa
2787 1528 3036 1583 Caletam
3061 1528 3253 1581 nescio
3283 1544 3430 1600 quem
3455 1527 3590 1581 haberi

2123 1638 2234 1693 pro
2263 1620 2494 1674 homine
2539 1618 2699 1690 quasi
2747 1615 2927 1671 κακῶν
2973 1612 3292 1687 ἡδυσμάτων
3313 1658 3330 1687 ,
3371 1617 3399 1671 i.
3423 1634 3464 1673 e.
3495 1616 3590 1668 male

2125 1718 2385 1775 moratu,
2430 1716 2486 1761 et
2511 1705 2693 1759 nihili.
2741 1706 2873 1759 Haec
2899 1704 3176 1758 sententia
3211 1701 3433 1759 efficitur
3460 1722 3590 1758 corre-

2127 1798 2316 1851 ctione
2343 1794 2546 1851 Adami
2585 1788 2785 1856 οὕτως
2810 1792 2840 1848 ὁ
2865 1788 3182 1855 ’Καλέτας
3210 1788 3378 1857 ἄξιος
3406 1794 3490 1847 τοῦ
3518 1814 3592 1863 μη-

2129 1882 2274 1940 δενό
2295 1906 2336 1947 ς.
2371 1882 2712 1951 Meinekius,
2739 1882 2950 1957 partim
2983 1898 3114 1937 cum
3153 1881 3484 1955 casaubono,
3507 1877 3547 1943 ἃς
3575 1880 3593 1932 ὅ

2129 1969 2286 2035 καλὸς
2313 1959 2456 2035 οὗτος
2481 1967 2618 2036 ἀξιοῖ
2641 1988 2690 2028 τ.
2719 1991 2779 2045 μ.

2887 2047 2940 2106 5.

2213 2162 2375 2218 Idem
2398 2161 2538 2220 ibid.
2565 2181 2628 2236 p.
2660 2159 2773 2216 388
2792 2204 2810 2234 ,
2845 2161 2890 2215 F
2921 2180 2934 2213 z
2969 2160 3059 2215 τοῦ
3089 2156 3142 2215 δὲ
3173 2156 3409 2234 ὀνόματος
3429 2153 3597 2233 (πέρδιξ)

2132 2247 2256 2305 ἔνιοι
2300 2244 2641 2304 συστίλλουσι
2686 2248 2782 2315 τὴν
2837 2242 3006 2320 μέσην
3053 2242 3412 2315 συλλαὸὴν....
3442 2242 3536 2302 πολὺ
3562 2242 3598 2298 δέ

2135 2337 2275 2394 ἐστιν
2318 2334 2668 2411 ἐκτεινόμενον
2707 2335 2855 2412 παρὰ
2895 2340 3004 2399 τοῖς
3041 2330 3308 2399 Ἀττικοῖς.
3347 2334 3456 2413 Σοφ.
3481 2335 3599 2408 Kapi-

2132 2422 2260 2489 κίοις
2281 2466 2344 2484 ...
2373 2422 2452 2481 Φ.
2482 2422 2565 2496 δὲ,
2597 2420 2632 2492 ἢ
2655 2424 2682 2479 δ
2711 2420 3015 2492 πεποιηκὼς
3037 2420 3125 2479 τὸν
3155 2420 3406 2501 Χείρωνα,

2227 2529 2462 2616 Ἑξεισιν
2495 2535 2657 2604 ἄκων
2687 2529 2886 2631 δεῦρο,
2931 2531 3205 2630 πέρδικος
3247 2540 3465 2627 τρόπον.

2131 2672 2244 2725 Pro
2269 2666 2412 2725 ἄκων
2433 2668 2678 2723 Meinek.
2707 2667 3098 2741 suspicabatur
3125 2664 3298 2736 οἴκων,
3325 2686 3423 2740 quo
3443 2683 3530 2719 non
3549 2674 3600 2717 est
3704 2682 3705 2741 ᾗ

2135 2778 2295 2834 opus».
2338 2757 2634 2814 Perdicem
2652 2796 2670 2825 ,
2712 2774 3028 2829 cauponem
3077 2755 3460 2811 claudicantem
3497 2753 3603 2827 (Ari-

2134 2846 2322 2921 stoph.
2371 2850 2476 2901 Av.
2529 2862 2676 2917 1292
2705 2886 2722 2917 ,
2767 2844 3043 2899 Proverb.
3101 2844 3275 2899 Coisl.
3333 2842 3446 2919 189)
3484 2840 3601 2897 rideri

2132 2947 2296 3013 putat
2325 2933 2596 2992 Fritzsch.
2629 2935 2833 3006 Quaest.
2879 2933 3165 3008 Aristoph.
3205 2953 3259 3004 1,
3291 2953 3348 3008 p.
3387 2952 3464 3003 77.
3489 2928 3606 3002 Quod
3706 2957 3707 2978 ι

2131 3028 2173 3081 si
2201 3026 2278 3080 ita
2301 3034 2413 3094 est,
2442 3033 2504 3079 ut
2531 3022 2780 3092 videtur,
2825 3023 3135 3078 scribamus
3163 3023 3254 3077 hic
3288 3021 3484 3096 quidem
3509 3019 3602 3092 Περ·

2134 3113 2307 3181 δῐκος,
2351 3122 2590 3168 accentu
2631 3121 2847 3165 mutato
2892 3111 3136 3166 nominis
3161 3111 3405 3185 proprii,
3433 3117 3478 3164 et
3501 3104 3608 3178 apud

2133 3202 2570 3276 Aristophanem
2611 3195 2804 3278 Περδίξ
2833 3199 2970 3254 illud
3017 3201 3153 3254 olim
3192 3200 3436 3256 habuisse
3467 3192 3605 3259 codd,

2133 3313 2201 3351 ex
2237 3295 2364 3370 ipso
2401 3292 2532 3348 loco
2568 3307 2762 3344 versus
2798 3287 3142 3366 intelligitur,
3180 3288 3276 3342 ubi
3297 3297 3352 3342 et
3381 3283 3558 3340 iambis
3573 3289 3613 3332 et

2131 3383 2429 3456 spondaeus
2453 3378 2598 3460 poni
2629 3386 2850 3451 potest3
2873 3374 3170 3448 spondaeus
3199 3387 3380 3431 autem
3403 3374 3480 3427 luc
3497 3370 3606 3424 fuit:

2131 3473 2348 3546 alioqui
2379 3473 2584 3533 Athen.
2621 3485 2746 3528 non
2771 3464 3111 3521 adhibuisset
3145 3463 3256 3520 hoc
3283 3461 3574 3536 exemplum

2887 3578 2942 3635 6.

2209 3693 2366 3748 Idem
2407 3705 2592 3772 14,p
2635 3697 2785 3772 653
2816 3679 2916 3754 E:
2955 3680 3194 3741 οἴδασιδὲ
3217 3682 3262 3738 οἱ
3289 3699 3386 3755 προ
3405 3676 3530 3752 ἡμῶν
3549 3671 3615 3728 καὶ

2129 3775 2247 3844 τους
2281 3779 2333 3835 ἰν
2363 3781 2484 3862 οἴνῳ
2519 3782 2911 3861 συντιθεμένους
2928 3769 3152 3876 βότρυς·
3185 3765 3430 3830 Εὗὸθυλο(
3457 3765 3555 3837 Ὺθῧν
3535 3781 3613 3814 '⁸‘

2811 3920 2930 3937 ‚‚‚‚
2951 3843 3086 3972 δὺὲ
3095 3859 3178 3918 τὸν
3205 3857 3428 3936 Χείρωνα
3444 3867 3612 3912 πεποιτ·

2127 3951 2230 4018 κως
2261 3953 2346 4013 τὸν
2375 3979 2448 4024 εις
2477 3963 2615 4040 Φερ.
2657 3925 3088 4045 ἀναφερόμενον,
3097 3989 3112 4010 ³

2223 4063 2622 4165 Ᾰμυγδαλας,
2657 4079 2760 4144 καὶ
2797 4089 3000 4171 μηλα,
3026 4082 3127 4147 καὶ
3127 4061 3488 4208 §dimum-'‘⁰‘’

2223 4176 2322 4240 καὶ
2359 4183 2590 4271 μύρτα,
2624 4184 2725 4250 καὶ
2763 4188 3003 4266 σέλινα,
3041 4182 3156 4263 καξ
3185 4165 3325 4253 οἴνου
3357 4164 3569 4250 βότιυς*

2230 4309 2331 4348 και
2364 4287 2600 4374 μυελον.

2133 3867 2601 3952 Κατακολλωμένῳ
2631 3875 2786 3955 φησίν

2123 4553 2219 4608 Nae
2243 4567 2338 4624 per
2363 4551 2569 4622 (hunc)
2592 4558 2778 4614 Jovem
2800 4600 2815 4626 ‚
2849 4479 3250 4631 uli-paropsides
3335 4560 3345 4574 ·“

568 4647 747 4704 neque
792 4632 1157 4692 dormientem
1201 4637 1370 4693 excita
1389 4680 1405 4707 ‚
1436 4639 1739 4697 Simonide!
1787 4664 1813 4690 ν
1844 4656 2032 4698 nonne
2120 4638 2410 4711 culpantur
2435 4650 2656 4714 propter
2680 4645 3060 4712 condimenta,

1607 4732 1789 4797 [enim
1818 4730 1873 4787 in
1902 4731 2028 4787 vino
2117 4724 2198 4780 sic
2221 4723 2431 4780 caletus
2461 4727 2666 4786 nuliius
2685 4740 2769 4788 est
2793 4733 2970 4805 pretii.

472 4815 535 4862 ὀ
570 4807 697 4864 talia
722 4806 958 4864 dicimus
976 4824 1159 4866 coram
1192 4813 1369 4870 amico
1389 4815 1659 4872 invitato?

576 4897 801 4966 (Neque
824 4894 879 4950 in
904 4895 1149 4952 convivio
1182 4897 1489 4972 hospitibus
1511 4901 1803 4974 frequente
1843 4919 2024 4960 moro-

568 5084 630 5125 ει
654 5085 813 5143 aequo
840 5089 852 5124 ε
880 5071 959 5127 sic
994 5072 1138 5128 enim
1176 5075 1409 5146 plurima
1438 5083 1519 5132 est
1545 5078 1723 5149 gratia
1742 4995 2026 5146 ,[εἶυιῗιίίιῗ

2865 4827 2920 4878 5.

2118 4907 2324 4961 invitus
2354 4905 2462 4962 huc
2483 4906 2620 4974 exit,
2651 4923 2804 4966 more
2825 4909 3055 4981 perdicis
3085 4912 3200 4976 (vet
3227 4874 3504 4976 Pei-dp·

2869 5003 2921 5053 6.

2115 5079 2446 5152 Amygdala‚
2471 5089 2526 5137 et
2549 5083 2690 5142 mala
2709 5125 2725 5151 ‚
2753 5094 2808 5142 et
2838 5086 3036 5142 arbuta
3055 5127 3069 5152 ‚

1536 5167 1695 5231 [mus
1718 5175 2024 5239 sumptus.)
2115 5174 2424 5238 myrtosque
2443 5208 2459 5233 ‚
2484 5171 2767 5243 etapium,
2801 5181 2857 5228 et
2883 5189 3016 5230 uvas
3045 5189 3108 5228 ex
3141 5174 3271 5230 vino
3293 5217 3313 5242 ‚

2111 5260 2168 5308 et
2191 5251 2507 5310 medullam.
