3809 5850
1640 425 1920 489 PLATO.

268 536 429 616 spii]-
465 537 787 624 ἐστρέφετο
820 546 883 604 δὲ
919 550 955 606 ὃ
976 547 1131 630 χορὸς
1144 593 1163 627 ,
1192 549 1287 608 καὶ
1316 550 1737 634 ἐγίνοντοῖστίχοι

262 647 337 701 τα,
356 625 671 698 διελθόντες
688 629 805 704 τὴν
833 635 1177 712 καλωμίνην
1202 637 1525 718 παρᾶὅασιν,
1552 640 1737 722 ἐστρέ-

158 735 279 792 φοντο
294 713 439 772 πόλιν
469 716 551 783 εἰς
572 717 691 789 τὴν
732 722 1019 803 προτέραν
1048 723 1253 786 στάσιν.
1284 727 1437 796 δῆλον
1468 725 1525 785 δὲ
1553 731 1739 786 ποιοῦ-

164 825 225 860 σιν
236 801 359 861 estol
374 803 425 860 οἱ
442 806 725 880 ποιηταὶ,
746 809 819 867 τὸ
852 810 1173 890 στρέφεσθαι
1195 812 1535 892 σημαίνοντες
1559 816 1651 874 καὶ
1676 815 1738 875 τὸ

166 889 477 970 manfiestum.
505 895 629 959 Πλ.
656 895 723 954 ἐν
746 899 835 977 τῷ
867 899 1154 981 Παιδαρίῳ

242 1009 311 1074 Ei
350 1009 453 1101 μὲν
500 1014 591 1102 μὴ
648 1011 815 1081 λίαν
861 1013 1157 1111 (ἀνιῶν),
1189 1013 1449 1110 ὦνδρες,
1478 1025 1735 1108 ἠναγκα-

184 1206 191 1217 ‚
1538 1121 1732 1216 ζόμην

253 1219 483 1314 στρέψαι
550 1217 761 1318 δεῦρ’,
814 1231 928 1293 οὐκ
988 1223 1060 1294 ἃν
1102 1223 1365 1322 παρέἕην
1422 1231 1507 1308 εἰς
1561 1226 1729 1308 λέξιν

1260 1327 1498 1400 τοιάνδ’
1539 1339 1725 1403 ἐπῶν.

186 1489 203 1512 ι
226 1465 469 1522 Similiter
488 1467 701 1524 Suidas
717 1488 781 1525 v.
818 1466 1157 1548 Παράὸασις,
1174 1471 1275 1527 ubi
1294 1468 1475 1550 ἄνδρες
1492 1472 1699 1548 legitur
1708 1493 1731 1548 3

183 1554 407 1610 lacunam
440 1573 475 1610 a
500 1556 776 1629 Bentlejo
810 1559 1118 1614 indicatam
1144 1560 1367 1634 expleas
1400 1560 1591 1616 verbis
1632 1557 1733 1616 ὑπὸ

181 1641 315 1696 τοῦδ’.
354 1667 382 1693 ι
420 1645 471 1698 Β
494 1645 589 1702 Μ.
614 1647 843 1701 Verum
870 1647 983 1702 hoc
1015 1657 1073 1702 et
1100 1647 1461 1702 arbitrarium
1490 1659 1595 1716 est,
1626 1667 1731 1704 nec

178 1731 511 1804 perspicuum
526 1773 545 1802 ,
571 1734 707 1806 quis
728 1735 809 1788 ita
854 1744 1117 1804 notetur;
1165 1735 1465 1792 verisimile
1522 1746 1729 1805 autem,

179 1815 311 1872 inii-e
336 1819 479 1874 forte
497 1820 781 1876 excidisse
802 1823 954 1877 inter
968 1851 1053 1864 —
1074 1841 1136 1876 αν
1154 1809 1227 1878 ὦν
1251 1853 1351 1882 -.
1368 1825 1455 1878 De
1478 1824 1729 1898 genitivo

175 1921 331 1960 came
357 1925 415 1964 v.
436 1907 649 1965 Matth.
688 1908 942 1965 Gramm.
990 1908 1027 1984 S
1069 1908 1206 1982 345,
1235 1920 1347 1966 etc.
1377 1911 1467 1966 De
1493 1913 1731 1986 quanti-

170 2002 263 2048 tate
280 1996 437 2051 vocis
463 1993 593 2051 ἆνία
616 1995 865 2052 diximus
890 1997 965 2052 ad
992 1997 1239 2072 AEschyli
1270 2000 1463 2056 Prom.
1495 1998 1606 2073 933
1634 1999 1729 2054 hic

167 2082 385 2154 quidem
399 2081 613 2142 —vi-
640 2085 1079 2161 corripiendum
1102 2097 1207 2146 est.

150 541 216 594 τοῦ

154 623 247 681 δί

911 2233 970 2271 2.

220 2321 389 2378 Idem
420 2323 507 2379 ih.
536 2323 657 2399 948
700 2342 716 2381 2
750 2319 1043 2404 ἐκέκρυπτο
1070 2323 1123 2382 ἔν
1150 2325 1227 2404 τῷ
1253 2325 1397 2403 κανῷ
1422 2326 1455 2394 ἡ
1485 2320 1726 2402 μάχαιρα

147 2437 249 2500 ταῖς
272 2435 427 2504 ᾶὶαῖς
448 2437 545 2495 καὶ
568 2437 677 2504 τοῖς
704 2436 998 2514 στέμμασι.
1030 2437 1139 2499 ...⁴²
1166 2435 1257 2496 καὶ
1286 2440 1515 2496 ἐντεῦθεν
1538 2441 1725 2494 κανοῦν

141 2522 355 2582 &broii
384 2532 550 2584 πνεῖν.
582 2526 696 2585 Πλ.
724 2527 779 2583 ἐν
808 2527 887 2586 Π.

218 2675 319 2690 —
352 2636 533 2728 Φέρε,
572 2636 761 2702 τοῦτό
797 2660 905 2728 μοι

208 2731 435 2820 δεῖξον
454 2743 532 2806 τὸ
553 2750 795 2823 κανοῦν,
830 2747 966 2824 παῖ’,
994 2734 1177 2834 δεῦρ’,
1192 2743 1314 2814 ὅπη
1340 2739 1584 2833 μάχαιρ’
1606 2739 1717 2808 ἔνι.

118 2877 297 2953 Apud
324 2877 525 2935 schol.
553 2878 867 2936 scribamus
892 2877 982 2937 καὶ
1018 2879 1253 2937 ἐντεῦθεν
1284 2881 1471 2936 κανοῦν
1500 2875 1605 2935 ἀπὸ
1633 2880 1723 2935 τοῦ

114 2973 293 3023 κινεῖν
332 2968 484 3043 (hoc
520 2968 861 3042 ponendum
898 2986 1015 3023 esse
1056 2967 1367 3025 secundum
1412 2966 1599 3041 Etym.
1638 2968 1717 3025 Μ.

106 3072 151 3127 p.
184 3056 331 3131 489
350 3098 375 3125 ,
405 3076 469 3132 9,
492 3058 797 3111 annotavit
824 3055 1074 3112 Meinek.
1098 3054 1144 3131 ).
1176 3057 1573 3113 Commeatum
1610 3073 1721 3129 pro

104 3156 289 3217 captu
316 3155 511 3219 atque
530 3144 763 3219 ingenio
786 3144 1195 3219 plerorumque
1217 3141 1428 3200 horum
1450 3160 1720 3219 gramma·

103 3233 409 3293 licor-un.
428 3232 613 3307 Apud
643 3232 943 3288 Platonem
978 3232 1113 3288 libri
1140 3231 1281 3289 τοῦτ’
1310 3228 1431 3306 ἐμοὶ
1466 3230 1516 3287 δ.
1543 3227 1605 3287 τὸ
1622 3250 1721 3286 κα-

103 3320 219 3374 νοῦν
263 3340 379 3394 μοι
410 3320 559 3395 (hoc
604 3338 721 3377 om.
749 3319 885 3376 cod.
922 3317 1095 3398 Ven.)
1122 3318 1275 3397 δεῦρο
1306 3320 1381 3388 πῆ
1412 3340 1473 3394 μ.
1514 3315 1607 3377 ἔνι.
1635 3320 1723 3374 De

107 3428 137 3473 μ
168 3418 241 3461 et
284 3428 343 3462 π
384 3409 595 3485 saepius
621 3408 869 3463 confusis
891 3426 951 3465 v.
988 3427 1120 3465 ann.
1148 3407 1223 3464 ad
1252 3406 1540 3481 Aristoph.
1564 3404 1717 3463 Plut.

114 3496 295 3550 1016-
328 3494 431 3565 uz
458 3514 575 3570 pro
601 3493 713 3565 ὅπη
740 3496 1035 3551 soloecum.
1060 3495 1325 3555 Ceterum
1351 3512 1473 3550 non
1499 3495 1721 3569 impro-

114 3580 403 3639 habiliter
428 3582 716 3639 Dobraeus
756 3580 906 3659 δεῦρο
936 3580 1026 3657 μὴ
1066 3580 1287 3661 μάχαιρ’
1312 3578 1388 3637 ἔνι
1422 3600 1435 3635 :
1476 3600 1548 3636 ne
1566 3578 1722 3650 forte

118 3672 237 3723 insit
262 3672 482 3730 aaeloer.

196 3863 423 3920 Athen.
450 3882 517 3936 7,
543 3882 609 3939 p.
652 3862 789 3934 316,
817 3861 863 3922 C
890 3882 906 3919 z
932 3859 1156 3921 Ἀττικοὶ
1188 3858 1291 3939 γὰρ
1320 3857 1717 3919 πουλύπουν

136 3948 361 4025 limet.
545 3950 663 4011 112.
710 3948 879 4011 Παιδὶ
934 3952 1114 4027 (recte
1160 3950 1402 4009 Casaub.
1448 3962 1505 4005 et
1543 3948 1715 4005 Dind.

140 4037 375 4119 Παιδίῳ)
404 4068 427 4091 ι
472 4034 703 4114 Ὥσπερ
744 4037 865 4105 τοὺς
904 4038 1234 4102 πουλύποδας
1272 4033 1545 4115 πρώτιστά
1584 4056 1663 4092 σε.
1694 4058 1719 4085 ¹·

130 4128 197 4183 Et
230 4131 535 4185 sententiae
574 4140 637 4185 et
684 4139 873 4185 metro
912 4128 1291 4203 prospicimus
1333 4124 1639 4181 scribendo

224 4249 432 4348 ὀαπερ
468 4281 543 4321 τε
567 4254 711 4331 τοὺς
740 4244 1133 4329 πουλύποδας
1162 4248 1259 4333 ἂν,
1277 4252 1599 4345 πρώτιστα
1627 4251 1715 4319 σέ.

150 4386 211 4445 Τὲ
225 4390 497 4447 haustum
519 4388 685 4445 dicas
703 4408 739 4445 a
756 4408 917 4458 το-,
944 4387 1107 4462 quod
1126 4388 1407 4461 sequitur,
1432 4380 1499 4441 ἂν
1514 4384 1587 4439 ab
1616 4401 1719 4438 an-

156 4478 431 4535 tecedente
445 4479 789 4541 simili-wc.
818 4474 921 4550 Σὲ,
942 4476 1221 4550 intelligas
1240 4476 1529 4553 φαγοῦμαι.
1554 4470 1717 4546 Περι-

159 4564 351 4640 tyb-few
374 4568 617 4625 imeruit
632 4566 935 4641 Bergkius,
959 4582 1181 4620 versum
1211 4559 1589 4637 Eupolideum
1610 4556 1713 4613 fin-

156 4672 288 4728 gens.

1184 4770 1341 4778 -—...—.-
1350 4768 1413 4775 .-.,-
1418 4768 1501 4774 -ιι-
1507 4766 1562 4773 κ-
1572 4760 1930 4773 η’..μι--μ

728 4856 1150 4914 PUERULUS.

142 5086 247 5139 Nisi
270 5084 639 5145 vehementer,
662 5096 699 5137 o
722 5080 827 5136 viri
845 5118 863 5145 ,
888 5000 1153 5135 melem&
1169 5076 1439 5148 adigeret,

138 5180 197 5227 ut
214 5170 319 5228 huc
342 5188 429 5228 me
447 5176 855 5235 converterem,
880 5179 993 5221 non
1016 5161 1337 5236 prodiissem
1356 5160 1425 5218 ad
1447 5160 1589 5217 hanc
1614 5160 1708 5218 hn-

1088 5244 1353 5320 [bendani
1382 5248 1702 5306 orationem.

3280 451 3395 504 28⁷

2585 575 2642 632 Ιι.

1907 670 2103 734 Schol.
2149 675 2442 752 Aristoph.
2481 680 2634 738 Rau.
2689 679 2801 736 308
2859 683 3020 742 τὸ...
3053 680 3294 750 Ἰξίων...
3346 687 3400 742 ἐν

1828 757 1931 817 ἔθει
1959 749 2090 818 εἶναι
2120 759 2467 820 διασκώπτων
2497 763 2613 832 τοὺς
2641 765 3030 846 ἀκροωμένους,
3065 771 3136 837 ὥς
3165 770 3256 830 καὶ
3287 774 3394 834 [Ιλ.

1825 850 1877 906 ἐν
1909 847 2188 928 Παιδαρίῳ
2224 850 2386 926 (cod.
2413 853 2575 912 Flor.
2605 854 2930 933 παιδαρίοις)
2957 864 3116 916 ποιεῖ.
3146 862 3236 918 Ad
3253 862 3400 919 hanc

1826 937 2082 994 fabulam
2100 939 2335 997 fortasse
2356 941 2720 998 referendum
2747 944 2948 1020 fragm.
2967 947 3170 1008 ineert.
3197 947 3254 1007 3.

2261 1080 2401 1138 XX.
2449 1080 2958 1142 ΠΕΙΣΑΝΔΡΟΣ.

1907 1213 1939 1248 ι·
1955 1200 2090 1254 Duo
2121 1199 2380 1255 Pisandri
2423 1201 2486 1256 in
2525 1202 2764 1260 historia
2802 1204 3036 1259 illorum
3074 1214 3396 1280 temporum

1825 1297 2384 1357 commemorantum
2409 1307 2656 1362 quorum
2691 1293 2850 1362 alter,
2871 1292 3081 1346 nullius
3103 1293 3280 1348 hoino
3309 1295 3396 1349 di·

1824 1375 2081 1449 gnitatis,
2133 1372 2382 1452 στρεὸλὸς
2421 1375 2634 1433 dicitur
2682 1378 2952 1452 Eupolidi
3005 1380 3160 1453 apud
3210 1382 3392 1442 schol.

1823 1464 2118 1538 Aristoph.
2143 1465 2352 1520 Avium
2383 1463 2565 1536 1555,
2590 1467 2756 1535 alter,
2785 1468 3105 1524 notissimus
3125 1469 3395 1544 demago-

1823 1571 1928 1625 gus
1945 1595 1962 1624 ,
2009 1552 2278 1626 populari
2317 1554 2560 1626 imperio
2599 1571 2796 1609 everso
2817 1593 2835 1622 ‚
2867 1553 3091 1624 effecit,
3131 1566 3199 1611 ut
3239 1557 3396 1630 Qua-

1825 1640 2112 1714 dringenti
2140 1641 2248 1694 viri
2277 1658 2458 1715 remp.
2501 1659 2631 1696 cum
2659 1659 2875 1696 summa
2907 1653 3186 1716 potestate
3207 1644 3396 1700 admi-

1822 1727 2126 1782 nistrarent
2155 1746 2167 1780 :
2199 1745 2257 1781 v.
2284 1727 2465 1784 Thuc.
2500 1727 2534 1782 8
2555 1770 2572 1802 ,
2596 1725 2696 1802 53,
2735 1727 2836 1798 65,
2859 1729 2959 1802 68,
2990 1731 3222 1790 Aristot.
3243 1733 3394 1788 Rhe-

1822 1821 1935 1870 tor.
1967 1813 2024 1884 3,
2063 1810 2328 1884 18,Plut.
2351 1813 2538 1870 Alcib.
2570 1833 2688 1884 cap.
2713 1815 2811 1874 26.
2835 1816 3027 1871 Schol.
3059 1817 3300 1874 Bekkeri
3319 1819 3396 1875 ad

1820 1902 2134 1958 AEschinem
2163 1905 2248 1958 De
2273 1901 2410 1956 falsa
2451 1902 2564 1977 leg.
2601 1903 2636 1977 S
2679 1900 2746 1958 51
2785 1921 2800 1961 ε
2834 1903 2882 1958 οἱ
2914 1901 3036 1980 περὶ
3067 1901 3392 1982 Πείσανδρον

1820 1986 1908 2046 τὸν
1937 1986 2194 2068 Ἀχαρνέα
2217 1985 2532 2063 δημαγωγὸν
2555 1986 2767 2046 ἔπεισαν
2791 1987 2879 2047 τὸν
2915 1989 3079 2065 δῆμον
3095 2034 3112 2066 ,
3143 1989 3255 2048 ἐπεὶ
3280 1992 3393 2049 δεῖ-

1817 2099 1908 2135 ται
1935 2075 2004 2135 τὰ
2035 2073 2328 2153 πράγματα
2358 2075 2586 2146 σπουδῆς
2609 2074 2699 2132 καὶ
2727 2074 2956 2144 ἐπινοίας
2973 2075 3210 2155 ταχείας,
3239 2077 3393 2146 ποιή-

1818 2167 2012 2224 σασθαι
2029 2160 2231 2241 κυρίους
2245 2159 2495 2219 ἁπάντων
2509 2161 2911 2240 Τετρακοσίους.
2933 2166 3393 2240 Antiquissimam

1816 2254 2062 2309 hominis
2082 2252 2419 2308 memoriam
2445 2253 2674 2325 reperio
2703 2250 2861 2326 apud
2888 2253 3180 2326 Aristoph.
3209 2255 3392 2328 Baby-

1816 2341 2010 2411 loniis,
2053 2340 2270 2413 olymp,
2316 2335 2414 2406 88,
2470 2355 2503 2393 α
2537 2334 2694 2416 (ante
2733 2338 2863 2394 Chr.
2899 2346 3016 2396 nat.
3055 2337 3202 2414 426)
3233 2329 3389 2396 actis.

1816 2427 2142 2484 Secundum
2159 2426 2336 2483 schol.
2358 2425 2564 2480 Avium
2584 2426 2623 2484 1.
2648 2427 2686 2485 l.
2713 2426 2820 2482 fuit
2838 2443 3039 2481 eorum
3057 2445 3225 2502 unus,
3249 2445 3396 2500 quos

1816 2516 2061 2590 pecunia
2077 2524 2380 2596 corruptos
2397 2512 2614 2568 bellum
2635 2514 2899 2570 excitasse
2915 2512 3390 2590 criminabantur;

1818 2605 1889 2662 cf.
1916 2603 2147 2678 Lysistr.
2179 2604 2316 2669 460.
2347 2600 2555 2660 Postea
2597 2604 2813 2677 olymp.
2853 2620 2955 2677 91,
2993 2620 3017 2658 1
3060 2601 3224 2674 (ante
3259 2603 3390 2660 Chr.

1814 2704 1933 2751 nat.
1963 2689 2111 2768 415)
2132 2693 2193 2747 in
2229 2709 2396 2748 causa
2445 2688 3006 2764 Hermocopidarum
3037 2686 3266 2758 ζητητὴς
3299 2687 3390 2765 (ν.

1813 2784 2089 2854 Droysen.
2121 2783 2205 2836 De
2234 2779 2446 2834 Avibus
2473 2796 2533 2853 p.
2561 2777 2664 2854 27)
2697 2789 2921 2834 creatus
2945 2787 3048 2846 est,
3075 2789 3132 2832 et
3156 2776 3387 2834 duobus

1814 2871 1978 2924 annis
2003 2866 2308 2940 interjectis
2327 2867 2542 2922 archon
2566 2884 2900 2942 eponymus.
2936 2865 3170 2921 Abolito
3199 2877 3388 2921 autem

1813 2954 2376 3029 Quadringentorum
2399 2956 2640 3030 imperio
2657 2957 2873 3029 olymp.
2895 2973 2995 3030 92,
3012 2972 3046 3009 α
3070 2954 3234 3029 (ante
3250 2954 3386 3015 Chr.

1812 3053 1932 3099 nat.
1961 3043 2132 3119 410),
2153 3060 2331 3117 quum
2347 3063 2628 3100 summum
2653 3044 2706 3099 ei
2724 3044 3044 3118 periculum
3068 3043 3388 3100 intendere-

1814 3142 1928 3207 tur,
1957 3132 2254 3188 Deceleam
2281 3132 2426 3207 fugit
2455 3132 2669 3206 (Thuc.
2707 3132 2765 3201 8,
2796 3130 2936 3207 98),
2964 3132 3232 3206 bonaque
3268 3131 3389 3203 ejus

1811 3221 2103 3294 publicata
2139 3229 2269 3275 sunt
2295 3220 2378 3295 (ν.
2407 3222 2600 3292 Lysias
2621 3222 2707 3276 De
2745 3238 2906 3275 sacra
2949 3219 3074 3274 olea
3103 3218 3139 3293 S
3171 3216 3258 3294 4),
3281 3237 3388 3275 nec

1811 3308 2042 3364 videtur
2078 3307 2322 3363 Athenas
2347 3308 2674 3375 revertisse3
2716 3324 2774 3361 v.
2822 3306 3070 3361 Hanovii
3107 3305 3384 3363 Exercitt.

1812 3397 1941 3453 crit.
1997 3414 2052 3465 1,
2105 3413 2168 3469 p.
2223 3393 2323 3450 80.
2369 3382 2709 3450 Timiditatis
2755 3394 2971 3447 crimen
3025 3409 3204 3464 quum
3253 3393 3390 3447 alias

1814 3482 2030 3558 (schol.
2071 3482 2276 3539 Avium
2309 3482 2351 3537 1.
2382 3482 2424 3539 l.
2463 3478 2772 3555 ἁπανταχοῦ
2802 3475 2859 3537 δὲ
2892 3468 2956 3549 ἦν
2975 3474 3159 3543 δειλός.
3191 3480 3386 3536 Comi-

1813 3589 1910 3627 cus
1932 3572 2052 3645 ipse
2078 3568 2186 3627 Av.
2213 3574 2386 3634 1440.
2410 3568 2612 3625 AElian.
2651 3569 2723 3625 H.
2757 3570 2830 3624 A.
2860 3573 2920 3637 4,
2962 3585 2986 3622 1
3021 3584 3036 3621 ε
3075 3562 3388 3642 Ἀριστόδη-

1814 3679 1908 3733 μος
1930 3659 1959 3715 ὁ
1981 3656 2193 3737 τρέσας,
2230 3653 2320 3712 καὶ
2347 3652 2666 3729 Κλεώνυμος
2689 3654 2716 3711 ὁ
2750 3650 2901 3735 ῥίψας
2928 3650 3024 3723 τὴν
3045 3650 3265 3731 ἀσπίδα,
3289 3655 3382 3711 καὶ

1811 3747 1840 3803 ὁ
1858 3744 2023 3811 δειλὸς
2051 3742 2390 3821 Πείσανδρος,
2431 3740 2550 3801 οὔτε
2575 3739 2670 3807 τὰς
2707 3740 2963 3821 πατρίδας
2991 3740 3225 3819 ᾐδοῦντο,
3267 3738 3384 3817 ούτι

1811 3831 1905 3901 τὰς
1935 3831 2168 3909 γαμετὰς
2186 3875 2205 3908 ,
2231 3828 2350 3888 οὔτε
2372 3828 2439 3889 τὰ
2460 3828 2704 3907 παιδία),
2732 3842 2854 3885 tum
2888 3830 3133 3885 maxime
3157 3830 3375 3905 olymp.

1813 3922 1908 3997 89,
1931 3922 1964 3977 3
1993 3922 2158 4000 (ante
2183 3920 2318 3981 Chr.
2347 3931 2468 3977 nat.
2498 3926 2607 3982 [⁸21
2632 3920 2672 3995 )‚
2698 3918 2934 3975 subiisse
2971 3916 3226 3989 videtur,
3263 3936 3382 3993 quo

1812 4024 2070 4086 tempore
2099 4010 2488 4079 Athenienses,
2519 4004 2696 4063 finitis
2724 4006 2988 4075 induciis,
3023 4022 3240 4061 novam
3280 4025 3376 4063 ex·

1810 4097 2166 4173 peditionem
2204 4099 2265 4153 in
2291 4096 2588 4153 Thraciam
2620 4094 2898 4169 parabant
2934 4092 3147 4166 (Thuc-
3195 4092 3251 4166 5,
3281 4112 3315 4149 α
3335 4092 3370 4171 ),

1810 4186 2086 4242 Pisandro
2113 4186 2373 4241 militiam
2395 4184 2747 4240 detrectante
2772 4182 3076 4257 (Xenoph.
3111 4181 3376 4258 Sympos.

1811 4295 1869 4352 α,
1901 4275 2259 4351 ι4).1ιιιφισ
2285 4276 2334 4329 si
2361 4273 2508 4329 sorte
2531 4268 2843 4347 ἀστρατείας
2867 4272 3043 4325 homo
3063 4272 3381 4343 postulatus

1810 4382 1978 4419 causa
2019 4360 2260 4430 cecidit,
2311 4379 2431 4416 non
2473 4361 2668 4433 inepte
2715 4358 2862 4413 dixit
2899 4358 3134 4431 Eupolis
3167 4360 3379 4415 Marica

1812 4448 1974 4528 (acta
1995 4448 2210 4523 olymp.
2238 4447 2314 4521 89
2333 4488 2351 4517 ,
2385 4455 2418 4515 4
2441 4444 2460 4524 )
2489 4446 2645 4522 apud
2673 4446 2852 4505 schol.
2875 4447 3081 4502 Avium
3107 4445 3147 4503 1.
3178 4447 3220 4505 1.

1889 4576 1944 4615 α.
1981 4549 2168 4611 Ἄκουε
2193 4555 2307 4625 νῦν,
2342 4550 2658 4630 Πείσανδρος
2686 4552 2756 4616 ὡς
2782 4549 3093 4607 ἀπόλλυται.

1892 4644 1944 4718 β.
1981 4637 2050 4698 Ὁ
2074 4636 2422 4718 στριὸλός;α.
2456 4637 2595 4711 oba,
2623 4636 2738 4696 ἀλλ’
2758 4640 2788 4695 δ
2816 4636 3008 4713 μέγας,
3041 4635 3373 4704 οὗνοκίνδιος.

2379 4758 2474 4767 0-—
2639 4758 2843 4765 ——-——·-—
2851 4756 3082 4765 --.—..—

2561 4828 2618 4868 2.

1913 4932 1986 4944 --
2005 4906 2124 4973 Age
2147 4902 2254 4959 hoc
2278 4902 2410 4957 mihi

1810 4990 2132 5057 canistrum,
2189 5004 2350 5061 puer,
2398 4988 2510 5045 huc
2551 4997 2817 5055 monstra,
2857 4987 2916 5043 in
2959 4999 3069 5057 quo
3105 4984 3375 5041 machaera

3189 5072 3369 5142 [inest.

2569 5168 2600 5217 3
2641 5162 2654 5169 -

1802 5254 1869 5307 Et
1894 5250 2132 5323 primum
2154 5260 2205 5309 te
2224 5250 2516 5315 devorabo,
2534 5204 2678 5306 sic-ut
2703 5248 2945 5321 polypos,
