3809 5850
443 503 554 552 ‚502

1463 489 1732 548 MEmAE
1787 487 2198 548 COMOEmAE
2242 489 2648 562 RELlQUlAE.

589 632 680 694 ἔτι
701 621 956 710 λαὸεἴν,
981 621 1124 690 ἀλλ’
1143 623 1414 706 ἐξέπαισε
1443 623 1706 714 πορθμὸς
1727 619 2011 694 ἐλατίνην
2111 619 2475 680 ιο3ι-ιοὸο.
2522 623 2591 678 V.
2644 639 2711 677 ια
2742 621 3049 676 abhorrent
3090 620 3163 675 ab
3202 621 3477 696 elegantia
3504 625 3625 694 hujus

1737 726 2005 800 πλάτην.

589 823 644 905 131
675 831 743 903 δε
774 841 966 929 Φρύνη
995 829 1107 910 τὴν
1147 826 1454 925 Χάρυὸδιν
1487 833 1623 925 οὐχὶ
1663 832 1862 926 πόρρω
1893 859 2029 898 που·

1809 946 2009 1022 ποιεῖ,

593 1047 694 1113 τόν
755 1071 822 1112 τε
901 1047 1228 1136 ναύκληρον
1280 1039 1550 1111 λαὸοῢσα
1608 1045 2008 1110 καταπέπωκ’

1559 1153 1720 1236 αὐτῷ
1759 1148 2011 1242 σκάφει;

449 1279 544 1325 20
597 1251 648 1324 H
669 1259 884 1324 Θεανὼ
899 1251 953 1322 δ’
971 1254 1107 1346 οὐχὶ
1129 1259 1326 1345 Σειρήν
1347 1257 1508 1320 ἐστιν
1525 1254 1969 1347 ἀποτετιλμένη
1996 1277 2015 1339 ;

599 1365 850 1456 βλέμμα
889 1359 996 1428 καὶ
1027 1363 1190 1454 φωνὴ
1224 1361 1506 1454 γυναικὸς
1529 1412 1549 1450 ,
1601 1360 1683 1427 τὰ
1721 1365 1907 1434 σκέλη
1947 1353 2020 1427 δὲ

1735 1465 2015 1556 κοψίχου.

597 1573 828 1669 Σφίγγα
853 1569 1132 1648 Θηὸαίαν
1162 1564 1232 1639 δὲ
1265 1570 1464 1648 πάσας
1493 1572 1630 1638 ἔστι
1664 1569 1774 1650 τὰς
1808 1571 2025 1664 πόρνας

1778 1684 1984 1744 καλεῖν
2005 1727 2025 1762 ,

597 1781 664 1850 αἲ
694 1781 942 1852 λαλοῢσ’
993 1786 1206 1860 ἁπλῶς
1234 1783 1338 1875 μὲν
1370 1774 1572 1868 οὐδὲν,
1611 1779 1750 1849 ἀλλ’
1780 1785 1840 1850 ἐν
1883 1783 2027 1848 αἰνι-

1628 1893 1810 1980 γμοῖς
1840 1914 2026 1973 τισιν,

597 2000 679 2073 ὡς
707 2003 882 2090 ἐρῶσι
905 2045 924 2076 ,
959 1994 1063 2061 καὶ
1091 2000 1329 2085 φιλοῦσι
1350 2043 1370 2078 ,
1401 1991 1506 2058 καὶ
1537 1993 1788 2061 σύνεισιν
1805 1985 2021 2070 ἡδέως·

456 2096 546 2172 25
601 2095 713 2170 εἶτ’
747 2130 783 2168 α
809 2095 965 2195 Εμοὶ
993 2095 1286 2193 σκίμπους
1313 2099 1571 2192 γένοιτο,
1605 2121 1640 2157 ¹>
1675 2097 1838 2190 φησὶ,
1865 2128 1899 2163 α
1924 2124 2027 2165 τε-

1359 2199 1622 2296 τράπους
1643 2199 1680 2276 ἢ
1711 2201 1907 2296 θρόνος
1927 2254 1946 2285 ,
1984 2227 2019 2262 ³>

613 2307 752 2378 εἶτα
779 2294 844 2377 δ’
877 2339 912 2374 α
945 2297 1002 2378 fl
1035 2307 1277 2402 τρίπους
1308 2335 1438 2393 τις,
1470 2308 1607 2380 ἤτοι
1629 2358 1649 2393 ,
1701 2333 1735 2368 υ
1773 2307 1953 2400 φησὶ,

1313 2443 1346 2476 r<
1380 2405 1674 2506 παιδίσκῃ
1712 2406 1921 2490 δίπους
1940 2440 1955 2454 ·
1990 2437 2025 2472 >>

605 2519 662 2588 εἴ
686 2520 739 2587 θ’
771 2525 804 2586 ὁ
835 2521 943 2612 μὲν
967 2520 1136 2611 γνοὺς
1156 2526 1328 2586 ταῦτ’
1353 2519 1623 2592 ἀπῆλθεν
1663 2519 1824 2597 εὐθὺς
1843 2569 1862 2604 ,
1908 2522 2031 2584 ὥσ-

1549 2649 1661 2716 περ
1691 2617 1986 2701 Οἰδίπους
2008 2673 2027 2708 ,

603 2722 732 2798 οὐδ’
772 2721 928 2797 ἰδεῖν
955 2721 1136 2812 δόξας
1171 2727 1424 2814 ἐκείνην,
1459 2724 1744 2818 σώζεται,
1769 2721 2032 2813 δάκνων,

1823 2834 2028 2927 μόνος·

603 2942 660 3008 οἱ
695 2932 754 3007 δ’
799 2941 1040 3032 ἐρᾶσθαι
1067 2934 1522 3031 προσδοκῶντες
1553 2940 1712 3017 εὐθύς
1751 2940 1862 3007 εἶσ’
1888 2946 2035 3033 ’ᾑρη-

1829 3049 1992 3137 μένοι
2010 3098 2029 3133 ,

463 3148 557 3221 30
608 3150 714 3221 καὶ
735 3152 956 3245 φέρονθ’
985 3143 1140 3241 ὑψοῦ
1166 3150 1313 3244 πρὸς
1335 3149 1562 3243 αἴθραν.
1593 3151 1952 3243 Συντεμόντι
1970 3143 2031 3217 δ’

1803 3252 1944 3324 οὐδὲ
1972 3255 2033 3325 ἓν

602 3362 720 3433 ἔσθ’
748 3364 1011 3456 ἑταίρας,
1027 3366 1250 3456 ὅσαπερ
1264 3362 1398 3431 ἐστὶ
1412 3362 1590 3455 Θηρί’,
1609 3357 2003 3455 ἐξωλέστερον
2013 3415 2029 3429 .

457 3498 662 3550 Versus
695 3492 788 3549 1-ss
815 3511 888 3550 ex
913 3492 1187 3552 Athenaeo
1209 3492 1418 3567 repetit
1439 3492 1634 3549 Eusth.
1651 3508 1714 3565 p.
1749 3496 1894 3562 1714
1912 3534 1933 3560 ,
1960 3488 2035 3545 38

460 3600 592 3655 sqq,
642 3605 667 3632 α
701 3581 1050 3637 Praecessisse
1076 3580 1304 3637 videtur
1347 3576 1451 3645 Ὡς
1503 3576 1903 3657 τρισάθλιος
1944 3577 2035 3634 vel

457 3669 637 3725 simile
665 3666 822 3742 quid.
842 3692 866 3717 ι
889 3668 1096 3738 Mein„
1123 3666 1338 3723 adscito
1365 3686 1427 3725 v.
1463 3685 1497 3722 α
1521 3665 1949 3740 Wyttenbachii
1976 3653 2035 3720 οὗ

459 3754 602 3830 γένος
619 3750 743 3820 τίς..
755 3797 794 3815 ..
820 3752 1018 3832 φράσαι
1035 3776 1053 3824 ;
1073 3749 1528 3831 Παρανομῶτερον
1547 3753 1781 3811 Grotius
1797 3772 1908 3828 pro
1929 3772 2033 3807 πα-

465 3839 852 3921 ρανομώτατον.
883 3843 954 3901 V.
1000 3842 1034 3899 3
1064 3842 1218 3897 idem
1248 3839 1326 3905 τίς
1346 3859 1457 3917 pro
1484 3836 1553 3899 τί.
1591 3842 1660 3898 V.
1699 3848 1732 3907 l.
1765 3838 2036 3918 τρίκρανος

465 3927 702 3988 Σκύλλα.
731 3931 1014 3986 Homerus
1035 3928 1238 4003 Odyss.
1274 3946 1369 3998 ια,
1391 3946 1489 4000 9ο,
1513 3927 1708 4000 Scyllae
1727 3945 1824 3983 sex
1846 3928 2035 4001 capita

464 4018 744 4076 attribuit.
785 4020 851 4077 V.
880 4014 940 4073 5.
973 4018 1060 4073 De
1097 4014 1346 4090 Sphinge
1373 4014 1588 4071 dicitur
1608 4034 1665 4072 v.
1704 4033 1796 4072 αα.
1829 4012 2033 4071 Scribo

465 4108 637 4181 igitur
677 4100 860 4184 σφήξ.
897 4107 986 4162 De
1015 4104 1204 4179 vespis
1242 4103 1313 4160 cf.
1342 4105 1743 4179 cognominem
1789 4103 2033 4161 fabulam

2108 709 2288 764 nostri
2321 709 2565 782 repetita
2591 695 2659 762 αὖ
2686 703 2983 770 συνόντες...
3016 704 3241 767 σύνεισι.
3276 709 3471 764 Scribo
3492 711 3533 764 oi
3552 710 3627 766 Σι-

2108 794 2259 875 νώπῃ
2302 794 2347 854 δ’
2398 797 2872 869 αῖσιμοῦντες,
2922 801 3259 852 insumentes
3304 799 3365 852 in
3402 800 3631 854 mulierem

2111 882 2265 962 (scil.
2308 903 2444 960 opes
2472 884 2649 958 suas).
2679 888 2747 940 V.
2794 883 2863 940 13
2907 881 3067 955 αὐτὴ,
3098 890 3228 960 ipsa
3266 885 3633 960 Sinope,Gna-

2111 974 2305 1028 thaenae
2346 971 2778 1028 adolescentulae
2812 974 3096 1047 opposita.
3128 977 3200 1032 V.
3256 980 3327 1040 ¹4
3362 974 3483 1029 libri
3516 971 3633 1036 ὧςτᾶ

2109 1056 2279 1116 πολλά
2294 1055 2347 1136 γ’
2364 1057 2463 1114 εἰσὶ
2486 1059 2635 1135 (baec
2650 1060 2873 1134 egregie
2894 1062 3145 1116 correxit
3160 1061 3462 1135 Dobraeus)
3476 1059 3635 1126 ταύτῃ.

2112 1149 2223 1206 Sed
2251 1149 2481 1224 potiore
2508 1148 2641 1202 loco
2678 1148 3027 1222 praecipuam
3060 1165 3269 1206 vocem
3296 1147 3436 1207 διπλ.
3464 1169 3632 1223 ponens

2110 1237 2435 1312 scripserim
2459 1230 2797 1312 διπλάσιόνγ’
2818 1232 2958 1291 ἐστὶν
2977 1232 3161 1294 κακόν.
3184 1237 3260 1294 V.
3297 1236 3363 1292 15
3384 1237 3537 1293 codd.
3556 1237 3637 1291 fere

2116 1321 2339 1381 Νάννιον
2379 1321 2429 1379 τί
2468 1325 2582 1381 ν’ῠν.
2618 1321 2847 1380 Jacobs.
2896 1319 3027 1379 νυνί.
3065 1321 3141 1381 V.
3198 1322 3273 1378 16
3320 1322 3392 1380 de
3424 1321 3635 1400 θηρεύεται

2114 1407 2297 1468 λαὸεἷν
2340 1412 2594 1468 Lobeck.
2650 1411 2724 1466 ad
2770 1410 3001 1482 Ajacem
3040 1426 3103 1484 p.
3154 1427 3229 1481 71
3272 1420 3331 1466 et
3369 1411 3509 1468 Add.
3538 1413 3637 1465 citat

2117 1499 2295 1557 Mein.
2324 1501 2394 1556 V.
2429 1517 2495 1570 17
2524 1497 2700 1556 codd.
2740 1494 2949 1563 ἐξέπεσε
2980 1493 3211 1574 πορθμὶς
3244 1495 3459 1575 ἐλατίνῳ
3480 1495 3635 1572 πλάτῃ.

2116 1587 2357 1644 easaub.
2385 1597 2539 1644 recte
2568 1583 2827 1652 ἐξέπαισε.
2848 1609 2875 1635 ι
2898 1586 3171 1642 Similiter
3200 1583 3503 1652 ζκλακτίζιιν
3526 1586 3631 1640 dixit

2116 1674 2427 1732 Menander
2473 1676 2679 1731 Piscat.
2724 1689 2741 1732 z
2787 1669 3161 1729 ὄκλελάκτικεν
3188 1671 3202 1750 Ι
3228 1673 3261 1728 ὁ
3302 1669 3509 1750 χρηστὸς
3540 1675 3635 1741 ἡμῖν

2118 1759 2301 1840 μοιχὸς
2315 1803 2334 1838 ,
2362 1767 2578 1833 evasit,
2608 1757 2839 1834 effugit.
2874 1783 2901 1810 a·
2920 1763 3104 1816 Mein.
3136 1760 3255 1817 Sed
3282 1763 3441 1817 etiam
3462 1761 3627 1832 reliqua

2116 1852 2390 1906 laborant.
2417 1845 2909 1928 Πορθμὸς,]’νειιιηι
2926 1857 3257 1924 angustum,
3280 1847 3431 1924 qnod
3448 1849 3629 1902 transire

2118 1957 2238 1994 non
2262 1939 2456 2013 potuit
2480 1939 2637 1994 navis
2671 1953 3041 2012 persequens.
3076 1936 3333 2012 Tropice
3366 1936 3473 1991 haec
3496 1933 3623 1990 dicta.

2120 2027 2185 2084 V.
2213 2027 2287 2083 23
2314 2024 2662 2100 antiquiores
2685 2025 2821 2080 libri
2846 2021 3066 2081 λα6οῢσ’
3094 2026 3193 2080 vel
3214 2020 3481 2082 λαὸοῧσαι.
3502 2026 3551 2077 V.
3574 2019 3624 2075 25

2120 2126 2179 2171 et
2205 2114 2283 2171 26
2314 2113 2485 2170 codd.
2514 2117 2565 2170 A
2586 2124 2645 2170 et
2664 2115 2707 2169 Β
2730 2100 2843 2168 εἶτα
2866 2108 3157 2188 τετράπους
3182 2132 3275 2186 μοι
3296 2107 3495 2187 γένοιτο,
3516 2105 3621 2187 φησὶ,

2118 2200 2346 2280 τήνπρος
2374 2199 2391 2282 (
2407 2202 2453 2261 Β
2474 2197 2573 2270 τὴν
2610 2197 2772 2275 πρὸς)
2808 2196 2841 2268 ἢ
2870 2198 3072 2278 θρόνος·
3100 2188 3223 2256 εἶτα
3251 2197 3315 2270 δὴ
3342 2195 3524 2277 cpiam<
3542 2219 3617 2261 τις,

2120 2278 2257 2363 εἶτα,
2272 2288 2423 2369 φησὶ,
2440 2287 2693 2359 παιδίσκη
2714 2286 2911 2353 δίπους.
2932 2291 3045 2346 Pro
3064 2286 3296 2367 τήνπρος
3314 2287 3438 2346 cod.
3458 2289 3495 2344 C
3510 2281 3620 2358 σκίμ-

2118 2400 2272 2449 πους,
2299 2380 2585 2455 probante
2609 2378 2861 2435 Dobraeo
2878 2419 2896 2450 ,
2923 2395 3096 2452 quem
3130 2389 3357 2434 secutus
3390 2395 3520 2442 snm,
3540 2373 3617 2427 nisi

2122 2466 2283 2541 quod
2307 2469 2508 2542 scripsi
2546 2462 2707 2540 Ἐμοὶ
2736 2485 2847 2541 pro
2896 2485 2987 2540 μοι
3004 2507 3022 2536 ,
3078 2467 3247 2540 qnod
3286 2467 3510 2540 incipere
3538 2479 3619 2516 non

2120 2566 2307 2632 potest
2330 2559 2669 2614 orationem.
2694 2557 2797 2612 Ille
2812 2555 2963 2612 enim
2981 2541 3121 2613 Εἶτά
3144 2577 3239 2630 μοι
3262 2551 3521 2629 σκίμπους,
3538 2561 3615 2606 etc.

2121 2641 2351 2722 Τρίπους
2366 2686 2384 2716 ,
2416 2641 2619 2714 δίπους,
2652 2643 2829 2700 intell.
2858 2640 3116 2720 τράπεζα.
3148 2645 3405 2718 Ineptum
3432 2635 3617 2702 παιδίσκη

2124 2729 2323 2798 δίπους.
2349 2734 2622 2790 Meretrix
2642 2731 2875 2790 domina
2894 2732 3202 2808 grabatum
3222 2731 3400 2807 poscit
3412 2729 3487 2785 vel
3502 2727 3615 2782 thro-

2122 2841 2260 2878 num
2288 2833 2559 2897 quattuor
2587 2822 2869 2898 pedibus;
2899 2822 3117 2878 ancillae
3146 2839 3289 2878 vero
3312 2835 3523 2875 mensam
3542 2814 3617 2868 tri·

2121 2910 2329 2987 pedem
2354 2909 2438 2990 (v.
2473 2913 2676 2970 Horat.
2721 2911 2903 2969 Serm.
2952 2930 3007 2980 1,
3043 2907 3105 2983 3,
3146 2905 3249 2987 13)
3274 2908 3360 2965 vel
3382 2903 3613 2981 bipedem,

2122 3002 2329 3075 parieti
2355 2999 2789 3075 apponendam,
2814 3000 2927 3057 emi
2952 2999 3133 3073 cupit.
3164 3002 3233 3057 V.
3260 3016 3329 3069 27
3356 3008 3407 3052 et
3426 2993 3487 3049 αθ
3502 3008 3609 3045 men·

2125 3086 2264 3143 dose
2292 3088 2460 3143 ctiam
2504 3087 2601 3144 hic
2640 3087 2775 3143 libri
2808 3106 2822 3141 z
2869 3074 2964 3143 εἶθ’
3000 3086 3031 3142 ὃ
3064 3080 3169 3161 μὲν
3214 3108 3299 3163 γν.
3339 3106 3385 3142 τ.
3412 3082 3488 3138 ἀπ.
3512 3074 3613 3135 εὖῶς

2123 3169 2301 3250 ὥσπερ
2328 3172 2377 3249 γ’
2400 3170 2509 3231 οὐδ’
2541 3172 2667 3230 ἰδεῖν
2686 3172 2740 3231 δ.
2765 3169 2965 3240 ἐκείνην
2980 3217 2997 3244 ,
3028 3168 3257 3239 σώζεται
3275 3170 3321 3228 δ’
3342 3169 3463 3227 ἄκων
3488 3163 3613 3239 μόνοι,

2123 3264 2185 3317 in
2209 3262 2416 3336 quibus
2438 3259 2578 3319 ἄκων
2603 3262 2847 3317 alienum
2880 3272 2966 3316 est
2983 3300 3002 3331 ,
3024 3272 3227 3336 aptum
3250 3257 3488 3324 δάκνων,
3512 3270 3611 3307 mor·

2124 3352 2261 3405 dens
2278 3352 2634 3406 meretricem
2649 3349 2944 3425 deceptam
2962 3347 3082 3421 ejus
3102 3349 3265 3405 abitu
3280 3350 3604 3420 inexspectato-

2124 3440 2423 3495 Terentius
2452 3440 2599 3494 Eun.
2636 3438 2695 3512 3,
2732 3458 2789 3511 1,
2812 3436 2885 3494 55
2912 3456 2927 3495 :

2204 3570 2311 3626 par
2330 3569 2441 3625 pro
2467 3552 2595 3625 pari
2621 3550 2831 3607 referto
2850 3591 2868 3621 ,
2900 3548 3062 3625 quod
3080 3566 3209 3607 enm
3232 3546 3470 3605 mordeat.

2120 3661 2371 3729 Οἶδίπους
2393 3664 2635 3724 debetur
2655 3664 2878 3723 Grotio.
2898 3666 2967 3723 V.
2994 3682 3071 3738 29
3085 3664 3223 3719 libri
3244 3662 3377 3719 male
3397 3652 3511 3719 εὐθύς
3524 3650 3613 3708 ⁸3⁶¹*

2123 3748 2356 3829 ἠρμένοι.

2886 3882 2943 3919 2.

2206 3975 2294 4032 lb.
2326 3994 2386 4050 p.
2426 3973 2563 4045 572,
2588 3974 2632 4029 B
2662 3991 2677 4030 ε
2704 3970 2813 4031 Ἀν.
2842 3970 3121 4047 Νεοττίδι,

2222 4112 2284 4153 α.
2316 4081 2437 4152 Eam
2468 4080 2536 4152 δέ
2568 4112 2663 4161 τις
2682 4082 2713 4115 ⁴
2734 4088 2945 4178 μέτρια
2969 4087 3229 4178 λέγουσα

570 4276 826 4331 venatur?
849 4280 908 4330 at
927 4271 1132 4329 fremm
1156 4271 1322 4329 elusit
1347 4270 1578 4344 abiegna
1609 4272 1785 4327 navis.

570 4362 644 4417 Et
673 4359 887 4433 Phryne
903 4374 1089 4417 nonne
1111 4357 1426 4431 Charybdin
1443 4357 1610 4429 longe
1635 4364 1758 4429 post
1782 4372 1842 4415 εο
1867 4357 2031 4413 relin-

1731 4460 1738 4469 ·
1849 4443 2031 4514 [quit.

570 4546 698 4605 quae
717 4529 1036 4589 nauclerum
1060 4528 1390 4602 prehensum
1418 4544 1544 4587 cum
1573 4528 1820 4587 vehiculo
1847 4530 2033 4587 absor-

465 4623 536 4674 20
570 4616 794 4674 Theano
816 4625 998 4675 autem
1021 4630 1202 4673 nonne
1227 4622 1312 4673 est
1335 4616 1492 4673 Siren
1511 4614 1823 4689 deplumis?
1865 4616 2033 4689 [psit?

573 4702 726 4760 vultu
751 4718 812 4760 ac
835 4718 966 4760 voce
993 4700 1268 4771 mulieris,
1293 4702 1630 4775 merulaeque
1655 4702 1923 4759 eruribus.

573 4788 834 4863 Sphingis
860 4804 989 4847 vero
1025 4788 1304 4847 Thebanae
1333 4788 1554 4846 nomine
1593 4788 1830 4862 appelles
1851 4790 2033 4845 omnia

1785 4879 1993 4944 [scorta
2017 4916 2032 4943 ‚

574 4976 700 5046 «μὴν.
723 4961 1042 5036 simpliciter
1061 4960 1288 5035 quidem
1315 4961 1450 5018 nihil
1481 4961 1801 5034 loquuntur,
1825 4961 1921 5016 sed
1942 4976 2035 5031 per

1029 5080 1039 5088 -
1401 5048 1722 5119 [aenigmata
1747 5046 1997 5120 quaedam
2016 5089 2032 5115 ‚

573 5150 634 5193 se
653 5150 866 5204 amare,
882 5143 941 5191 et
953 5133 1199 5206 diligere.
1223 5139 1280 5189 et
1295 5132 1524 5191 libenter
1545 5149 1664 5190 esse
1681 5150 1807 5189 cum
1829 5134 2031 5206 aliquo.

472 5230 540 5279 25
575 5222 794 5292 deinde,
826 5247 854 5273 α
885 5222 1020 5281 Mihi
1045 5222 1302 5297 grabatus
1343 5221 1446 5286 sit,
1467 5246 1493 5270 n
1517 5221 1725 5295 inquit,
1761 5246 1786 5271 a
1818 5222 2035 5295 quadri-

1236 5310 1360 5382 [pes
1385 5322 1573 5366 mensa
1599 5308 1679 5365 vel
1707 5308 1970 5377 thronus3
2008 5334 2029 5356 w
2072 5328 2083 5368 ι

2232 4278 2287 4328 et
2310 4268 2508 4327 deinde
2542 4292 2569 4320 ι
2590 4268 2856 4335 Ancillae,
2882 4292 2909 4318 n
2934 4268 3151 4340 inquit,
3176 4290 3201 4317 α
3226 4264 3305 4323 vel
3324 4263 3464 4334 tripes
3478 4254 3608 4322 lliqffi

3100 4352 3215 4423 [vel
3246 4350 3385 4423 bipes
3408 4354 3603 4428 mensa·-

2231 4440 2422 4515 quodsi
2436 4479 2453 4509 ,
2476 4442 2571 4514 qui
2598 4440 2719 4497 haec
2740 4440 2923 4529 novit3
2948 4438 3215 4497 continuo
3238 4434 3389 4500 abiit,
3412 4436 3464 4487 ut
3484 4420 3605 4581 gals!-

2232 4632 2302 4673 ne
2324 4616 2499 4673 videre
2516 4615 2738 4689 quidem
2758 4614 2916 4672 istam
2938 4612 3205 4671 simulans
3224 4652 3239 4681 ,
3256 4612 3485 4667 servatur,
3505 4608 3608 4652 mor-

3276 4694 3449 4766 mens,
3472 4684 3603 4742 εοΙιιςς

2231 4792 2326 4865 qui
2357 4807 2481 4847 vero
2505 4806 2749 4848 amorem
2780 4796 3119 4863 exspectant,
3146 4786 3319 4845 subito
3344 4776 3602 4851 camisum,

2128 4886 2196 4936 3ο
2225 4880 2439 4951 alteque
2462 4878 2517 4933 in
2543 4878 2772 4934 aethram
2798 4876 3065 4933 feruntur.
3111 4871 3417 5021 &evitet-[ut
3434 4862 3600 5001 ῗιίωὲιι·

3380 4966 3445 5007 nu
3476 4962 3501 5001 a
3536 4982 3553 4994 .
3586 4978 3597 4999 ,

2234 5058 2502 5124 quotquot
2524 5058 2653 5107 sunt
2680 5051 2808 5107 ferae
2826 5092 2841 5118 ,
2864 5048 3145 5105 meretrice
3170 5038 3431 5101 exitiosior.

2874 5193 2927 5242 2.

2197 5326 2245 5363 a.
2276 5310 2329 5365 Si
2356 5322 2479 5379 quae
2510 5322 2635 5363 vero
2692 5304 2827 5361 nihil
2852 5300 3203 5361 immodicum
3230 5296 3456 5366 loque-1182
