3809 5850
451 385 520 436 3⁸
1315 371 1324 378 ’
1441 369 1845 431 COMOEDIAE
1893 357 2221 428 VETERIS
2268 364 2676 438 RELlQmAE.

1198 503 1254 560 6.

525 617 778 675 Stobaeus
799 617 954 673 Flor.
997 616 1127 685 103,
1162 635 1183 670 ι
1202 634 1254 670 ι.
1285 614 1387 691 Κρ.
1421 613 1474 670 ἰν
1503 613 1614 671 Πλ.

543 733 876 824 Αὐτόματα
907 737 1068 797 τοῖσι
1096 731 1221 807 θεὸς
1251 728 1404 796 ἀνίει
1433 728 1695 822 τάγαθά.

441 859 630 916 Verba
661 859 914 934 prologi,
947 869 1011 912 ut
1039 857 1275 932 opinor,
1317 857 1388 916 de
1416 855 1684 912 felicitate
1709 855 2010 910 hominum

439 949 544 1004 sub
571 966 749 1024 regno
779 947 1027 1003 Saturni,
1063 945 1152 1002 Ad
1185 947 1492 1021 prologum
1521 947 1694 1000 etiam
1719 943 1926 1020 fragm.
1974 943 2010 1000 8

441 1047 500 1092 et
542 1056 580 1110 9
623 1037 910 1111 pertinere
955 1035 1238 1090 existimes
1255 1073 1273 1102 ,
1325 1053 1356 1104 7
1411 1043 1602 1089 autem
1652 1032 1728 1089 ad
1777 1051 2011 1089 carmen

441 1125 625 1180 chori.
656 1124 935 1181 Dobraeus
962 1119 1252 1195 Αὖτόματα
1292 1120 1340 1178 δ’
1382 1120 1572 1187 αὐτοῖς.
1609 1121 2013 1196 Aristophanes

439 1215 585 1270 Ran.
623 1211 771 1282 1462
802 1208 1022 1269 :zvoivs’
1041 1207 1174 1266 ἀνίει
1205 1209 1279 1287 (ἰ.
1301 1229 1356 1268 e.
1382 1211 1693 1286 interprete
1712 1210 2012 1266 scholiasta

439 1299 722 1378 ἀνάπεμπε
749 1301 768 1377 )
796 1297 1018 1376 τάγαθά.
1061 1299 1328 1356 Arsenius
1353 1299 1504 1358 Viol.
1523 1319 1584 1375 p.
1610 1297 1684 1368 84
1707 1337 1724 1368 ,
1753 1295 2009 1372 Αὐτομά-

438 1411 540 1454 τως
565 1390 594 1445 ὁ
620 1387 730 1454 θεὸς
761 1385 936 1458 ἀνίησι
962 1385 1170 1462 τάγαθά
1202 1406 1216 1442 :
1261 1384 1348 1442 ἐπὶ
1381 1387 1486 1444 τῶν
1531 1383 1886 1463 ἀπραγμόνως
1914 1385 2007 1442 εὖ-

437 1473 854 1550 δαιμονούντων·
885 1487 944 1533 et
967 1477 1212 1550 Diogen.
1245 1473 1304 1545 3,
1343 1473 1431 1532 15.

1193 1607 1248 1658 7.

517 1703 834 1760 Priscianus
861 1699 954 1771 18,
995 1721 1058 1776 p.
1099 1701 1272 1776 1169,
1301 1700 1366 1756 13
1401 1701 1482 1776 (p.
1513 1700 1618 1758 181
1647 1700 1736 1757 ed.
1777 1700 2002 1777 Krebl).

445 1815 468 1842 ιι
499 1791 590 1848 Illi
632 1791 714 1865 (i.
759 1809 811 1848 e.
869 1788 1095 1866 Graeci)
1150 1785 1540 1866 βαρύνομαι
1587 1785 1867 1859 τούτου,
1915 1787 2007 1846 καὶ

436 1875 562 1934 ὑπὸ
589 1874 866 1951 τούτου,
894 1873 986 1931 καὶ
1013 1876 1248 1933 τοῦτο·
1280 1893 1385 1932 nos
1417 1895 1626 1949 gravor
1645 1875 1797 1932 hanc
1817 1895 1935 1932 rem
1954 1889 2012 1932 et

436 1965 548 2020 hac
559 1984 636 2022 re.
651 1963 922 2042 Σοφοκλῆς
939 1961 1040 2039 [ἐν]
1059 1959 1368 2040 Φιλοκτήτῃ
1384 1964 1458 2042 τῷ
1475 1963 1526 2020 ἂν
1545 1960 1734 2042 Τροία·
1766 1961 1876 2024 ’Oc
1889 1967 2008 2039 μῆς

437 2072 562 2126 μου
606 2049 781 2116 ὅπως
827 2048 917 2125 μὴ
959 2049 1443 2128 βαρυνθήσεσ..
1477 2071 1616 2125 μου·
1645 2049 1762 2107 ἀντὶ
1787 2053 1878 2108 τοῦ
1908 2050 2007 2110 ὑπὸ

438 2142 530 2208 τῆς
557 2141 746 2216 ὀσμῆς.
780 2137 911 2218 (sic
933 2140 1288 2200 Monacensis
1318 2139 1522 2212 codex,
1557 2159 1728 2216 quem
1755 2151 2003 2212 secutus,

437 2247 616 2304 quum
643 2229 874 2286 ederem
893 2229 1118 2304 Tragici
1140 2229 1456 2304 fragmenta
1471 2247 1526 2289 a.
1563 2228 1735 2299 1846,
1763 2231 2008 2286 scriben-

435 2319 574 2374 dum
609 2319 923 2375 existimavi
962 2314 1171 2392 Ὀσμῆς
1197 2315 1338 2382 ὅπως
1379 2315 1474 2392 μὲν
1498 2315 1574 2394 μὴ
1621 2313 2009 2395 βαρυνθήσεσθέ

435 2427 560 2478 μου,
589 2425 742 2462 nunc
765 2415 980 2475 autem,
1015 2425 1055 2479 μ
1089 2416 1146 2461 et
1171 2426 1214 2461 π
1239 2405 1554 2461 litterarum
1577 2405 2007 2461 similitudinem

433 2496 494 2550 in
513 2495 648 2553 Mss.
679 2503 971 2570 reputans,
999 2493 1194 2548 malim
1221 2489 1312 2550 ’0.
1343 2488 1484 2556 ὅπως
1513 2512 1614 2566 μου
1643 2489 1720 2566 μὴ
1753 2493 1806 2568 β.
1838 2490 2000 2568 που.)

435 2583 539 2659 Κρ.
569 2581 626 2638 ἐν
653 2582 762 2640 Πλ.

530 2701 632 2772 Μὴ
671 2693 958 2790 ξυντυχίᾳ
998 2699 1408 2788 βαρύνομενοι.

433 2831 560 2884 Hoc
585 2825 820 2902 quidem
843 2824 1024 2882 edidit
1049 2825 1244 2894 Mein„
1277 2825 1534 2898 quamvis
1563 2826 2006 2883 constructionis

413 2919 522 2975 ’τοῦ
555 2913 870 2996 βαρύνεσθαι
897 2909 1032 2971 eum
1054 2913 1248 2971 dativo
1277 2913 1628 2971 mentionem
1654 2932 1774 2970 non
1805 2913 2005 2973 fecerit

431 3006 766 3062 Priscianus.
819 3004 1002 3079 Igitur
1047 3002 1406 3059 verisimilius
1445 3002 1649 3059 Krehl.
1695 2998 2000 3082 ξυντυχίαν,

430 3093 532 3150 sed
557 3112 674 3167 quo
690 3091 824 3163 jure
849 3092 1138 3165 scripserit
1164 3090 1420 3166 Κρατῖνος
1439 3087 1676 3166 Χείροσι,
1697 3089 1790 3159 Μὴ
1822 3088 1999 3158 ξυντυ-

430 3179 555 3258 χίαν
586 3182 660 3257 β.,
685 3180 889 3235 merito
911 3180 1151 3235 miratur
1170 3178 1344 3233 Mein.

1185 3293 1256 3353 8.-

511 3408 764 3466 Suidas.
807 3404 1274 3467 Ἀνανεοῧσθα
1292 3429 1309 3463 ι
1341 3406 1707 3483 (renovari),
1731 3412 1802 3473 ὼς
1823 3407 1997 3483 ἡμεῖς.

428 3494 753 3567 Θουκυδίδης
784 3494 825 3554 ε’
859 3496 976 3575 (18)
1024 3494 1116 3553 καὶ
1164 3493 1508 3575 Πλούταρχος
1549 3493 1826 3575 Κρατῖνος.
1859 3500 1995 3553 Duo

427 3587 599 3643 codd.
630 3586 804 3642 Paris.
841 3576 1037 3642 Πλούτ.
1071 3580 1334 3662 Κρατίνῳ.
1364 3587 1542 3641 Recte
1569 3584 1769 3642 Valck.
1806 3586 1993 3641 Diatr.

425 3694 486 3749 p.
537 3681 652 3742 214
681 3684 738 3731 et
775 3675 1029 3731 Pierson.
1063 3673 1137 3728 ad
1175 3674 1340 3731 Moer.
1385 3692 1442 3745 p.
1498 3690 1590 3741 17,
1621 3670 1710 3729 καὶ
1741 3668 1999 3736 Πλούτοις

430 3760 704 3839 Κρατῖνος.

506 3953 710 4008 Pollux
733 3968 794 4020 α,
835 3950 906 4006 61
948 3970 960 4004 :
999 3950 1255 4027 Κρατῖνος
1283 3948 1328 4005 δ’
1367 3949 1420 4004 ἐν
1449 3944 1690 4025 Πλούτῳ,
1719 3946 1864 4027 (sic)
1905 3948 1997 4007 καὶ

424 4041 500 4097 ἀν
519 4036 818 4119 απηρίαν
847 4036 1364 4117 (mutilationem).
1397 4034 1601 4093 Suidas
1628 4048 1817 4092 autem
1839 4034 1993 4094 Ἀνα-

427 4128 623 4207 πηρίαν
657 4149 671 4184 :
705 4125 868 4193 οὕτως
896 4123 1266 4204 Ἀριστοφάνης
1307 4122 1554 4202 Πλούτῳ,
1578 4143 1703 4199 quae
1741 4125 1992 4184 Brunck.

421 4219 620 4275 retulit
641 4216 719 4273 ad
739 4218 890 4273 Pluti
917 4233 1146 4271 versum
1177 4233 1200 4269 1
1219 4213 1312 4287 15,
1339 4213 1440 4269 ubi
1469 4212 1645 4269 hodie
1671 4212 1877 4287 legitur
1898 4212 1989 4289 ὀφ·

422 4302 666 4379 θαλμίας.
729 4329 754 4356 ιι
823 4305 1084 4363 Fortasse
1127 4314 1280 4359 reete
1329 4302 1426 4377 (ut
1467 4301 1758 4376 Aristoph.
1795 4303 1993 4376 priore

368 4449 377 4458 ,
421 4395 674 4451 editione
705 4393 910 4449 fabulae
937 4392 1156 4449 dixerit
1186 4390 1498 4470 ἀναπηρίας.
1526 4392 1696 4449 Both.
1715 4390 1760 4465 );
1801 4409 1993 4465 neque

421 4481 805 4557 improbabile
827 4492 911 4537 est
946 4482 1239 4537 Pollucem
1281 4498 1384 4537 suo
1414 4482 1594 4555 ipsius
1619 4497 1816 4537 errore
1845 4479 1993 4539 Cra-

421 4574 602 4627 tinum
620 4570 938 4626 nominasse
957 4588 1066 4643 pro
1085 4570 1465 4643 Aristophane
1485 4590 1496 4622 :
1525 4568 1596 4624 cf.
1620 4570 1947 4625 Dobraeum.
1968 4593 1993 4617 υ

425 4684 450 4709 «ι
485 4662 666 4714 Mein.
694 4657 972 4731 Equidem
1002 4653 1198 4733 ἐπέχω.

416 4972 724 5043 spontanea
746 4968 832 5023 his
863 4966 1000 5022 deus
1030 4886 1257 5035 largiiiir
1284 4966 1446 5023 boua.

1064 5056 1341 5111 PYLAEA.

419 5147 577 5202 Novit
604 5142 854 5216 Pylaicus
871 5140 992 5198 haec
1019 5148 1318 5197 conventus
1335 5148 1392 5197 et
1414 5140 1694 5212 Tettigias.

2190 496 2652 554 Probabilissima
2711 495 3039 568 conjectura
3086 495 3161 551 ad
3224 496 3372 552 hanc
3428 497 3663 553 fabulam

2112 586 2285 642 Mein.
2316 583 2489 640 refert
2512 583 2713 672 fragm.
2750 585 3027 639 incertum
3066 583 3157 652 18,
3184 583 3341 658 quod
3376 585 3525 644 vide.

2634 745 2793 801 XIX.
2844 743 3152 803 ΠΥΔΑΙΑ.

2184 906 2601 978 Argumentum
2626 903 2795 974 hujus
2830 901 3123 960 comoediae
3168 903 3259 957 vel
3298 902 3377 958 ad
3418 920 3667 958 conven-

2108 1001 2229 1046 tum
2260 993 2778 1067 Arnphietyonum,
2804 992 2895 1046 vel
2929 991 3006 1048 ad
3032 1003 3347 1048 mercatum
3380 993 3667 1066 Pylaicum

2106 1079 2181 1154 (v.
2204 1080 2382 1138 Baehr.
2400 1079 2476 1135 ad
2497 1079 2781 1138 Herodot.
2800 1099 2857 1150 7,
2878 1079 3039 1154 213),
3057 1079 3148 1135 vel
3164 1081 3356 1154 potius
3370 1079 3443 1136 ad
3456 1090 3667 1134 utrum·

2104 1185 2217 1240 que
2245 1169 2605 1243 pertinuerit.
2654 1169 2741 1224 De
2774 1177 3029 1224 mercatu
3068 1169 3223 1224 testis
3263 1179 3351 1224 est
3388 1167 3670 1227 zenobius

2106 1253 2166 1332 5,
2198 1255 2273 1314 36
2303 1275 2318 1310 ε

2182 1365 2341 1437 Οἶδεν
2372 1374 2587 1436 Πυλαία
2614 1377 2781 1433 ταῦτα
2808 1375 2899 1433 καὶ
2918 1377 2971 1435 T
2970 1373 3195 1453 εττιγίας

2106 1497 2334 1574 (versus
2360 1499 2548 1554 nescio
2571 1498 2767 1573 cujus)
2798 1495 2860 1553 ιδ
2878 1493 3170 1573 Τυττυγίας
3199 1496 3311 1572 (sic
3334 1497 3667 1572 utrobique,

2103 1586 2265 1662 quod
2295 1586 2459 1644 nihili
2485 1599 2696 1642 nomen
2720 1583 3047 1642 emendavit
3070 1587 3264 1654 Mein.,
3293 1583 3561 1640 adhiberi
3582 1585 3667 1656 ju-

2101 1676 2241 1732 bens
2282 1676 2513 1732 Miiller.
2555 1678 2702 1731 Dor.
2754 1693 2813 1744 2,
2844 1692 2906 1748 p.
2952 1673 3091 1750 399,
3140 1681 3171 1740 4
3196 1681 3215 1748 )
3261 1669 3667 1750 ἀνδραποδιστὴς

2100 1751 2192 1834 ἦν,
2216 1762 2407 1820 ἐπώλει
2440 1759 2485 1818 δ’
2512 1761 2567 1818 ἐν
2594 1763 2659 1838 τῇ
2693 1753 2907 1840 Πυλαία
2936 1759 3002 1818 τὰ
3027 1759 3299 1836 ἅλλότρια,

2863 1901 2913 1939 1.

2180 1996 2372 2052 Schol.
2425 1993 2679 2052 Platonis
2724 1993 2971 2052 Bekker.
3017 2013 3079 2069 p.
3132 1992 3245 2064 373
3299 2012 3313 2047 ι
3366 1991 3667 2069 Αὖτόματοι

2101 2081 2145 2140 δ’
2170 2081 2357 2162 ἀγαθοὶ
2386 2083 2568 2140 δειλῶν
2598 2082 2665 2159 (Τ)
2694 2077 2781 2138 ἐπὶ
2810 2080 2992 2146 δαῖτας
3016 2079 3157 2138 ἴασιν
3192 2080 3455 2156 (hexam.
3474 2083 3662 2140 heroi-

2101 2192 2200 2228 cus
2222 2174 2260 2248 )·
2290 2169 2491 2243 ταύτην
2537 2167 2593 2228 δὲ
2619 2167 2859 2248 λέγουσιν
2898 2171 3137 2248 εἰρῆσθαι
3171 2169 3258 2228 ἐπὶ
3286 2169 3567 2250 Ἡρακλεῖ,
3594 2169 3663 2244 ὃς,

2100 2257 2186 2317 ὅτε
2210 2261 2478 2318 εἱστιῶντο
2504 2259 2581 2338 τῷ
2623 2256 2799 2328 Κήῦκι
2829 2254 2979 2328 ξένοι,
3006 2256 3216 2328 ἐπέστη.
3248 2257 3508 2336 Κρατῖνος
3538 2257 3590 2316 δὲ
3617 2261 3665 2316 ἐν

2104 2347 2317 2426 Πυλαία
2350 2343 2680 2423 μεταλλάξας
2708 2342 2870 2415 αὐτὴν
2892 2343 3080 2426 γράφει
3108 2342 3302 2412 οὕτως·

2200 2475 2341 2550 Οἵδ’
2378 2481 2506 2551 αὖθ’
2530 2488 2729 2574 ἡμεῖς,
2750 2488 2830 2560 ὡς
2856 2486 2889 2548 ὁ
2918 2482 3178 2558 παλαιὸς

2195 2590 2401 2682 λόγος,
2426 2589 2798 2682 αὐτομάτους
2832 2589 3083 2682 ἀγαθοὺς
3113 2589 3267 2654 ἰέναι

2196 2693 2446 2789 κομψῶν
2480 2695 2579 2763 ἐπὶ
2604 2690 2791 2763 δαῖτα
2821 2696 3070 2763 θεατῶν.

2098 2842 2165 2902 Ὁ
2186 2840 2407 2908 παλαιὸς
2432 2841 2612 2920 λόγος,
2642 2861 2759 2917 quo
2785 2845 3002 2919 primus
3027 2841 3291 2898 videatur
3312 2833 3447 2898 usus
3466 2844 3661 2898 Hesio-

2097 2933 2204 2988 dus
2228 2934 2291 2987 in
2334 2934 2561 3008 Nuptiis
2588 2932 2815 3006 Ceycis,
2857 2931 2929 2988 de
2963 2950 3081 3006 quo
3127 2930 3369 2986 Ovidius
3406 2932 3545 2989 Met.
3580 2950 3662 2999 ιι,

2094 3022 2274 3078 schol.
2325 3020 2401 3076 ad
2442 3022 2837 3095 Aristophanis
2870 3024 2979 3076 Av.
3024 3018 3163 3089 250,
3212 3029 3325 3075 ete.
3372 3018 3661 3077 Zenobius

2097 3128 2157 3179 α,
2191 3128 2283 3184 19,
2310 3106 2614 3183 Αὖτόματοι
2638 3108 2683 3165 δ’
2706 3106 2893 3181 ἀγαθοὶ
2918 3107 3127 3183 ἀγαθῶν
3150 3104 3238 3163 ἐπὶ
3258 3105 3442 3171 δαῖτας
3460 3102 3623 3163 ἵενται
3646 3128 3661 3161 :

2092 3193 2256 3263 οὕτως
2283 3194 2522 3261 Ἡσίοδος
2538 3195 2804 3274 ἐχρήσατο
2828 3200 2896 3274 τῇ
2930 3193 3209 3272 παροιμίᾳ,
3238 3196 3311 3260 ὡς
3342 3191 3665 3272 ῗΗρακλέους

2094 3284 2521 3365 ἐπιφοιτήσαντος
2556 3280 2645 3343 ἐπὶ
2670 3282 2764 3355 τὴν
2791 3268 2962 3343 οἰκίαν
2998 3281 3209 3355 Κήϋκος
3234 3286 3326 3341 τοῦ
3349 3282 3663 3363 Τραχινίου,

2092 3372 2181 3431 καὶ
2210 3371 2377 3440 οὕτως
2422 3371 2673 3441 εἰπόντος.
2710 3374 2855 3433 Male
2899 3375 3033 3430 libri
3084 3370 3245 3439 οὕτως
3285 3370 3661 3450 Ἡράκλειτος.

2091 3462 2553 3519 Schneidewinus
2582 3462 2741 3538 apud
2771 3460 2971 3538 Bergk.
3010 3462 3355 3519 Commentt.
3400 3482 3469 3537 p.
3508 3470 3661 3530 440:

2093 3552 2303 3607 «Nosti
2330 3569 2559 3606 carmen
2586 3548 2931 3607 Hesiodeum
2962 3550 3006 3609 Γ
3008 3546 3144 3624 άμον
3180 3546 3409 3619 Κήϋκος,
3446 3569 3523 3607 ex
3550 3570 3663 3625 quo

2088 3637 2371 3713 profluxit
2392 3639 2664 3695 sententia
2686 3638 2785 3695 illa
2808 3656 2843 3694 a
2863 3638 3205 3711 Baccliylide
3232 3635 3481 3712 repetita
3500 3640 3561 3693 in
3584 3658 3669 3696 ea-

2090 3725 2223 3781 dem
2236 3726 2535 3783 occasione
2558 3744 2573 3781 :
2591 3726 2723 3781 hinc
2738 3726 2827 3782 vel
2840 3728 2899 3781 in
2910 3724 3283 3801 proverbium
3297 3724 3468 3781 abiit.
3500 3728 3669 3803 Apud
3769 3746 3770 3761 ³

2088 3812 2411 3871 Zenobium
2458 3810 2701 3879 Ἡσίοδος
2737 3815 2930 3871 scribo
2970 3834 2983 3869 z
3014 3809 3358 3890 Ἡράκλειτος
3404 3820 3669 3891 sequenti

2087 3897 2405 3977 Ἡρακλέους
2430 3902 2709 3977 originem
2733 3902 2923 3959 debet.
2948 3901 3185 3959 Hesiodi
3206 3918 3423 3957 nomen
3444 3907 3671 3978 quoties

2087 4000 2425 4065 corruptum
2468 3991 2561 4063 sit,
2614 3991 2990 4048 notissimum.
3044 4012 3071 4041 υ
3109 3993 3197 4046 De
3242 3992 3503 4049 carmine
3562 3994 3669 4049 isto

2086 4076 2384 4133 Athenaeus
2428 4096 2487 4153 2,
2526 4098 2590 4153 p.
2646 4084 2746 4152 49,
2776 4080 2820 4134 Β
2868 4099 2881 4134 :
2936 4076 3017 4135 ὅτι
3067 4076 3308 4143 Ἡσίοδος
3348 4078 3405 4135 ἐν
3456 4080 3671 4151 Κῆῦκος

2084 4162 2241 4244 γάμῳ
2270 4166 2286 4245 (
2304 4164 2403 4223 κᾶν
2442 4164 2544 4245 γὰρ
2590 4169 2973 4244 γραμματικῶν
3016 4166 3199 4233 παῖδες
3246 4164 3549 4233 ἀποξενῶσι
3580 4174 3669 4228 τοῦ

2083 4256 2301 4323 ποιητοῦ
2329 4251 2397 4310 τὰ
2421 4251 2524 4324 ἔπη
2552 4258 2753 4324 ταῦτα,
2784 4252 2901 4311 ἀλλ’
2938 4253 3055 4329 ἐμοὶ
3090 4254 3233 4311 δοκεῖ
3257 4256 3465 4332 ἀρχαῖα
3498 4246 3669 4331 εἶναι)

2083 4363 2154 4419 τρ
2172 4340 2189 4396 ί
2203 4362 2244 4397 π
2259 4363 2285 4397 ο
2302 4341 2375 4399 δα
2394 4366 2417 4407 ς
2447 4339 2540 4408 τὰς
2560 4344 2822 4420 τραπέζας
2845 4344 2992 4421 φησί.
3019 4344 3100 4401 Cf.
3122 4344 3325 4401 Pollux
3348 4342 3411 4413 6,
3438 4344 3547 4404 83.

2840 4477 2895 4516 2.

2163 4570 2359 4625 Suidas
2378 4610 2395 4639 ,
2431 4566 2740 4644 Ἀμύναιντο
2770 4587 2782 4622 z
2818 4564 3093 4643 ᾶμῦναιεν.
3120 4568 3226 4644 Kp.
3257 4566 3522 4635 Πυλαίοις
3550 4568 3665 4645 (sic)

2034 4698 2037 4700 Α
2086 4682 2112 4707 ι
2142 4654 2343 4722 Αὐτοὺς
2393 4655 2695 4715 ἐπαίδευσεν
2747 4654 2927 4735 ἔθρεψέ
2972 4678 3029 4713 τε
3072 4652 3339 4731 δημοσίοις
3382 4656 3668 4735 χρήμασιν

2032 4997 2038 5046 i
2083 4969 2194 5021 Nos
2222 4963 2407 5020 itidem
2438 4963 2514 5019 illi
2540 4970 2769 5031 (sumus
2788 4969 2829 5031 ),
2852 4962 3155 5021 secundum
3180 4972 3331 5019 vetus

2034 5058 2038 5072 '
2084 5051 2316 5115 dictum,
2346 5050 2463 5121 qui,
2484 5058 2549 5105 ut
2567 5050 2666 5107 viri
2696 5050 2873 5122 probi,
2895 5057 3086 5121 sponte
3110 5048 3331 5105 veniant

2084 5139 2152 5195 ad
2182 5138 2513 5209 elegantium
2534 5137 2720 5210 epulas
2740 5145 3129 5209 spectatorum.
