3809 5850
1583 441 1686 499 AN
1702 442 1834 501 Ax}
1846 441 2001 500 LAS.

239 582 364 656 τοῖς
393 566 739 666 δεομένοισι
771 581 948 640 τινῶν
975 577 1238 668 ὑπουργῇ
1263 575 1408 667 πρὸς
1437 577 1634 670 χάριν,

237 685 304 748 ἐκ
329 692 442 760 τῆς
471 674 942 773 ἑταιριίας(ἃν)
967 678 1174 772 ἑταίρα
1199 679 1463 774 τοῦνομα

237 785 710 881 προσηγορεύθη,
729 783 831 852 καὶ
859 786 930 852 σὺ
949 794 1048 852 νῦν
1082 789 1194 878 οὐχ
1211 835 1230 869 ,
1263 791 1344 864 ὡς
1369 789 1603 882 λέγεις,

151 887 190 959 5
237 893 494 986 πόρνης,
535 892 770 984 ἕταίρας
797 885 882 972 δ’,
919 891 1002 968 εἰς
1027 891 1224 983 ἔρωτα
1257 891 1574 985 τυγχάνεις

237 999 572 1076 ἐληλυθώς·
600 993 694 1092 ἆρ’
725 1004 804 1075 ὡς
824 998 1062 1076 ἀληθῶς
1086 1001 1212 1064 ἐστι
1240 1007 1382 1092 γοῦν

237 1105 404 1178 ἁπλῆ
437 1128 578 1189 τις;
616 1108 678 1190 β.
703 1099 931 1170 Ᾰστεία
959 1105 1065 1195 μὲν
1094 1100 1221 1189 οὖν,
1254 1110 1322 1179 νὴ
1353 1105 1458 1170 τὸν
1488 1102 1616 1170 Δία.

151 1243 372 1296 Versum
413 1260 438 1296 1
472 1241 556 1296 sic
579 1241 816 1296 restituo
846 1235 1019 1297 ιἜὰν
1048 1235 1106 1296 δί
1129 1259 1206 1304 τις
1227 1238 1312 1318 μὴ
1344 1237 1620 1318 μέτριον
1649 1239 1719 1296 οὗ

151 1323 426 1404 λίγουσᾶ
466 1349 560 1400 τι,
593 1329 965 1405 depravatum
989 1330 1202 1404 partim
1231 1329 1479 1398 omissis,
1504 1329 1718 1405 partlm

154 1417 500 1474 commutatis
525 1417 833 1486 similibus,
855 1415 932 1490 μὴ
943 1428 1074 1472 ante
1089 1437 1210 1491 με-,
1225 1437 1284 1474 ου
1295 1428 1422 1493 post
1435 1438 1576 1487 ον,·ιι
1587 1427 1719 1472 ante

152 1523 222 1560 το.
241 1500 328 1572 Μὴ
345 1501 581 1582 μέτριον,
607 1505 848 1561 verbum
876 1507 1246 1573 immodicum,
1272 1505 1516 1562 mendax
1533 1547 1550 1575 ‚
1569 1503 1717 1561 adu-

153 1591 424 1662 latorium,
457 1593 654 1666 qualia
681 1591 820 1648 dicit
848 1593 920 1648 fr.
955 1611 974 1648 ι
991 1635 1012 1669 ,
1037 1599 1148 1664 α4·;
1173 1593 1384 1668 quibus
1411 1594 1495 1649 ibi
1535 1611 1720 1668 oppo-

152 1679 225 1732 nit
243 1697 530 1736 sermones
551 1681 662 1737 τῶν
697 1677 878 1746 ἁπλῶς
903 1680 1196 1752 λαλουσιῗιν,
1237 1692 1296 1738 et
1315 1682 1427 1736 hoc
1457 1681 1499 1739 l.
1540 1683 1717 1756 ipsam

155 1768 372 1822 amicam
393 1767 766 1824 commodam
792 1777 964 1825 vocat
991 1765 1189 1837 ἇπλῆν.
1215 1771 1285 1824 V.
1311 1786 1346 1823 α
1367 1778 1428 1824 et
1456 1765 1490 1823 3
1515 1767 1719 1824 modu·

156 1853 362 1912 latiores
397 1855 636 1914 reddidi
675 1857 982 1914 scribendo
1030 1853 1322 1932 δεομένοισι
1365 1865 1426 1912 et
1463 1851 1527 1912 ἂν
1564 1857 1716 1914 inse-

157 1941 314 1998 rendo
345 1955 478 2020 post
521 1943 822 2022 ἑταιρείας,
882 1944 1046 2018 quod
1087 1963 1120 2000 a
1161 1943 1334 2002 Mein.
1373 1944 1573 2020 accepi
1603 1963 1714 2021 pro

158 2029 400 2086 codicum
429 2033 720 2108 scriptura
751 2027 1003 2109 ἑταιρίας.
1052 2033 1166 2088 Pro
1202 2032 1356 2090 τινῶν
1383 2032 1536 2090 haud
1567 2035 1718 2091 male

159 2118 272 2175 cod.
303 2119 346 2178 B
370 2117 506 2186 τινὸς
522 2163 541 2193 ,
569 2139 893 2196 vereorque
911 2139 986 2177 ne
1006 2119 1338 2196 ponendum
1365 2121 1438 2176 ait
1459 2120 1568 2186 τοῖς
1593 2119 1720 2178 δεο-

159 2201 340 2275 μὲνοισί
361 2227 514 2273 τινος.

639 2344 802 2405 XIV.
849 2343 1174 2404 ΝΗΡΕΥΣ.

225 2489 302 2544 De
327 2449 540 2562 Nereo,
591 2506 786 2564 coquo
815 2488 1188 2548 celeberrimo
1208 2533 1225 2564 ,
1257 2509 1314 2544 v.
1354 2489 1708 2550 Anaxandri-

163 2571 274 2632 dam
297 2576 480 2636 sabula
507 2577 866 2654 cognomini.

229 2674 414 2731 Athen.
461 2693 565 2746 ro,
595 2693 663 2750 p.
705 2673 851 2745 426,
881 2673 926 2732 C
945 2716 962 2745 ,
1006 2673 1082 2730 de
1109 2675 1278 2732 variis
1301 2675 1488 2732 modis
1517 2677 1708 2734 vinum

165 2761 406 2819 miscendi
432 2779 450 2822 t
484 2761 564 2820 διὸ
586 2759 685 2820 καὶ
711 2759 817 2822 ’Am
847 2762 902 2820 ἒν
927 2761 1098 2840 Νηρεῖ
1129 2762 1230 2844 ἔφη

245 2875 362 2945 Καί
391 2903 492 2947 τοι
521 2879 756 2975 πολύγ*
787 2874 909 2945 ἔσθ’
938 2870 1019 2952 ἥδ
1025 2897 1136 2945 ιον·
1175 2882 1243 2947 οὐ
1270 2876 1384 2975 γὰρ
1410 2883 1660 2949 πώποτε

245 2984 432 3051 ἔπινον
459 2980 533 3051 ἃν
561 2984 766 3079 τρίσσ’
801 2978 1023 3062 ὕδατος
1043 3035 1062 3068 ,
1097 2984 1254 3052 οἴνου
1285 2980 1346 3052 δ’
1379 2983 1442 3051 ἓν
1477 2986 1677 3078 μόνον.

171 3112 316 3167 Versu
342 3131 363 3168 1
387 3111 515 3169 libri
537 3112 598 3170 οὗ
627 3108 734 3191 γάρ
755 3133 915 3183 ποτε,
946 3115 1150 3170 omisso
1169 3114 1374 3189 simili,
1403 3124 1470 3170 ut
1496 3116 1702 3175 Athen.

3258 464 3370 517 5⁰3

2334 575 2481 634 ΧΠ.
2520 577 2897 639 ΠΑΟΥΣΙΟῙ.

1893 805 2099 864 Athen.
2151 822 2239 873 10,
2264 823 2325 883 p.
2360 805 2473 870 416
2494 845 2513 876 ,
2545 805 2593 864 Ε
2634 827 2647 860 :
2676 805 2785 866 Ἀν.
2823 805 2877 866 δὲ
2904 811 2933 866 ὅ
2966 808 3222 885 κωμικὸς,
3262 809 3383 892 περὶ

1815 889 2047 963 Κτησίου
2068 889 2520 970 διαλογόμενος...,
2551 895 2648 952 κάν
2678 893 2979 966 Πλουσίοις,

1905 1032 1966 1074 α.
1998 1005 2389 1100 Διαρραγήτω
2418 1003 2668 1101 χᾶτερος
2700 1000 2955 1080 δειπνῶν
2980 1012 3187 1098 τόσον,

1910 1117 1991 1202 μὴ
2008 1109 2287 1189 Κτησίας
2302 1110 2517 1204 μόνος(
2531 1139 2601 1206 γε
2616 1113 2665 1206 ).
2694 1117 2753 1199 β.
2783 1115 2867 1182 Τί
2891 1115 3003 1212 γὰρ
3036 1121 3101 1185 σὲ
3120 1123 3377 1208 κωλύει;

1910 1241 1977 1282 α.
2016 1215 2279 1284 Δείπνου
2294 1215 2410 1310 γὰρ
2439 1215 2609 1296 οὗτος
2626 1269 2644 1303 ,
2661 1224 2741 1296 ὡς
2770 1221 3039 1314 λέγουσιν
3066 1223 3121 1290 οἱ
3143 1224 3351 1316 σοφοὶ,

1905 1322 2119 1416 ἀρχὴν,
2147 1325 2431 1398 τελευτὴν
2460 1314 2521 1390 δ’
2544 1323 2761 1418 ἔμαθεν
2778 1317 3194 1397 οὐδεπώποτε.

1806 1451 1986 1506 versu
2016 1467 2039 1504 1
2072 1450 2276 1506 vitiose
2304 1449 2437 1508 libri
2459 1449 2679 1510 δειπνῶν
2702 1473 2779 1518 τις
2808 1441 2890 1512 εὖ.
2912 1456 3169 1530 Respicit
3196 1459 3379 1514 AEua-

1806 1555 1913 1594 nus
1933 1539 2006 1596 V.
2032 1538 2111 1596 Η.
2146 1556 2201 1608 ι,
2234 1557 2307 1610 ²7
2338 1558 2353 1594 :
2388 1535 2480 1596 καὶ
2510 1538 2751 1610 Κτησίαν
2780 1540 2836 1600 δί
2862 1539 2993 1621 φησί
3020 1565 3137 1601 τινα
3166 1543 3377 1612 Ἀναξί-

1805 1623 1902 1690 λας
1924 1626 1953 1682 ὁ
1980 1627 2073 1696 τῆς
2091 1623 2370 1704 κωμῳδίας
2405 1624 2628 1700 ποιητὴς
2666 1625 2841 1688 πολλὰ
2866 1627 3075 1692 ίσθίειν.
3117 1634 3189 1690 V.
3226 1651 3258 1688 2
3292 1635 3377 1690 le-

1804 1715 1959 1790 gitur
1978 1713 2345 1772 immodulate
3036 1725 3043 1732 '

1886 1820 1962 1896 μὴ
1990 1821 2227 1892 Κτησίας
2250 1821 2261 1899 Ι
2290 1821 2462 1894 μόνος.
2486 1822 2497 1900 Ι
2522 1825 2577 1900 β.
2614 1822 2687 1886 Τί
2714 1824 2816 1905 γάρ
2839 1825 2849 1904 Ι
2873 1847 2932 1883 σε
2958 1825 3183 1898 κωλύει;

1802 1933 1872 1998 Τί
1897 1933 2001 2016 γὰρ
2042 1933 2103 1996 σὲ
2140 1933 2253 2015 (sic
2292 1937 2657 1994 scribendum
2689 1937 2803 2018 est)
2846 1937 3072 2012 κωλύει,
3116 1944 3237 2001 scil.
3282 1948 3375 2002 τοῦ

1803 2029 2182 2108 διαρραγῆναις
2212 2034 2355 2106 quid
2376 2044 2431 2088 te
2455 2035 2645 2108 ipsum
2664 2036 2925 2109 prohibet
2952 2039 3269 2113 dist-templ?
3292 2041 3377 2100 lta

1805 2121 2147 2190 collocutor,
2170 2120 2547 2178 mordacitate
2574 2122 2835 2182 ridicula.
2863 2127 2932 2182 V.
2978 2125 3033 2192 3,
3064 2133 3095 2192 t.
3130 2126 3205 2185 cs.
3232 2127 3375 2204 Xpo·

1801 2228 1921 2285 σοχ.
1944 2227 2090 2267 vers.
2122 2227 2157 2264 2
2187 2219 2245 2265 et
2268 2206 2323 2266 3.

2560 2341 2617 2377 2.

1881 2438 2055 2513 Diog.
2086 2409 2274 2498 inei-t.
2316 2438 2375 2512 3,
2412 2439 2489 2497 28
2528 2459 2541 2494 ι
2581 2437 2825 2517 χλευάζει
2856 2439 2900 2497 δ’
2936 2439 3094 2499 αὐτὸν
3142 2443 3377 2518 (Plato-

1801 2525 1957 2600 nem)
1984 2524 2074 2582 καὶ
2106 2523 2214 2584 Ἀν.
2239 2527 2293 2584 ἐν
2319 2523 2641 2604 Βοτρυλίωνι
2657 2526 2747 2584 καὶ
2770 2525 3057 2595 Πλουσίαις
3088 2528 3252 2606 (sic).

1922 2665 2115 2726 XVII.
2158 2667 2555 2731 ΥΑΚῙΝΒΟΣ
2596 2663 2631 2738 ἢ
2665 2668 3249 2731 ΠΟΡΝΟΒΟΣΚΟΣ.

1817 2845 1822 2850 .
1879 2795 1967 2853 Ita
1984 2795 2321 2873 Schweigh„
2332 2797 2539 2856 inserta
2550 2797 2857 2876 particula,
2875 2799 3177 2875 probante,
3190 2819 3375 2876 neque

1803 2886 2116 2958 immerito,
2152 2886 2459 2947 Meinekio.

1883 3114 2089 3171 Athen.
2128 3120 2216 3183 14,
2246 3132 2305 3187 p.
2338 3113 2454 3169 623
2472 3154 2487 3181 ,
2518 3115 2591 3181 Ε,
2618 3131 2687 3168 ex
2708 3132 2895 3188 eoque
2918 3115 3069 3170 Eust.
3102 3114 3175 3170 ad
3201 3116 3368 3172 Hom.

177 3197 250 3264 1¹3,
275 3217 330 3273 p.
359 3198 492 3275 559,
517 3201 586 3260 B.
619 3202 859 3259 Porsen.
885 3200 944 3257 οὗ
975 3196 1078 3278 γὰρ
1097 3198 1162 3258 ἄν
1183 3222 1336 3259 ποτε.
1359 3204 1427 3259 V.
1459 3222 1492 3258 α
1513 3204 1709 3279 scripsi
1799 3220 1858 3275 p.
1901 3207 2073 3269 1422,
2109 3198 2181 3270 57
2208 3219 2225 3259 ε
2252 3198 2433 3279 διόπερ
2458 3198 2553 3257 καὶ
2574 3197 2681 3259 Ἀν.
2714 3201 2768 3259 ἰν
2790 3196 3057 3279 Ὑακίνθῳ
3084 3200 3240 3280 φησὶν

171 3284 328 3387 τρίσσζ
353 3288 410 3348 h.
440 3307 491 3349 ο.
531 3285 728 3369 τρισσὰ
755 3286 916 3369 μέρη.
951 3290 1222 3347 Mendose
1257 3290 1434 3347 codd.
1482 3288 1591 3368 τρὶς
1621 3293 1710 3347 vel

173 3392 304 3448 τρεις.

548 3503 678 3565 XV·
721 3503 1279 3563 ΟΡΝΙΘΟΚΟΜΟῙ.

239 3630 416 3688 Athen.
445 3639 536 3705 14,
564 3652 632 3711 p.
664 3628 809 3705 655,
828 3635 880 3689 A
905 3649 922 3693 z
950 3628 1056 3690 Ἀν.
1087 3626 1505 3707 Ὀρνιθοκόμοις,

253 3754 368 3822 Καί
391 3782 514 3835 πως
543 3756 650 3824 ἐπὶ
673 3758 916 3833 τούτοις
941 3755 1187 3832 τιθασὸς
1217 3748 1498 3845 οἰμώζων
1519 3748 1702 3827 ταῶς.

177 3880 308 3939 Libri
320 3886 654 3962 tautologice
673 3884 804 3963 πρὸς
824 3884 912 3943 tut
935 3882 1150 3950 τούτοις.
1166 3888 1233 3943 V.
1258 3900 1393 3940 ann.
1420 3880 1492 3937 ad
1511 3882 1699 3937 AEsch.

1899 3307 1952 3378 1'1
1982 3305 2076 3394 δ’,
2111 3316 2189 3388 ὥς
2216 3336 2287 3403 γε
2318 3306 2507 3383 Ateii-n
2526 3362 2544 3392 ‚
2578 3316 2827 3402 μουσικὴ
2851 3316 2999 3404 πρὸς
3022 3320 3145 3379 τῶν
3166 3314 3310 3380 θεῶν

1897 3418 1995 3483 ἀεί
2026 3442 2090 3483 τι
2108 3420 2310 3483 καινὸν
2338 3414 2473 3483 κατ’
2502 3420 2763 3482 ἐνιαυτὸν
2794 3415 2990 3509 θηρίον
3058 3448 3069 3458 ·

1895 3548 2115 3591 τικτει.

1799 3655 1959 3711 Libri
1982 3666 2159 3711 metro
2178 3654 2427 3729 pessimo·

1876 3771 1911 3837 ἡ
1942 3762 2167 3844 μουσικὴ
2183 3774 2195 3843 Ι
2214 3764 2277 3838 δ’,
2296 3762 2506 3843 ὥσπερι
2528 3761 2729 3835 man,
2755 3764 2841 3841 ivr.
2863 3787 2916 3822 τ.
2941 3770 2993 3823 θ.

1797 3882 1884 3935 De
1919 3900 1953 3953 γ
1992 3888 2051 3934 et
2087 3897 2129 3932 π
2164 3874 2410 3933 confinis
2444 3894 2501 3935 v.
2540 3874 2753 3933 eratin.
2786 3872 2931 3934 Bor.
2976 3876 3037 3947 6,
3070 3878 3277 3951 nymn.
3311 3877 3368 3932 in

177 3970 437 4035 Eumenid.
491 3974 628 4046 225,
683 3972 889 4050 Eupol.
945 3976 1158 4035 Incert.
1221 3972 1295 4031 36
1317 4012 1334 4043 ,
1383 3970 1698 4045 Apolloph.
1795 3966 1991 4042 Apoll.
2038 3965 2208 4040 Pyth.
2250 3964 2389 4025 231.
2428 3964 2803 4039 scripserint,
2840 3974 3123 4023 crescente
3167 3982 3369 4023 corru-

181 4057 354 4117 Incert.
389 4081 438 4133 1,
467 4063 798 4123 Anaxandr.
838 4064 1004 4119 Thes.
1037 4082 1093 4132 ω,
1125 4062 1332 4121 AElian.
1360 4062 1498 4117 nist.
1521 4078 1610 4116 an.
1646 4058 1701 4127 6,
1794 4056 2028 4129 ptione,
2046 4054 2117 4119 ὡς
2142 4051 2245 4130 γὰρ
2263 4094 2283 4128 ,
2306 4047 2376 4116 ὥς
2396 4072 2515 4130 περ.
2537 4054 2623 4109 De
2642 4052 2882 4109 articulo
2903 4052 3185 4126 disjuncto
3208 4072 3243 4109 a
3264 4072 3367 4111 suo

186 4141 260 4201 51.
279 4148 452 4205 Malim
479 4169 713 4226 quoque
749 4147 1055 4225 οἰμώζει,
1081 4154 1257 4224 gemit
1278 4156 1572 4205 mactatus.
1612 4144 1700 4203 cf.
1793 4144 2025 4198 nomine
2045 4160 2102 4195 v.
2136 4158 2267 4199 ann.
2289 4139 2363 4196 ad
2390 4140 2574 4196 AEsch.
2596 4136 2853 4214 Choeph.
2886 4148 3025 4217 470,
3044 4142 3244 4201 Matth.
3263 4144 3363 4200 Gr.

185 4228 347 4291 Horat.
371 4238 538 4297 Serm.
571 4258 632 4310 α,
661 4258 720 4310 2,
743 4238 816 4295 23
838 4256 1000 4314 seqq·

239 4394 638 4459 desiderantibus
657 4400 915 4476 quiddam
939 4398 1308 4473 gratificatur‚·

241 4480 300 4535 ab
315 4484 534 4544 amicitia
555 4486 904 4545 denominata
929 4494 1014 4543 eet

241 4568 420 4639 amica,
443 4579 606 4646 tuque
615 4574 732 4647 Jam
757 4571 898 4629 forte
917 4588 1050 4637 non,
1075 4577 1140 4628 ut
1165 4572 1274 4635 ais,

189 4652 215 4703 5
243 4656 407 4723 scorti,
432 4658 522 4715 sed
547 4660 740 4715 amicoe
763 4658 820 4715 in
843 4672 1084 4715 amorem

245 4736 466 4799 incidisti.
491 4746 660 4801 Estne
687 4744 856 4817 igitur
883 4758 1068 4801 revera

244 4822 444 4899 simpiex
459 4830 690 4888 mulier?
710 4830 765 4886 b.
795 4830 1018 4888 Urbana
1045 4828 1268 4903 quidem
1287 4870 1303 4897 ‚
1329 4844 1424 4900 per
1449 4828 1664 4887 lovem.

761 4920 1076 4977 NEREUS.

196 4997 328 5066 Atqui
348 5000 508 5059 multo
529 5002 746 5061 suavius
768 5012 850 5061 est
873 5025 886 5062 :
915 5018 1200 5077 nunquam
1234 5003 1384 5059 enim

196 5076 284 5137 bibi
300 5090 397 5143 tm
419 5096 588 5161 partes
611 5104 769 5163 aqnae
785 5132 802 5159 ‚
822 5091 1044 5163 vinique
1070 5104 1241 5148 unam
1263 5088 1661 5147 tantummodo.

548 5178 790 5235 Avnm
827 5176 1277 5237 CURATORES.

199 5251 254 5305 Et
271 5264 438 5325 ναῖοι·
455 5260 568 5319 haec
588 5262 814 5322 fortasse
835 5264 986 5323 cicur
1011 5262 1188 5335 eJulat
1201 5276 1356 5335 pavo.

1795 4230 1829 4305 S
1853 4230 1991 4301 278.
2019 4253 2046 4281 α
2076 4231 2163 4285 De
2186 4228 2531 4303 proverbio,
2555 4245 2675 4303 quo
2696 4227 2888 4284 Africa
2914 4247 3137 4304 semper
3154 4230 3367 4305 aliquid

2432 4360 2734 4447 Divrr‘sss.

2556 4485 2603 4533 1.

1794 4578 1846 4622 a.
1889 4564 2261 4637 Disrumpitor
2289 4563 2455 4620 etiam
2479 4562 2623 4620 alius
2642 4606 2657 4631 ‚
2684 4566 2779 4637 qui
2804 4572 3019 4621 tantum
3047 4575 3226 4625 coeuat

1795 4667 1907 4708 non
1930 4650 2131 4708 Ctesias
2146 4650 2321 4707 solus!
2350 4650 2406 4706 b.
2438 4649 2714 4723 Quidnam
2747 4658 2801 4708 te
2819 4650 3068 4724 prohibet
3083 4656 3108 4707 ἓ

1791 4754 1844 4796 a.
1873 4738 2089 4811 Quippe
2110 4738 2201 4795 hie
2215 4780 2230 4807 ‚
2256 4746 2319 4795 ut
2337 4738 2529 4795 dicunt
2550 4738 2825 4811 sapientes
2840 4780 2857 4807 ‚

1792 4840 1965 4884 eoeoae
1982 4824 2193 4881 initiam
2211 4863 2227 4890 ‚
2258 4824 2425 4880 finem
2453 4840 2581 4881 vero
2602 4839 2887 4898 nunquam
2906 4866 2923 4892 ‚
2948 4826 3156 4883 didicit.

2150 4910 2619 4969 HYAcmTflUs
2656 4911 2769 4967 sive
2798 4912 3008 4970 LENO.

2563 5006 2587 5056 1

1794 5088 2007 5145 Musica
2030 5102 2161 5145 vero
2179 5127 2197 5156 ‚
2230 5095 2294 5144 ut
2316 5086 2501 5145 Africa
2526 5040 2769 5160 quidem,
2788 5086 2896 5144 diis
2928 5086 3252 5157 volentibus,

1793 5190 2009 5247 semper
2024 5170 2243 5245 aliquod
2263 5188 2464 5230 novum
2490 5174 2781 5245 quotannis
2808 5173 3007 5229 anima!

1799 5262 1992 5335 gignit.
