3809 5850
1501 433 1548 490 A
1559 431 1798 494 LEXlS.

105 585 208 622 mu
251 565 284 620 3
329 575 384 622 et
435 571 470 630 4
514 563 778 637 ἐνταῦθα,
823 557 894 626 ὥς
929 558 1077 640 φησ’,
1115 557 1458 640 Ἀρίστιππός
1489 583 1599 630 τις,

105 649 272 729 ›sin-ig<
285 651 472 728 (prius
488 651 756 730 σοφιστῶν
775 652 1049 725 scriptum
1067 649 1234 706 (uisse
1259 647 1492 725 putes),
1517 647 1603 704 εὖ·

105 737 201 808 niz,
225 739 416 812 μᾶλλον
458 749 576 795 etc.
613 738 762 792 Vicit
789 739 958 792 etiam
991 737 1117 808 hic,
1148 746 1214 791 ut
1243 747 1342 807 ¹tot
1379 739 1502 792 aliis
1545 739 1607 791 in

105 831 202 896 scis,
220 829 487 902 glossema
511 825 794 881 familiare
813 825 1060 880 librariis
1087 842 1102 878 ε
1134 825 1229 877 vix
1257 825 1408 880 enim
1441 823 1606 878 dubi-

105 915 264 970 mdum
283 926 388 986 est,
413 915 562 988 quin
589 913 684 969 Al.
717 912 926 968 dixerit
958 911 1172 989 σοφῶν
1191 953 1208 986 ,
1235 923 1302 967 ιιι
1331 911 1604 966 Herodo-

105 1023 138 1056 ιε
162 1023 212 1072 2,
241 1011 312 1076 49
345 1021 360 1058 :
394 997 810 1074 Μελάμποδα...
841 997 1006 1076 ἄνδρα
1042 995 1234 1076 σοφὸν,
1276 999 1606 1072 Xenophon

105 1093 211 1148 lem.
238 1093 385 1148 Socr.
420 1109 478 1162 α,
523 1108 582 1159 1,
609 1085 870 1166 Πρόδικος
899 1085 954 1144 δὲ
991 1087 1022 1144 ὁ
1061 1083 1243 1165 σοφὸς,
1283 1097 1394 1145 etc.
1433 1085 1608 1144 Posui

105 1181 182 1240 boz
195 1221 210 1248 ‚
233 1180 368 1234 sorte
389 1178 670 1234 omissum
687 1187 822 1252 post
847 1177 1200 1233 simile-3001.
1228 1175 1346 1233 Pro
1365 1175 1608 1232 arbitrio

105 1267 340 1344 chweigh.
363 1278 418 1324 et
443 1267 628 1323 Mein.
661 1285 674 1318 z

135 1411 200 1423 —
223 1376 426 1436 ἐνταῦθά
453 1401 564 1449 τις,

141 1468 196 1534 ὥς
217 1467 348 1548 φασξ
375 1465 754 1546 Ἀρίστιππος,
779 1461 1028 1544 σοφιστὴς
1049 1461 1268 1542 εὐφυὴς,

105 1599 282 1654 [uorum
297 1599 558 1638 versuum
581 1579 875 1655 posterior
901 1587 1016 1634 tam
1041 1577 1281 1634 elumbis
1301 1588 1411 1648 est,
1433 1595 1604 1652 quam

105 1673 162 1742 lui
187 1672 424 1728 maxime.
449 1672 636 1726 Versu
678 1667 710 1723 5
745 1666 942 1723 addidi
977 1667 1046 1742 θ’,
1079 1667 1446 1724 casaubonus
1477 1667 1603 1724 τῶν.

105 1761 134 1813 J.
145 1759 173 1814 6
189 1759 338 1833 vulgo
347 1755 630 1815 ἀκολασία.
650 1755 766 1813 Sed
782 1757 1021 1812 alterum
1034 1755 1281 1811 Meinek.
1299 1766 1356 1810 et
1373 1773 1606 1830 gramm.

105 1847 275 1902 seueri
313 1847 526 1904 Amcd.
567 1866 632 1920 p.
667 1845 808 1915 367,
840 1851 938 1915 24,
966 1842 1250 1902 Ἀκολασία
1279 1843 1609 1913 Θουκυδίδης

105 1931 178 2009 ἱρῇ,
195 1934 370 1990 ἀκολα
385 1931 488 1991 στί
503 1955 538 1990 α
560 1931 620 1990 δὲ
637 1928 856 1998 Ἄλεξις.
879 1936 946 1990 V.
963 1951 996 2004 7
1013 1929 1271 1989 τάλαντον
1289 1927 1426 1996 δούς.
1451 1956 1476 1980 α
1489 1933 1608 1987 Pri-

105 2039 186 2074 nus
205 2023 606 2078 Socraticorum
637 2021 752 2079 fuit
772 2021 1096 2096 Aristippus
1111 2059 1130 2090 ,
1159 2020 1262 2094 qui
1287 2020 1609 2076 mercedem

105 2108 380 2182 adiscipulis
405 2111 693 2184 exigeret,
723 2118 864 2164 teste
891 2109 1146 2183 Diogene
1171 2109 1364 2186 Laert.
1407 2125 1466 2180 α,
1507 2107 1605 2162 65.

105 2195 146 2252 V.
169 2215 196 2266 9
225 2195 306 2265 τὴν
327 2197 368 2252 δ’
395 2195 652 2274 ἀρτυσίαν
687 2192 1043 2272 συνήρπασεν,
1073 2208 1248 2251 artem
1285 2215 1422 2250 vero
1459 2196 1610 2250 cibos

106 2287 335 2340 condiendi
367 2289 532 2342 simul
561 2289 826 2360 an-ipuit.
859 2285 1159 2349 (Similiter
1183 2285 1372 2340 Latini
1411 2284 1610 2340 dicunt

106 2379 398 2442 occasionem,
433 2394 614 2449 opem,
649 2385 787 2441 etc„
813 2371 1118 2448 arripere.)
1145 2371 1232 2430 Cf.
1251 2371 1508 2428 Lobeck.
1539 2371 1612 2428 ad

107 2459 237 2533 Soph.
265 2460 474 2533 Ajacem
497 2481 556 2518 ν.
599 2461 698 2520 16.
723 2462 882 2517 Libri
907 2458 1178 2538 ἀρτηρίαν,
1217 2460 1378 2535 quod
1409 2461 1611 2518 frustra

109 2549 210 2600 tueri
231 2561 442 2605 conatur
456 2541 691 2608 Coraes'.
719 2550 930 2624 Scripsi
966 2551 999 2604 ἀ
1017 2546 1310 2626 ρτυσίαν,
1337 2549 1440 2604 etsi
1479 2550 1614 2604 alias

115 2636 530 2711 nonlectum,sed
550 2649 708 2696 recte
727 2637 844 2694 dici
872 2635 1124 2693 ostendit
1150 2633 1460 2713 ὀψαρτυσία.
1487 2637 1614 2693 Ari-

115 2722 232 2794 stippi
253 2727 492 2798 gulositas
531 2747 666 2783 cum
697 2723 924 2782 aliunde
945 2735 1084 2782 nota
1112 2735 1226 2794 est,
1255 2735 1372 2781 tum
1395 2735 1450 2782 et
1476 2725 1614 2782 Dio-

119 2823 214 2880 gene
231 2813 428 2870 laertio
447 2855 464 2886 ,
491 2833 546 2886 α,
577 2813 676 2888 75.
713 2841 738 2864 υ
761 2817 814 2870 Ε
833 2817 924 2870 Μ.

801 2948 878 2985 2..

173 3028 362 3107 ldemb,
381 3058 442 3113 p.
475 3040 586 3107 311.
603 3084 620 3111 ,
645 3044 730 3112 D,
755 3040 826 3097 de
848 3036 1016 3117 νάρκῃ
1035 3041 1190 3113 pisce
1213 3058 1227 3093 t
1254 3034 1374 3097 Ἀλ.
1407 3039 1460 3093 ἐν
1481 3036 1612 3096 Γαλ.

193 3149 388 3243 Nisam
417 3180 520 3246 μεν
548 3156 678 3241 οὖν,
718 3160 796 3233 ὥς
826 3180 1031 3247 φασιν,
1065 3154 1504 3245 ὠνθυλευμένην

191 3258 344 3322 ὀπτᾶν
368 3262 527 3333 ὅλην.

816 3380 870 3439 3.

187 3500 367 3558 Antiatt.
387 3524 443 3579 p.
465 3504 572 3580 93,
600 3502 690 3563 Εὖ
705 3500 857 3583 οψία
871 3526 896 3559 ν
931 3501 1094 3560 τάντὶ
1114 3523 1200 3559 του
1225 3498 1610 3579 εὐπροσωπίαν.

135 3574 208 3633 Tl-
233 3584 336 3645 issa).
357 3592 542 3648 Pollux
565 3594 629 3664 6,
657 3592 774 3649 38:
803 3586 918 3651 Αλ.
947 3589 1230 3670 εὖοψίαν
1257 3578 1421 3649 εἶπεν.
1449 3590 1620 3664 Apud

141 3666 376 3731 Bekkerum
397 3678 642 3759 εὗωψίαν.

799 3782 854 3841 4.

195 3868 448 3953 Photiusp.
479 3878 616 3955 302,
649 3900 708 3951 9.,
743 3890 823 3954 et,
852 3881 1068 3937 omissis
1095 3890 1281 3957 poetae
1322 3891 1378 3937 et
1415 3878 1618 3936 fabulae

143 3958 410 4040 nominibus,
441 3972 676 4028 Antiatt.
716 3989 778 4045 p.
835 3986 976 4042 109,
1019 3988 1120 4039 11,
1157 3966 1506 4044 Νομικόν.·
1532 3964 1620 4025 τὸν

151 4008 410 4121 ἐπιστήμονα
413 4056 508 4113 τῶν
527 4054 722 4133 νόμων.

553 4184 1092 4269 XXlV.PPA(1²H.

205 4302 358 4366 Athen.
390 4311 450 4367 13
458 4334 558 4389 ,.p
589 4316 724 4387 606,
749 4319 840 4373 Α·
871 4310 1158 4392 Κλείσοφος
1195 4312 1226 4368 ὃ
1267 4308 1618 4388 Σηλυμὸρια-

159 4398 232 4453 Μ
250 4394 316 4445 ὦ
337 4394 380 4449 ἓν
401 4396 554 4479 Σᾶμω
589 4398 798 4479 Παρίου
833 4398 1136 4483 ἀγᾴλματος
1165 4396 1362 4476 ἐρασθε
1353 4421 1429 4468 ις,
1459 4394 1617 4454 κατέ-

140 4462 298 4531 ιῠιισεν
316 4480 444 4541 αὑτὸν
467 4486 516 4543 ἐν
541 4491 616 4567 τῷ
641 4490 782 4565 ναῷ,
809 4488 880 4553 ὣς
907 4468 1202 4557 πλησιάσαι
1237 4482 1613 4559 δυνησόμενος,

161 4552 220 4609 ni
233 4559 284 4624 ὣς
298 4565 500 4633 ἠδυνάτει
521 4546 603 4633 διαί
619 4597 676 4633 τε
695 4574 794 4644 τὴν
811 4571 1120 4653 ψυχρότητα
1145 4570 1237 4629 καὶ
1257 4594 1318 4629 το
1341 4570 1618 4629 ἀντίτυπον

3138 441 3253 494 527

1695 558 2013 636 δαλλόμενός
2044 582 2092 616 τι
2122 557 2335 637 σαρκίον
2364 559 2673 632 ἐπλησίασε.
2700 583 2791 632 της
2789 557 3047 664 ..πράξεως
3064 559 3259 630 ταύτης

1695 646 2009 724 μνημονεύει
2044 647 2135 705 καὶ
2171 646 2285 706 Ἄλ.
2317 651 2349 704 ὁ
2362 647 2631 762 ἰνιιόιητὴς,
2662 649 2717 706 ἐν
2752 650 2829 728 τῷ
2858 647 3261 728 ἐπιγραφομένῳ

1694 735 1923 815 δράματι
1946 735 2131 816 Γραφὴ
2162 734 2327 812 λέγων
2355 727 2493 810 ωδε,

1789 909 1887 919 ——
1918 873 2240 962 Γεγένηται
2270 864 2331 936 δ’
2342 921 2363 952 ,
2399 878 2477 950 ὡς
2505 874 2745 964 λέγουσι
2763 919 2783 958 ,
2816 873 2930 938 κάν
2956 873 3151 963 Σάμῳ

1791 973 2005 1042 τοιοῦθ’
2028 979 2252 1068 ἕτερον·
2288 975 2511 1055 λιθίνης
2546 978 2909 1070 ἐπεθύμησεν
2930 979 3103 1070 κόρης

1795 1078 2092 1174 ἅνθρωπος
2108 1133 2129 1163 ,
2158 1085 2575 1176 ἐγκατέκλεισὲ
2606 1079 2657 1149 θ’
2692 1084 2868 1150 αὑτὸν
2897 1093 2987 1170 τῷ
3009 1094 3143 1168 νεῷ.

1703 1250 1726 1274 α
1761 1226 1848 1284 Cf.
1879 1225 2231 1282 Philemonis
2264 1227 2467 1302 fragm.
2500 1229 2705 1283 incert.
2746 1225 2841 1285 35.
2876 1229 3007 1286 Haec
3036 1227 3267 1300 fabula,

1697 1316 1756 1370 in
1781 1333 1890 1388 qua
1917 1315 2181 1370 inductus
2208 1314 2378 1368 suerit
2403 1315 2579 1369 bomo
2599 1316 2764 1389 pictae
2793 1316 3047 1370 mulieris
3072 1335 3271 1372 amore

1699 1412 1914 1477 captuS,
1940 1402 2171 1458 fortasse
2182 1404 2513 1458 Aristaeneto
2532 1421 2720 1457 ansam
2740 1401 2898 1459 dedit
2919 1405 3171 1478 epistolae
3198 1423 3217 1458 1
3232 1423 3267 1455 o

1697 1491 1830 1545 libri
1865 1507 1921 1544 2.
1964 1513 1987 1539 ι»
2022 1489 2072 1542 Ε
2098 1490 2187 1546 Μ.

2040 1657 2221 1718 XXV.
2270 1658 2917 1718 ΓΥΝΑΙΚΟΚΡΑΤΙΑ.

1779 1827 1804 1851 ι
1835 1803 2017 1876 Hujus
2044 1802 2339 1858 comcediae
2366 1802 2526 1875 quod
2556 1814 2948 1876 argumentum
2978 1801 3175 1872 suerit,
3200 1823 3268 1860 ex

1699 1893 1865 1948 titulo
1889 1893 2166 1967 suspicari
2186 1891 2333 1949 licet.
2352 1892 2575 1948 Scilicet
2598 1892 2715 1950 illia
2740 1892 3119 1966 temporibus,
3140 1895 3267 1966 qui-

1698 1981 1805 2036 bus
1831 1983 2103 2056 permulti
2146 1981 2511 2036 Athenienses
2548 1982 2745 2036 insano
2777 1981 3031 2055 quodam
3073 1981 3267 2036 studio

1698 2087 1892 2124 rerum
1926 2071 2335 2126 Laconicarum
2367 2068 2717 2141 ferebantur,
2759 2070 2925 2124 etiam
2966 2069 3232 2125 mulieres
3249 2111 3267 2138 ,

1700 2174 1878 2228 quum
1905 2175 2137 2230 magnas
2170 2158 2257 2211 sui
2284 2156 2507 2229 generis
2535 2158 2941 2231 pra-rogativas
2960 2173 3079 2210 esse
3104 2156 3268 2211 vide-

1699 2253 1827 2299 rent
1862 2244 2020 2319 apud
2055 2243 2515 2300 Lacedaemonios
2570 2241 2660 2319 (v.
2706 2241 2945 2300 Aristot.
2991 2244 3161 2302 Polit.
3208 2263 3265 2309 α,

1705 2352 1760 2402 7,
1794 2333 1901 2405 9),
1943 2332 2124 2387 libido
2175 2333 2380 2386 invasit
2425 2333 2485 2385 in
2526 2330 2799 2402 majorem
2852 2349 2912 2386 se
2950 2329 3269 2386 libertatem

1700 2422 2025 2477 vindicandi
2054 2435 2110 2476 et
2137 2423 2327 2477 omnia
2350 2440 2454 2476 suo
2480 2421 2720 2476 arbitrio
2744 2420 2971 2495 agendi.
2998 2421 3068 2474 ld
3094 2421 3183 2476 Al.
3213 2423 3271 2476 in

1707 2511 1892 2566 lusum
1908 2510 2221 2583 jocumque
2238 2511 2500 2577 verterit,
2527 2508 2758 2564 fortasse
2782 2511 3037 2582 exemplo
3057 2510 3273 2564 Aristo-

1700 2599 1931 2675 phanis,
1962 2598 2121 2671 cujus
2156 2599 2553 2653 Ecclesiazusas
2573 2597 2686 2651 hoc
2716 2595 2967 2651 dramate
2994 2597 3273 2651 imitatum

1704 2707 1818 2744 esse
1870 2689 2167 2758 Nostrum,
2208 2685 2589 2762 probabiliter
2650 2683 2883 2756 conjicit
2940 2685 3275 2758 Boettigerus

1703 2779 1911 2850 Opusc.
1946 2799 1996 2852 1,
2020 2797 2083 2854 p.
2119 2777 2223 2834 301
2240 2817 2252 2832 .
2280 2777 2577 2850 Amphidis
2602 2773 2851 2832 fabulam
2876 2773 3274 2847 cognominem

1702 2877 1981 2922 memorat
2017 2867 2219 2922 Athen.
2270 2865 2329 2935 8,
2364 2885 2425 2939 p.
2467 2865 2579 2920 336
2602 2909 2617 2939 ,
2650 2865 2712 2919 C.
2748 2866 2833 2920 De
2858 2865 3136 2938 scriptura
3173 2883 3273 2938 γυ-

1703 2952 2106 3029 ναικοκράτεια,
2146 2956 2262 3011 sive
2302 2956 2493 3028 potius
2526 2948 2966 3028 γυναικοκρατία,
3014 2951 3277 3006 disseruit

1705 3041 1953 3101 Lobeck.
1976 3043 2034 3097 in
2053 3043 2306 3116 Paret-gis
2328 3040 2402 3096 ad
2422 3040 2723 3113 Phrynichi
2747 3042 2865 3095 Ecl.
2884 3058 2945 3115 p.
2976 3038 3089 3097 525
3102 3084 3113 3095 .
3150 3066 3173 3091 ι
3190 3044 3274 3096 Μ.

2464 3186 2513 3222 1.

1784 3296 1987 3355 Pollux
2015 3318 2074 3373 9,
2114 3303 2187 3362 44
2224 3317 2237 3351 :
2282 3292 2735 3373 προσαριθμητέον
2774 3293 2831 3351 δὲ
2869 3302 2975 3360 τοῖς
3010 3292 3277 3368 δημοσίοις

1705 3384 1957 3464 Θέατρον,
1990 3383 2081 3442 καὶ
2122 3382 2339 3461 θεάτρου
2384 3382 2537 3457 μέρος
2576 3381 2704 3460 πρὸς
2742 3389 2857 3447 τοῖς
2882 3380 3277 3459 προειρημένοις

1711 3472 1953 3553 κερκίδα,
1996 3474 2067 3538 ὡς
2091 3470 2229 3529 ἔστιν
2256 3470 2419 3547 εὑρεῖν
2440 3472 2500 3527 ’ἐν
2530 3468 2782 3537 Ἀλέξιδος
2802 3466 3245 3546 Γυναικοκρατίᾳ,

1805 3594 2077 3666 Ἐνταῦθα
2109 3596 2241 3689 περὶ
2267 3600 2381 3671 τὴν
2415 3594 2682 3685 ἐσχάτην
2709 3586 2810 3659 δεῖ
2836 3586 3082 3685 κερκίδα

1803 3710 1959 3797 ὑμᾶς
1988 3700 2337 3783 καθιζούσας
2364 3702 2598 3795 θεωρεῖν
2633 3706 2713 3778 ὡς
2746 3692 2937 3777 ξένας.

1711 3848 1884 3901 Versu
1935 3862 1958 3898 1
2007 3838 2240 3920 κερκίδα.
2284 3844 2455 3897 Vetus
2497 3840 2714 3914 glossa,
2763 3834 2916 3910 apud
2966 3834 3276 3891 Gesnerum

1709 3936 1874 3990 Thes·
1911 3934 1976 3990 L.
2017 3933 2082 3990 L.
2128 3950 2142 3985 ι
2188 3948 2420 3996 cuneus,
2466 3926 2685 4003 θεάτρου
2727 3945 2926 4000 κερκις,
2966 3924 3101 3977 item
3140 3919 3276 3999 φυλὴ

1709 4018 1945 4097 θεατρου.
1994 4019 2265 4076 Mendose
2306 4020 2453 4075 liber
2472 4014 2617 4094 φιλ-ν’..
2654 4016 2737 4073 Cf.
2768 4012 3097 4071 Schneider-i
3144 4012 3276 4071 Lex.

1709 4130 1768 4169 v.
1810 4106 2021 4184 Κερκίς.
2067 4112 2271 4166 Versus
2307 4124 2359 4162 α·
2392 4108 2527 4162 satis
2560 4104 2931 4160 immodulate
2978 4100 3276 4177 procedit,

1707 4210 1772 4254 ut
1797 4199 1992 4253 malim

1806 4336 1961 4423 ὑμᾶς
1992 4331 2228 4423 θεωρεῖν
2260 4336 2339 4405 ὡς
2364 4320 2718 4407 καθιζούσοις
2746 4322 2941 4407 ξένας.

2465 4473 2522 4513 2·

1790 4570 1995 4626 Athen.
2028 4568 2082 4639 3,
2112 4588 2174 4644 p.
2219 4566 2354 4637 125,
2384 4568 2477 4623 B:
2512 4562 2631 4624 Ἄλ.
2658 4560 2707 4621 δ’
2734 4564 2786 4622 ἐν
2824 4563 2952 4622 Γυν.
2985 4556 3277 4637 ζωμοτάρι-

165 4658 222 4695 “⁰'’
201 4643 340 4708 λίθου
349 4666 644 4728 ,τηνικαυτα
672 4664 764 4732 τ’ἤς
795 4660 1072 4737 ἐπιθυμίας
1109 4658 1350 4731 ἀπέστη,
1374 4680 1466 4717 και
1484 4680 1616 4737 προ·-
1708 4656 1806 4737 χόν
1828 4679 1945 4715 τινα
1980 4654 2231 4727 κε’κληκεν
2257 4658 2309 4713 ἐν
2335 4652 2567 4725 τουτοις,

169 4754 280 4777 ‘Q

796 4831 850 4881 2.

173 4886 434 5039 ζιρξόὶἰιιειιι
458 4908 624 4981 igilur,
645 4922 708 4968 ut
725 4913 911 4981 aiunt,
943 4911 1138 4969 fartam

283 5000 306 5039 o
323 5004 409 5045 am.

656 5088 997 5143 PICTURA.

178 5140 309 5207 Evenit
324 5160 474 5232 etiam,
493 5178 550 5223 ut
572 5180 814 5238 narrant,
842 5172 988 5229 Sami

187 5228 299 5294 simile
316 5246 562 5315 quiddam.
589 5256 854 5330 lapideam
877 5260 1138 5333 virginem

1661 5038 1674 5123 1

1713 4825 1876 4880 homo
1903 4823 2215 4896 concupivit
2240 4830 2297 4878 et
2316 4836 2375 4878 se
2396 4822 2509 4894 ipse
2526 4818 2749 4876 inclusit
2770 4818 2993 4890 templo.

2074 4942 2475 4999 MULIERUM
2512 4938 2906 4997 IMPERIUM.

2478 5051 2527 5099 1.

1663 5128 1672 5259 Ι
1711 5167 1818 5223 Hic
1849 5164 1991 5222 eirca
2013 5164 2272 5222 ultimum
2296 5170 2506 5235 oportet
2526 5168 2761 5217 cuneum

1663 5260 1672 5305 ι
1715 5268 1808 5308 vos
1829 5260 2070 5324 spectare
2088 5248 2384 5307 assidentes
2416 5246 2579 5303 veluti
2612 5242 2938 5318 peregrinas.
