3809 5850
1571 407 1852 469 CRATlN
1867 409 1982 470 US0
3320 435 3393 486 2⁵

160 529 264 588 δων
287 532 454 608 apud
486 532 866 604 sdnoliasoen,
897 533 1208 607 Hesychius
1238 530 1419 594 Ῥόδον
1453 556 1468 590 :
1499 536 1736 608 Μιτυλη·

158 625 296 676 ναῖοι
321 617 388 678 τὸ
414 621 512 689 τῆς
535 617 802 698 γυναικός.
870 696 880 706 ·

929 741 986 802 6.

239 861 460 919 Athen.
497 859 590 932 15,
625 881 688 936 p.
720 860 860 932 667,
899 863 976 931 E,
1019 860 1060 918 F
1088 883 1102 917 τ
1149 860 1324 940 ἕτερον
1351 863 1399 920 δ’
1433 864 1572 922 ἐστὶν
1606 855 1737 932 εἶδος

153 947 374 1012 παιδιᾶς
416 950 515 1018 τῆς
561 947 616 1004 ἐν
657 945 872 1023 λεκάνῃ.
913 945 1048 1019 αὕτη
1088 949 1135 1006 δ’
1182 948 1368 1016 ὕδατος
1411 954 1734 1031 πληροῦται,

155 1035 330 1092 ἐπινεῖ
348 1056 406 1092 τε
429 1033 516 1092 ἕπτ’
538 1035 700 1106 αὐτῆς
726 1031 964 1115 ὐξύὸαφα
987 1034 1136 1108 κενὰ,
1163 1035 1240 1117 ἐφ’
1266 1037 1300 1094 ἃ
1335 1037 1615 1116 βάλλοντες
1641 1038 1736 1107 τὰς

155 1119 398 1198 λάταγας
432 1121 706 1199 (scribam
734 1119 889 1193 κενὰ,
913 1121 950 1180 ἃ
997 1123 1274 1202 βάλλοντες
1299 1132 1414 1191 ταῖς
1453 1124 1734 1204 λατάγαις)

157 1209 218 1266 ἐκ
253 1208 568 1287 καρχησίων
607 1211 890 1289 ἐπειρῶντο
927 1210 1205 1270 καταδύειν
1227 1235 1240 1250 ·
1285 1218 1526 1293 ἀνῃρεῖτο
1571 1214 1627 1273 δὲ
1667 1215 1734 1273 τὰ

153 1293 420 1353 κοττάὸια
459 1297 490 1354 ὁ
529 1294 700 1354 πλείω
741 1297 1061 1366 καταδύσας.
1107 1298 1374 1380 Ἀμειψίας
1416 1300 1734 1362 Ἀποκοττα-

157 1382 440 1453 Είζουσι...
475 1386 576 1462 Κρ.
607 1385 661 1442 ἐν
689 1385 836 1460 Νεμ.

251 1518 360 1594 Τῷ
408 1501 479 1575 δὲ
541 1504 829 1594 κοττάὲῳ
887 1511 1212 1602 προθέντας
1266 1516 1328 1580 ἐν
1386 1521 1733 1607 πατρικοῒσι

1501 1614 1733 1713 [νόμοις

253 1717 334 1786 τὰ
363 1717 509 1786 κείν’
537 1713 789 1810 ὀξύὸαφ’
819 1719 898 1798 ὣς
937 1721 1188 1806 βάλλειν
1215 1723 1323 1815 μὲν
1346 1734 1438 1810 τῷ
1470 1735 1672 1811 ποτῷ·

249 1831 284 1891 ὁ
317 1821 388 1892 δὲ
425 1829 630 1910 βαλὼν
657 1837 752 1912 τῷ
787 1829 952 1919 νόμῳ
986 1826 1248 1914 πλεῖστ’,
1289 1834 1557 1923 εὐτυχής.

153 1963 318 2020 Libri
345 1965 554 2020 vitiose
580 1961 640 2019 τὸ
667 1961 865 2021 κεινὲου
887 1966 1080 2038 (quod
1096 1967 1256 2039 prius
1275 1965 1447 2023 fuerit
1462 1965 1529 2024 τὰ
1547 1966 1727 2046 κεινὰ)

150 2047 432 2128 ὀξυὸάφοις
454 2047 1060 2130 (ὄξύὸαφος,ὅξύ6αφον)
1091 2050 1303 2128 βάλλειν
1335 2049 1431 2128 μὲν
1458 2055 1534 2133 τῷ
1555 2051 1732 2135 πόντῳ

151 2137 208 2194 δὲ
226 2136 478 2215 βάλλοντι
492 2136 636 2214 νέμω
649 2140 876 2196 πλεῖστα
891 2134 1074 2216 τύχης.
1095 2141 1372 2198 Dedimus
1386 2144 1731 2215 verisimilia,

149 2245 278 2302 quae
293 2225 916 2300 intelligerentur.⁶ss<,
937 2233 1040 2298 sic,
1067 2239 1226 2284 certo
1249 2229 1501 2302 quodam
1515 2231 1724 2288 modo:

149 2333 204 2371 ν.
249 2313 448 2372 Herm.
487 2333 622 2372 ann.
668 2315 744 2370 ad
781 2313 982 2389 Viget.
1029 2334 1087 2390 p.
1125 2315 1260 2387 571.
1316 2319 1542 2374 Horum
1595 2337 1728 2374 ver-

147 2421 316 2458 suum
357 2413 819 2476 asynartetorum
876 2423 929 2459 1.
979 2416 1202 2460 constat
1241 2417 1284 2464 t.
1314 2405 1375 2465 d.
1403 2418 1462 2462 et
1481 2407 1634 2464 dact.
1665 2407 1723 2466 d.

145 2493 476 2566 hypercat„
508 2511 567 2548 α.
600 2493 749 2566 glyc.
793 2493 963 2548 catal.
1008 2504 1067 2549 et
1111 2489 1386 2550 dochmio
1410 2535 1428 2566 ,
1474 2494 1530 2553 3.
1579 2507 1718 2551 cret.

148 2581 288 2638 dim.
321 2591 382 2636 et
397 2580 614 2636 iambo.
639 2581 856 2636 Eodem
880 2582 1113 2656 respicit
1130 2584 1340 2640 Athen.
1377 2581 1473 2653 15,
1497 2603 1558 2658 p.
1585 2583 1726 2653 666,

147 2669 214 2724 C.
255 2667 542 2726 Dobraeus
569 2667 815 2724 finxerat
851 2666 912 2725 τὸ
956 2667 1152 2727 κεινέου
1193 2667 1468 2750 ὀξυὸάφοις
1511 2669 1726 2750 βάλλειν

147 2753 430 2828 μέτωπον,
464 2755 542 2830 τῷ
569 2753 626 2813 δὲ
647 2753 860 2834 βαλόντι
885 2753 1031 2831 νέμω
1057 2757 1280 2814 πλεῖστα
1304 2755 1487 2836 τύχης.

912 2891 970 2943 7.

226 2982 551 3057 Stephanus
601 2984 732 3057 Byz.
768 3004 783 3039 ε
841 2980 1042 3061 Ψύρα,
1087 2986 1239 3054 νῆσος
1290 2982 1452 3063 μικρὰ
1500 2987 1725 3059 πλησίον

147 3068 312 3138 Χίου,
334 3068 400 3139 ἢν
424 3072 454 3127 ὃ
475 3069 696 3139 ποιητὴς
720 3072 956 3146 (Odyss.
985 3072 1042 3143 3,
1071 3074 1211 3149 169)
1237 3072 1456 3151 Ψυρίαν
1498 3077 1691 3137 καλεῖ..
1707 3124 1720 3135 .

143 3154 488 3231 λαμβάνεται
525 3156 584 3214 δὲ
623 3156 686 3214 τὸ
721 3156 889 3234 ὄνομα
919 3158 1008 3215 ἐπὶ
1047 3158 1278 3237 εὐτελείᾳ
1315 3160 1400 3217 διὰ
1428 3160 1488 3219 τὸ
1516 3164 1724 3223 εὐτελε-

141 3244 347 3315 στάτην
383 3234 520 3301 εἶναι
567 3243 664 3315 τὴν
712 3248 893 3315 νῆσον.
939 3250 1045 3325 Κρ.
1085 3274 1108 3299 α
1169 3249 1340 3328 Ψυρᾷ
1385 3249 1726 3326 (scribamus

143 3332 338 3411 Ψύρίᾳ
366 3353 480 3409 pro
509 3333 564 3390 ἐν
591 3332 810 3413 Ψυρίᾳ)
840 3332 930 3392 τὸν
958 3332 1210 3394 Διόνυσον
1239 3333 1468 3411 ἄγοντες·
1494 3362 1518 3390 ι
1551 3338 1642 3398 καὶ
1671 3343 1724 3399 ἐν

143 3422 290 3497 Nep.

239 3538 430 3632 Ψυρία
475 3565 542 3605 τε
589 3543 704 3613 τὴν
738 3539 1013 3634 Σπάρτην
1038 3538 1218 3635 ἄγεις.

141 3679 326 3733 Etiam
349 3676 446 3732 hic
475 3677 612 3731 libri
643 3678 711 3735 Ψ
711 3684 840 3755 υρᾷ,
871 3678 971 3735 sed
1003 3690 1206 3755 aptum
1231 3681 1495 3737 cavillum
1533 3680 1722 3760 Ψυρία

143 3762 412 3837 mdvig,
441 3764 484 3821 i.
505 3780 560 3823 e.
585 3765 658 3819 Et
678 3766 874 3838 Psyria
906 3766 1116 3840 (quum
1137 3765 1248 3843 sis)
1271 3768 1536 3841 Spartam
1561 3770 1724 3843 pellis

139 3869 238 3905 seu
253 3850 424 3925 fugas
447 3848 654 3926 (parva
672 3848 992 3929 magnam).
1021 3854 1258 3909 Paroem.
1288 3854 1454 3915 Bodl.
1479 3874 1535 3929 p.
1573 3876 1596 3911 1
1615 3876 1718 3929 19:

141 3936 310 4013 Ψύριι
365 3934 459 3993 τὸν
503 3934 753 3996 Διόνυσον
799 3956 814 3997 :
872 3937 989 3996 ἀντὶ
1053 3943 1145 3997 τοῦ
1200 3940 1384 4010 εὐτελῆ
1427 3941 1445 4017 (
1479 3945 1600 4001 scil.
1653 3948 1720 4001 τὰ

145 4022 368 4103 Ψύρα).
403 4022 636 4095 νησίδων
670 4024 774 4103 γάρ
814 4026 926 4082 ἐστι
955 4025 1141 4105 μικρὸν
1167 4026 1228 4085 τὸ
1275 4026 1476 4106 Ψυρὰ,
1510 4028 1584 4102 μὴ
1634 4032 1724 4088 δυ-

143 4108 362 4185 νάμενον
389 4100 528 4169 οἶνον
567 4114 817 4189 ἐνεγκεῖν.
846 4112 1050 4191 εἴρηται
1095 4112 1182 4173 ἐπὶ
1213 4116 1317 4171 τῶν
1347 4116 1400 4172 ἐν
1446 4118 1722 4199 συμποσίῳ

145 4198 535 4273 κατακειμένων
565 4200 658 4258 καὶ
716 4200 794 4276 μὴ
835 4199 1110 4261 πινόντων.
1187 4204 1348 4260 Adde
1397 4206 1598 4281 fragm.
1646 4210 1723 4262 in·

145 4300 282 4345 cert.
331 4306 434 4362 91.

897 4406 956 4464 8.

219 4517 422 4571 Pollux
459 4536 552 4589 10,
589 4537 696 4589 ¹77
727 4538 739 4571 :
785 4516 1047 4595 Κρατίνου
1071 4516 1301 4583 εἰπόντος
1331 4518 1384 4575 ἐν
1417 4520 1554 4594 Νεμ.

147 4818 480 4893 Cottaboque
497 4828 866 4893 proponentes
896 4739 1069 4893 gatrio
1093 4837 1248 4879 more

149 4918 310 4961 tama
337 4906 624 4964 acetabula
647 4907 730 4964 sic
751 4907 916 4965 scrire
947 4918 1117 4981 potu3

149 4993 236 5062 qui
263 4992 404 5051 feriit
431 5004 618 5053 autem
643 4996 876 5070 plurima
896 4997 1105 5070 exlege
1127 5036 1144 5067 ,
1173 4996 1320 5055 felix.

157 5167 328 5241 Psyria
351 5172 608 5245 Spartam
631 5172 770 5245 agis.
899 5090 952 5143 ⁷·

1928 537 2010 610 ὲν
2051 556 2142 634 τῷ
2174 548 2397 638 κύφωνι
2436 549 2542 613 τὸν
2580 547 2783 642 αὐχέν’
2809 551 2988 643 ἔχων,

1827 674 1864 754 ἦ
1894 705 1997 742 που
2024 685 2233 756 νοητέον
2253 727 2270 761 ,
2310 687 2379 752 ὣς
2406 689 2589 751 σκεῦος
2618 675 2683 758 ἦν
2710 708 2761 744 τι
2800 685 3201 766 ἀγορανομικὸν,
3235 679 3279 769 ᾧ
3306 689 3394 749 τὸν

1828 769 2027 849 αὐχένα
2053 771 2262 830 ἐνθέντα
2292 771 2394 830 ἔδει
2418 774 2521 850 (ita
2539 775 2711 833 Mein.
2736 793 2845 848 pro
2877 775 2981 853 δεῖ)
3014 781 3393 853 μαστιγοῦσθαι

1829 857 1915 915 τὸν
1954 859 2075 939 περὶ
2102 859 2197 931 τὴν
2240 859 2434 939 ἀγορὰν
2470 865 2881 940 κακουργοῦντα.
2913 861 3007 922 Ἐν
3036 866 3111 942 τῷ
3142 863 3294 944 κύφ.,
3332 873 3391 922 in

1829 951 2019 1020 lignea
2056 952 2344 1022 custodia,
2391 960 2456 1006 ut
2500 953 2732 1030 Plautus
2778 953 2938 1010 Poen.
2990 951 3049 1027 5,
3095 953 3155 1030 6,
3186 953 3296 1027 28,
3332 957 3391 1011 in

1827 1054 2005 1094 nervo
2035 1040 2277 1096 vinctus.

1905 1290 2069 1348 Idem
2112 1309 2211 1360 10,
2244 1290 2355 1347 186
2390 1311 2405 1346 z
2436 1290 2482 1348 εἰ
2514 1288 2570 1348 δὲ
2583 1195 2689 1348 9καὶ
2719 1289 2934 1366 πλέγμα
2959 1313 3011 1350 τι
3048 1291 3388 1374 σπάρτινονῆ

1825 1375 1986 1434 σάκον
2018 1375 2299 1456 σπάρτινον
2330 1375 2523 1443 ὶθέλοις
2548 1377 2750 1448 καλεῖν,
2782 1378 2872 1437 καὶ
2900 1378 3029 1458 πρὸς
3063 1384 3215 1440 τοῦτο
3244 1384 3392 1462 Κρα·

1825 1462 1961 1529 τῖνός
1988 1485 2071 1522 σοι
2101 1467 2305 1542 βοηθεῖ,
2334 1465 2389 1521 ἐν
2428 1464 2569 1540 Νεμ.
2594 1463 2762 1542 λέγων

1924 1589 2200 1682 Σπάρτην
2227 1593 2391 1681 λέγω
2423 1593 2533 1662 τήν
2565 1583 2918 1682 Σπαρτιάδ’,
2952 1595 3019 1657 οὐ
3055 1597 3167 1667 τὴν
3201 1619 3391 1688 σπαρ-

3168 1694 3387 1792 [τίνην.

1825 1831 2023 1892 Codex
2050 1833 2325 1894 Falltenb.
2358 1832 2467 1891 Σπ.
2499 1830 2638 1909 λέγω
2660 1853 2719 1910 γε
2748 1831 3010 1911 σπαρτίδα
3042 1831 3137 1903 τὴν
3167 1832 3389 1914 σπάρτι-

1823 1941 1941 1992 νον,
1996 1923 2093 1977 alii
2147 1921 2259 1980 Σπ.
2323 1917 2378 1977 δὲ
2432 1917 2606 1996 λέγω,
2644 1922 2737 1978 vel
2789 1921 2899 1979 Σπ.
2952 1921 2997 1978 δ’
3042 1919 3247 1997 ἀλέγω,
3300 1922 3391 1982 καὶ

1824 2028 2019 2086 σπαρτ.
2060 2021 2171 2066 etc.
2204 2009 2358 2066 Illud
2393 2006 2454 2086 γὲ
2490 2021 2683 2066 ortum
2704 2011 2935 2067 videtur
2958 2029 3028 2067 ex
3059 2009 3147 2081 τὲ,
3192 2025 3250 2070 et
3278 2014 3391 2070 hoc

1821 2114 1999 2170 porro
2039 2116 2107 2153 ex
2132 2099 2198 2168 τῆ
2232 2093 2403 2176 (τὴν).
2442 2097 2594 2155 Bene
2622 2099 2796 2172 igitur
2828 2099 3005 2158 Mein.
3032 2099 3255 2174 pridem
3282 2142 3300 2175 ,
3324 2111 3390 2156 ut

1821 2203 1959 2254 nos,
2006 2187 2137 2259 qui,
2178 2209 2204 2234 α
2231 2186 2518 2259 Nemesis,
2571 2187 2791 2258 inquit,
2845 2187 3053 2241 exactis
3100 2189 3390 2244 mensibus

1819 2274 1973 2346 parit
2000 2291 2169 2328 ovum
2187 2313 2204 2343 ,
2236 2273 2427 2346 quod,
2447 2271 2916 2329 Lacedaemonem
2937 2272 3196 2344 allatum,
3222 2275 3389 2331 Ledae

1822 2360 2237 2416 excludendum
2271 2360 2534 2416 traditur.
2581 2362 2667 2416 Ex
2700 2361 2807 2421 hac
2838 2361 3042 2415 fabula!
3069 2372 3231 2434 parte
3269 2362 3391 2418 sor-

1821 2458 1965 2504 tasse
2000 2449 2197 2524 fragm.
2227 2470 2265 2525 9
2298 2449 2693 2523 desumptum,
2735 2445 2991 2525 Σπάρτην
3025 2444 3122 2518 τὴν
3160 2447 3388 2526 σπαρτί-

1820 2557 1943 2606 νην,
1982 2557 2106 2612 quae
2132 2539 2381 2594 Nemesis
2416 2539 2628 2593 aliusve
2664 2555 2923 2612 personae
2962 2537 3035 2592 ad
3072 2538 3389 2594 ministrum

1820 2625 1999 2681 verba
2045 2643 2161 2682 esse
2206 2624 2555 2700 suspicabar,
2598 2625 2697 2698 qui
2740 2644 2915 2698 quum
2944 2627 3206 2701 Spartam
3244 2627 3388 2682 illud

1822 2733 1997 2770 ovum
2037 2725 2268 2789 portare
2304 2713 2619 2787 juberetur,
2668 2715 2865 2770 innata
2906 2715 3044 2770 huic
3092 2715 3388 2771 hominum

1819 2805 2011 2878 generi
2035 2805 2373 2860 scurrilitate
2410 2823 2529 2860 non
2567 2803 2638 2861 de
2670 2804 2851 2876 urbe,
2887 2803 2984 2860 sed
3017 2804 3090 2861 de
3129 2804 3385 2862 funiculo

1821 2893 2108 2967 spartino,
2136 2911 2195 2951 se
2226 2894 2538 2969 intelligere
2572 2894 2884 2950 simularet.
2917 2917 2942 2943 ν

2556 3025 2647 3063 10.

1896 3113 2051 3172 Plut.
2095 3118 2204 3175 vit.
2246 3117 2477 3174 Periclis
2534 3136 2590 3175 c.
2642 3116 2713 3188 3,
2756 3128 3061 3193 postquam
3100 3120 3381 3190 narravit,

1818 3205 2094 3261 Periclem
2136 3205 2210 3261 ob
2259 3205 2483 3281 longius
2532 3215 2706 3281 caput
2744 3207 2973 3262 irrisum
3012 3225 3158 3277 esse,
3193 3208 3299 3263 τῶν
3328 3207 3384 3265 δὲ

1819 3294 2106 3369 Κωμικῶν,
2144 3294 2367 3369 inquit,
2411 3295 2439 3351 ὅ
2476 3291 2569 3371 μὲν
2616 3294 2718 3372 Κρ.
2750 3294 2805 3349 ἑν
2845 3292 3078 3373 Χείρωσι
3110 3292 3205 3373 (fr.
3240 3294 3383 3375 3)...

1817 3378 1909 3436 καὶ
1944 3378 2103 3436 πάλιν
2133 3380 2187 3435 ἐν
2214 3380 2358 3456 Νεμ.

1913 3502 2101 3587 Μόλ’,
2134 3498 2182 3566 ὦ
2210 3504 2329 3568 Ζεῦ
2352 3496 2506 3579 ξένιε
2535 3500 2637 3568 καὶ
2662 3503 2913 3597 Καραῒε.

1820 3640 2025 3717 Καραῑε
2060 3638 2375 3696 Meinekius
2397 3656 2511 3694 sec.
2546 3640 2929 3713 Hesychium,
2960 3640 3194 3717 Καραῑος
3216 3636 3379 3705 Ζεύςτ

1814 3726 1961 3807 παρὰ
2006 3730 2253 3793 Βοιωτοῖς
2297 3722 2435 3784 οὕτω
2488 3748 2529 3782 π
2564 3726 2961 3806 οσαγορεύεται,
3004 3728 3073 3791 ὡς
3113 3725 3208 3803 μὲν
3247 3726 3383 3795 τινές

1815 3837 2007 3895 φασιν,
2060 3814 2147 3875 διὰ
2178 3813 2238 3874 τὸ
2272 3818 2302 3872 ὓ
2370 3813 2473 3886 ,λὸν
2498 3838 2521 3872 ε
2546 3837 2666 3889 ναι,
2696 3815 2803 3873 ἀπὸ
2846 3819 2937 3874 τοῦ
2983 3814 3146 3894 κάρα.
3190 3817 3377 3875 Codd.

1817 3906 1889 3961 Η.
1912 3906 2181 3979 Stephani
2205 3927 2261 3978 μ.
2290 3926 2334 3959 ω
2368 3906 2453 3971 ζεῦ
2490 3901 2702 3980 μέγιστε
2734 3902 2826 3961 καὶ
2858 3900 3036 3981 κάριε,
3076 3906 3171 3960 alii
3204 3903 3383 3979 μακά-

1818 4012 1924 4069 ριε,
1957 3992 2165 4067 quibus
2194 4012 2372 4067 quum
2400 3988 2547 4065 μάλα
2572 4003 2629 4047 et
2653 3989 2787 4067 μέγα
2806 4034 2824 4067 ,
2848 3994 3168 4065 similiaque
3186 4035 3203 4067 ,
3243 4012 3383 4067 per-

1813 4081 2036 4136 misceri
2058 4082 2277 4136 soleant
2302 4098 2333 4135 a
2361 4079 2606 4135 librariis
2634 4090 2689 4134 et
2726 4076 2816 4135 καὶ
2846 4079 3011 4134 facile
3034 4089 3229 4133 natum
3260 4080 3383 4135 fue·

1812 4170 1888 4222 rit
1922 4187 1954 4224 e
1978 4188 2077 4225 κα-
2096 4169 2307 4242 syllaba
2336 4168 2555 4237 vicina,
2587 4166 2823 4222 fortasse
2850 4164 3200 4241 significatur
3232 4152 3276 4222 ὦ
3312 4166 3377 4225 Ζ.

1813 4252 1858 4322 ξ.
1887 4254 1977 4312 καὶ
2007 4254 2156 4330 μάλα
2193 4251 2375 4332 κάριε,
2420 4255 2689 4329 ambigua
2716 4254 2842 4323 illa,
2882 4253 3167 4327 siquidem
3204 4250 3383 4330 καίριος

1809 4345 2045 4419 intelligi
2082 4354 2267 4419 potest
2314 4344 2447 4413 Car,
2485 4342 2967 4415 quemadmodum
2998 4340 3211 4397 dicitur
3251 4337 3383 4406 Ζεὺς

1810 4430 2017 4508 καίριος,
2053 4444 2113 4488 et
2147 4437 2336 4507 capito
2376 4450 2411 4487 a
2438 4432 2667 4486 nomine
2705 4425 2865 4507 κάρα.
2904 4430 3205 4486 Senarium
3232 4429 3374 4483 intc-

1807 4522 2057 4597 gravcris
2093 4522 2368 4596 repetitO,
2414 4531 2479 4576 ut
2526 4520 2669 4575 solet
2714 4519 2897 4594 repeti
2944 4519 3005 4572 in
3047 4514 3381 4591 hujusmodi

1813 4824 1876 4878 In
1899 4822 2048 4895 ligno
2071 4820 2334 4879 oei-vicem
2357 4818 2583 4877 habens.

2570 4912 2607 4963 9

1811 5000 2063 5071 Spartam
2086 4996 2209 5055 dico
2228 4998 2554 5070 Spartanam
2575 5036 2592 5063 ‚
2614 4949 2733 5051 non
2758 4992 2947 5049 funem
2968 4998 3264 5067 sparteum.

2554 5087 2639 5137 10.

1815 5171 1987 5242 Vade,
2011 5187 2044 5227 o
2067 5170 2313 5245 luppiter
2342 5168 2623 5245 hospitalis
2650 5176 2707 5225 et
2728 5168 2913 5225 Caraee
2939 5170 2958 5233 (
2980 5164 3065 5221 vel
3085 5161 3314 5235 capito).
