3809 5850
396 385 504 436 7³8

383 509 613 587 κεστρεῖς
656 505 887 584 λέγουσι.
930 509 1018 568 καὶ
1068 509 1185 574 τοὺς
1240 509 1531 580 Ἀθηναίους
1580 513 1741 578 οὕτως
1770 511 1947 592 ἔλεγον

383 597 471 653 καὶ
500 595 909 674 προσηγόρευον.
952 597 1011 654 τὸ
1046 597 1147 675 γὰρ
1198 601 1327 666 ζῶον
1363 603 1514 658 τοῦτο
1560 600 1851 679 λαιμαργόν
1892 601 1950 658 τό

384 686 493 740 ἔστι
544 683 635 742 καὶ
678 685 963 756 ἄπληστον.
1014 689 1417 762 Aristophanes
1458 690 1709 746 similiter
1775 691 1950 745 Athe·
1986 709 1994 748 ι

384 779 600 831 11ἰο11505
627 787 796 831 vocat
821 773 1161 852 Κεχηναίους.

1072 887 1095 909 ‘
1134 907 1153 942 1
1170 889 1259 957 37.

464 1003 737 1076 1105γο11.,
774 1000 1221 1074 Κλαζομένιοι
1248 1021 1259 1055 :
1294 997 1427 1057 οὕτω
1447 1001 1835 1078 κωμῳδοῦνται.
1865 1001 1946 1058 δο·

385 1093 535 1148 κοῧσι
579 1087 681 1166 γὰρ
726 1086 1203 1152 ἐπικύπτοντες
1248 1109 1419 1166 προσ
1439 1089 1636 1148 τιλᾶν.
1684 1093 1752 1145 Et
1793 1091 1949 1149 Κλα-

385 1183 451 1246 ζο
462 1175 538 1254 με’
548 1200 678 1242 νιος
707 1199 720 1237 :
743 1167 889 1242 οὗτος
920 1174 1268 1254 Ἡρακλείδης
1296 1180 1325 1235 ὁ
1354 1174 1711 1252 Κλαζομένιός
1727 1199 1784 1237 τε
1812 1177 1951 1236 καὶὸ

388 1261 517 1342 βαῢς
546 1263 917 1340 καλούμενοςα
957 1268 1040 1320 De
1076 1265 1376 1322 Heraclide
1414 1267 1772 1323 Clazomenio
1820 1267 1951 1323 vide

386 1356 675 1410 Platonem
717 1355 859 1409 Ione
896 1373 958 1428 p.
1013 1351 1158 1421 541,
1194 1353 1257 1423 C,
1300 1355 1507 1414 Athen.
1564 1375 1652 1424 11,
1694 1375 1754 1430 p.
1805 1353 1950 1423 506,

387 1445 589 1498 AElian.
630 1441 701 1501 V.
752 1445 825 1498 11.
872 1451 963 1510 14,
1012 1441 1067 1498 5.
1103 1441 1431 1517 Cognomen
1478 1444 1749 1511 hominis,
1793 1443 1950 1517 quod

386 1533 527 1594 Βαῦς
554 1529 917 1586 scribendum
945 1530 1189 1599 videtur,
1212 1548 1329 1603 quo
1352 1540 1568 1603 spectet
1590 1531 1779 1587 nescio
1800 1569 1816 1600 ‚
1846 1550 1952 1585 1100

384 1618 696 1696 quidquam
722 1619 862 1676 lucis
889 1617 1051 1674 affert
1074 1621 1104 1674 J
1110 1637 1319 1674 oannes
1346 1620 1506 1675 Alex.
1543 1621 1628 1674 De
1652 1636 1771 1675 acc.
1800 1639 1860 1694 p.
1894 1640 1949 1689 7,

390 1710 462 1766 35
498 1728 513 1767 :
540 1711 707 1766 ταῦτα
738 1705 833 1782 μὲν
872 1697 961 1764 οῧν
996 1704 1275 1786 ἀρσενικᾶ·
1300 1704 1467 1762 κοινὸν
1498 1704 1553 1766 δὲ
1592 1703 1653 1764 τὸ
1676 1713 1828 1780 παῖς,
1854 1712 1951 1776 θη·-

384 1795 519 1856 λυκὸ
542 1795 597 1855 δὲ
629 1793 795 1872 μόνως
833 1799 954 1860 ναῦς
976 1796 1067 1851 καὶ
1102 1803 1221 1861 vate,
1249 1797 1447 1872 γραῦς,
1499 1797 1645 1870 βαῦς.
1682 1795 1953 1872 Bergkius

388 1887 541 1962 βοῦς
566 1884 931 1941 scribendum
957 1883 1315 1956 conjiciebat.
1346 1882 1517 1954 Quod
1548 1883 1689 1938 dicit
1722 1885 1951 1959 glosso-

384 1974 665 2050 graphus,
718 1961 907 2034 οὗτος
960 1969 1338 2048 Ἡρακλείδης,
1387 1969 1603 2026 indicio
1640 1983 1758 2040 est,
1802 1973 1950 2026 hanc

383 2065 623 2141 glossam
673 2080 743 2118 ex
788 2061 1014 2116 scholiis
1050 2062 1257 2116 veteris
1298 2061 1507 2114 comici
1552 2061 1949 2134 transcriptam

384 2171 519 2212 esse,
548 2177 573 2202 ν
602 2152 785 2210 Mein.

1104 2259 1234 2316 138.

462 2376 655 2444 Idem,
686 2371 952 2432 Κνάπτε
974 2394 1025 2425 ιν
1056 2371 1308 2426 κελεύω
1348 2369 1655 2444 γλῶσσαν
1704 2371 1946 2446 (γλῶτ-

382 2461 525 2542 ταν)
558 2485 569 2520 :
600 2461 829 2539 συνέχειν
863 2457 999 2522 ἐντὸς
1032 2461 1129 2515 τῶν
1163 2456 1382 2515 ὀδόντων
1410 2458 1606 2515 κελεύω
1648 2459 1739 2524 τὴν
1782 2461 1948 2534 γλῶτ·

381 2575 497 2610 ταν.

1105 2643 1229 2716 139.

463 2745 654 2812 1110111,
695 2743 739 2800 Κ
760 2740 881 2798 νέω
898 2762 1004 2818 ρον
1030 2758 1045 2796 :
1076 2736 1233 2816 φυτόν
1257 2759 1335 2808 τι,
1368 2737 1395 2794 δ
1435 2743 1536 2804 τοῖς
1570 2737 1949 2817 Θεσμοφορίοις

384 2829 813 2908 ὑποστόρνυνται,
831 2826 921 2885 καὶ
940 2816 983 2905 ᾧ
1013 2827 1084 2890 εἷς
1106 2823 1358 2903 κάθαρσιν
1378 2828 1627 2904 χρῶνται.
1660 2825 1749 2883 καὶ
1776 2849 1951 2904 γυναι-

382 2925 517 2977 κεῖον
542 2915 743 2997 μόριον.
780 2942 803 2967 «ι
838 2918 971 2973 11το
1012 2927 1299 2991 postrema
1330 2914 1664 2991 significatio
1692 2936 1811 2971 non
1840 2917 1945 2973 du-

382 3012 504 3066 bito
536 3011 674 3083 quin
712 3027 779 3065 ex
816 3008 1040 3064 comico
1064 3016 1237 3082 poeta
1260 3005 1512 3065 derivata
1538 3008 1629 3067 sit.
1666 3028 1687 3059 1
1726 3008 1903 3066 Mem.

1048 3130 1073 3150 '¹
1117 3136 1249 3195 140.

463 3240 654 3318 ldem‘,
686 3240 1075 3315 Κολεασμός
1114 3263 1126 3296 z
1173 3239 1233 3299 τὸ
1260 3241 1618 3319 περαίνεσθαι.
1662 3242 1948 3312 πεποίηται

380 3329 435 3387 δὲ
464 3328 569 3387 ἀπὸ
596 3334 687 3387 τοῦ
720 3328 877 3388 κόλου
918 3330 1126 3403 (Mein.
1153 3330 1335 3387 κολεοῦ
1360 3332 1375 3404 )
1403 3328 1492 3387 καὶ
1523 3328 1627 3387 ἀπὸ
1656 3335 1745 3388 τοῦ
1777 3330 1949 3389 καθιέ·

380 3442 465 3475 ναι
496 3420 565 3485 εἰς
586 3418 645 3475 τὸ
667 3417 817 3476 κόλον
858 3418 1061 3493 (Mein.
1096 3417 1185 3476 τὸν
1214 3417 1421 3496 κολεόν)
1440 3438 1453 3451 ·
1485 3424 1637 3476 τοῦτο
1671 3416 1724 3475 δὲ
1766 3418 1950 3477 κολεοί·

380 3510 484 3575 ζειν
508 3504 707 3581 ἔλεγον.
752 3531 775 3557 «ι
807 3508 877 3562 111
914 3507 1002 3561 his
1028 3504 1205 3571 κολεὸς
1232 3518 1291 3563 οι
1320 3504 1656 3593 περαίνεσθαι
1698 3508 1948 3565 obsceno

380 3614 543 3651 sensu
564 3595 717 3651 dicta
744 3614 862 3651 esse
889 3614 1124 3668 sequens
1150 3596 1331 3669 glossa
1368 3596 1616 3666 indicat,
1656 3596 1699 3652 Κ
1718 3593 1942 3673 ολέαρ-

381 3704 523 3760 χος,
572 3682 895 3760 κακόσχολον
942 3679 1123 3757 ὄνομα.
1174 3686 1235 3739 111
1282 3702 1396 3758 qua
1436 3681 1720 3760 κολέαρχος
1767 3689 1945 3739 comi-

382 3792 579 3829 corum
618 3790 779 3828 more
809 3792 877 3827 ex
911 3769 1181 3849 Κλέαρχος
1216 3774 1454 3830 similive
1481 3775 1707 3829 nomine
1748 3774 1936 3830 detor-

382 3873 503 3915 tum
528 3872 633 3918 est.
672 3864 755 3917 Ae
788 3860 1023 3915 fortasse
1056 3862 1229 3917 etiem
1257 3860 1417 3938 ἀρχὸς
1442 3863 1704 3936 ambigue
1733 3862 1945 3918 dictum

380 3958 463 4003 est
489 3967 502 4006 ε
532 3968 585 4003 ν.
611 3949 961 4005 Eustathium
1001 3967 1064 4023 p.
1105 3968 1239 4016 211,
1290 3950 1342 4005 3.
1386 3950 1589 4005 Nescio
1628 3961 1849 4025 tamen,
1874 3970 1946 4005 an

385 4054 515 4091 vera
549 4038 756 4093 horum
788 4040 1087 4093 nominum
1114 4038 1390 4113 scriptura
1431 4037 1600 4093 fuerit
1638 4035 1948 4111 κωλεασμὸς

380 4134 435 4178 et
462 4121 787 4200 κωλόαρχος,
822 4137 888 4180 ιιι
920 4146 1041 4181 11011
1084 4126 1156 4181 1111
1192 4123 1399 4195 κολεός,
1432 4132 1687 4195 vagina,
1736 4126 1831 4181 sed
1874 4126 1946 4182 ad

380 4214 526 4281 κωλῆ
552 4213 869 4269 revocanda
902 4216 1028 4268 sint.
1070 4240 1091 4261 υ
1132 4214 1309 4269 Mein.

1102 4332 1230 4389 141.

462 4436 650 4503 Idem,
708 4432 1066 4509 Κορίνθιαι
1102 4458 1113 4491 ;
1150 4436 1203 4491 αἱ
1248 4434 1437 4506 πέδαι,
1470 4437 1559 4492 καὶ
1599 4440 1653 4495 αἱ
1700 4436 1805 4495 ἀπὸ
1837 4440 1944 4498 Κο-

380 4522 548 4600 ρίνθου
571 4526 663 4593 τῆς
691 4520 889 4589 πόλεως
918 4526 1141 4603 ἑταῖραι.
1178 4527 1423 4599 conjicit
1448 4526 1692 4585 Meinek.
1731 4526 1889 4605 Κορί
1900 4550 1946 4583 ν·

379 4614 517 4669 θιαι
546 4610 750 4668 πέδαι
786 4632 797 4667 :
834 4614 885 4668 αἱ
919 4612 1028 4703 tino
1058 4612 1310 4691 Κορίνθου
1438 4616 1663 4693 ἑταῖραι.

1140 4734 1268 4794 142.

448 4838 640 4909 1110111,
675 4840 716 4898 Κ
733 4862 761 4917 ρ
778 4838 987 4918 αδαφοί
1004 4861 1116 4912 γος
1156 4858 1167 4896 :
1202 4822 1494 4917 συκοφᾶγος
1512 4884 1528 4913 ,
1570 4838 1944 4919 ἷσχαδοφάγος.

380 4924 624 4999 σημαίνει
654 4924 708 4984 δὲ
738 4926 827 4983 καὶ
858 4924 943 4983 τὸν
973 4926 1241 5005 ἀγροῖκον.
1277 4952 1300 4977 σι
1336 4928 1481 4983 Huic
1510 4930 1689 4984 simile
1719 4940 1800 4984 est
1818 4947 1947 4984 con·

379 5014 587 5071 vicium
621 5014 1026 5092 συκοτραγίδης,
1060 5036 1176 5091 quo
1212 5014 1629 5092 Hipponacteni
1657 5030 1711 5074 et
1744 5016 1945 5073 Archi·

339 5156 347 5161 ,
382 5102 611 5157 lochuni
644 5122 775 5157 usos
804 5122 917 5159 esse
942 5116 1186 5162 constat.
1233 5106 1301 5161 111
1343 5118 1532 5162 autem
1564 5108 1799 5161 dubium
1829 5124 1947 5161 csse
2038 5106 2182 5183 κυσῷ
2254 5102 2608 5182 μυριζόμενος.
2681 5104 2726 5161 Κ
2747 5102 3108 5160 υσολοίκων

381 5198 598 5261 potest,
632 5198 821 5245 utrum
851 5194 1103 5249 comicus
1140 5192 1239 5251 illo
1284 5197 1513 5251 nomine
1540 5198 1902 5252 rusticitatem
1927 5240 1942 5267 ,

1494 381 1974 442 FRAGMENTA
2038 377 2497 449 COMICORUM

2045 535 2120 572 1111
2143 531 2567 595 paupertatem,
2603 526 2691 578 vel
2723 526 3012 582 sordidam
3049 529 3372 598 avaritiam,
3409 543 3606 586 nouare

2048 608 2312 665 voluerit.
2349 633 2371 658 ι
2405 611 2590 667 Mein.

2767 703 2900 774 143.

2125 810 2312 891 Idem,
2349 815 2820 895 Κροκύλεγμος
2855 839 2868 875 :
2897 820 2926 875 ὁ
2948 820 3327 887 κολακευτικῶς
3351 819 3445 887 τὰς
3473 845 3604 900 κρο-

2045 901 2200 970 κύδας
2231 904 2500 981 ἂπολὲγων
2529 907 2630 964 τῶν
2667 907 2915 984 ἱματίων,
2952 936 2974 960 ι
3003 913 3278 986 Apposite
3313 931 3604 988 gramma-

2045 993 2190 1047 ticus
2215 993 2391 1048 Bekk.
2415 1013 2476 1068 p.
2509 993 2647 1070 468,
2679 1015 2772 1070 19,
2797 993 3058 1074 Ἀφαιρεῖν
3079 998 3328 1076 κροκύδας
3351 1018 3366 1058 :
3393 999 3480 1056 ἐπὶ
3509 1001 3610 1056 τῶν

2043 1078 2216 1137 πάντα
2240 1079 2522 1139 ποιούντων
2561 1079 2731 1140 ἕνεκεν
2759 1083 3053 1150 κολακείας.
3097 1085 3246 1143 ἄλλοι
3281 1110 3338 1143 τε
3373 1089 3608 1164 χρῶνται

2044 1167 2134 1226 καὶ
2163 1165 2548 1248 Ἀριστοφάνης,
2573 1193 2628 1231 κ.
2651 1193 2702 1232 τ.
2741 1173 2794 1232 λ’.
2827 1199 2854 1223 ¹·
2883 1175 3063 1231 Mein.

2767 1293 2896 1353 1411.

2121 1396 2301 1470 Idem,
2331 1397 2422 1474 Κρ
2439 1417 2466 1454 ο
2483 1419 2558 1454 υσ
2577 1397 2825 1473 ιδημῶν
2859 1395 3030 1476 thim)
3059 1401 3448 1477 κρουσιμετρῶν
3465 1445 3482 1471 ,
3506 1401 3610 1457 ἀπὸ

2045 1485 2146 1541 τῶν
2173 1485 2223 1541 ἐν
2252 1486 2328 1562 τῷ
2366 1488 2574 1564 μετρεῖν
2627 1485 2970 1545 ἀπατώντων.
3005 1489 3092 1544 De
3137 1487 3464 1562 demagogo
3497 1491 3608 1546 hoc

2042 1567 2260 1630 'dictum
2283 1573 2549 1630 observat
2575 1576 2774 1650 Mein.,
2809 1577 3092 1650 populum
3130 1575 3352 1632 callidis
3381 1577 3610 1632 fraudi-

2043 1661 2149 1716 bus
2179 1663 2673 1720 circumveniente.
2705 1663 2986 1737 Hesychio
3019 1662 3348 1722 addendum
3379 1665 3486 1721 fuit
3520 1669 3608 1742 ὡς,

2043 1761 2268 1824 raptum
2299 1749 2440 1808 illud
2477 1752 2548 1806 ab
2579 1751 2710 1820 -ῶν,
2745 1751 2906 1826 quod
2935 1751 3242 1812 antecedit.

2765 1871 2892 1940 145.

2122 1982 2310 2052 Idem,
2345 1982 2394 2040 K
2413 1977 2741 2051 υὸηλικὸν
2765 1979 3029 2060 τρόπον.
3065 2007 3090 2034 σι
3113 1983 3422 2058 Praefigunt
3443 1985 3602 2052 κυὸη-

2044 2070 2220 2136 λικῶς.
2269 2071 2410 2126 Mihi
2463 2071 2740 2145 glossema
2793 2073 2987 2146 potius
3033 2071 3308 2128 excidisse
3357 2073 3603 2129 videtur.

2042 2159 2318 2234 Compara
2351 2160 2692 2234 Hesychium
2729 2160 2790 2214 in
2831 2151 3023 2236 Κρῆτα
3063 2158 3284 2237 τρόπον,
3331 2161 3606 2235 Σαμιακὸν

2041 2247 2250 2326 τρόπον,
2267 2246 2574 2307 Λακωνικὸν
2595 2245 2802 2325 τρόπον,
2819 2259 2958 2318 οι0.,
2981 2267 3108 2322 quae
3127 2251 3322 2305 omnia
3337 2269 3408 2304 ex
3435 2254 3602 2306 comi·

2043 2341 2122 2392 cis
2145 2340 2330 2412 poetis
2347 2349 2618 2412 excerpta
2629 2348 2779 2395 sunt.
2804 2337 2958 2409 Quid
2977 2348 3166 2392 autem
3183 2339 3474 2408 exciderit,
3499 2342 3604 2394 alia

2042 2426 2288 2482 ostendit
2315 2427 2500 2501 glossa
2523 2425 2808 2499 Hesychii,
2831 2427 3086 2498 quamvis
3111 2437 3390 2499 corrupta
3407 2467 3424 2494 ,
3455 2429 3602 2500 Κυμ·

2043 2511 2258 2570 Εαλικὸν
2293 2511 2482 2591 τρόπον
2512 2531 2528 2571 z
2580 2515 2656 2590 τῷ
2697 2512 2909 2570 πελέκει
2951 2515 3336 2590 κακουργῆσαι.
3373 2515 3604 2570 Videtur

2043 2603 2102 2658 id
2141 2601 2214 2658 110
2243 2613 2528 2658 nocturno
2557 2613 2874 2676 grassatore
2899 2601 3116 2656 dictum
3159 2601 3356 2669 fnisse,
3395 2606 3494 2676 qui
3521 2623 3604 2658 se-

2043 2691 2163 2747 curi
2193 2691 2447 2745 homines
2475 2699 2820 2763 percuteret.
2853 2713 2878 2736 ν
2903 2689 3083 2745 Mein.

2754 2819 2774 2854 1
2789 2799 2883 2864 46.

2119 2913 2278 2973 Idem
2298 2955 2313 2982 ‚
2351 2912 2396 2971 1(
2415 2908 2525 2968 υνέ
2540 2930 2571 2967 σ
2587 2931 2625 2966 π
2641 2931 2804 2967 ασαν
2833 2928 2847 2968 :
2881 2907 3146 2977 ἐξέδυσαν.
3181 2905 3310 2967 ἔνιοι
3339 2911 3598 2970 κυνίσκα-

2041 3024 2138 3059 σαν
2171 3000 2229 3059 τὸ
2271 2999 2464 3059 αἰδοῖον
2507 2996 2875 3067 ἐπιτείναντες,
2921 2987 3028 3056 οἷον
3065 2995 3400 3060 ἕπέσπασαν.
3445 3028 3468 3049 ι
3497 3006 3598 3059 Le-

2039 3094 2286 3169 gendum
2342 3092 2388 3149 K
2404 3088 2492 3147 ύν’
2545 3088 2574 3145 ἔ
2587 3109 2719 3145 σιπα
2735 3110 2810 3145 σα
2827 3112 2853 3144 ν
2903 3107 2919 3147 :
2976 3084 3246 3154 ἐξέλυσαν.
3307 3088 3460 3172 Κύέν
3499 3110 3596 3165 pu·

2039 3181 2292 3239 dendum
2311 3180 2470 3235 virile
2491 3180 2708 3253 pariter
2725 3195 2790 3233 ac
2817 3176 3096 3232 muliebre
3117 3177 3356 3235 dicitur.
3390 3178 3590 3235 Αἶδοῑον

2041 3258 2282 3325 ἃνασπᾶν
2309 3268 2562 3323 enotavit
2583 3264 2790 3322 Pollux
2817 3283 2872 3335 α,
2907 3264 3038 3335 175.
3071 3284 3102 3318 υ
3134 3265 3320 3322 Mein.

2749 3384 2879 3447 147-

2118 3488 2309 3555 ldem‚
2363 3482 2733 3563 Κυνόφαλοι
2773 3504 2788 3542 :
2836 3482 3118 3561 Κορίνθιοι.
3165 3482 3328 3563 φυλή.
3385 3510 3411 3535 «ι
3447 3488 3588 3540 Scri-

2041 3576 2290 3632 bendum
2351 3572 2578 3638 videtur
2653 3592 2767 3628 κυν
2789 3568 3097 3649 όφαλλοι,
3161 3591 3279 3645 quo
3339 3573 3594 3631 libidines

2037 3666 2468 3724 Corinthiorum
2496 3680 2530 3717 a
2565 3672 2736 3736 poeta
2777 3661 2998 3716 comico
3033 3663 3222 3715 notari
3263 3671 3588 3735 potnerunt.

2039 3756 2150 3811 Sed
2183 3748 2319 3832 ‹pul-i,
2359 3750 2502 3825 quid
2538 3753 2610 3807 sit
2647 3752 2867 3819 1105οἰ0,
2901 3752 3006 3805 nisi
3036 3750 3184 3806 forte
3217 3752 3595 3825 Cynophallos

2037 3844 2410 3901 Corinthiacae
2434 3840 2622 3915 phylae
2642 3856 2852 3894 nomen
2877 3839 3044 3895 finisse
3065 3884 3079 3912 ,
3111 3842 3369 3895 comicus
3402 3842 3596 3915 aliquis

2039 3930 2297 3987 finxerat.
2340 3954 2361 3978 n
2403 3928 2582 3983 Mein.

2541 4038 2548 4047 ·
2665 4022 2687 4046 '
2723 4022 3005 4090 148-153.

2119 4142 2307 4207 1110111,
2367 4106 2858 4213 Κυῖτθοκορὼνη
2897 4156 2910 4191 :
2956 4132 3159 4213 νύμφη.
3211 4154 3242 4188 11
3299 4138 3384 4192 De
3437 4134 3594 4211 πόρνῃ

2041 4230 2228 4302 potius
2251 4244 2424 4299 quam
2469 4224 2541 4280 de
2576 4218 2751 4302 νύμφῃ
2783 4222 2842 4279 id
2892 4226 3144 4281 comicus
3183 4235 3358 4300 poeta
3405 4222 3595 4278 dixisse

2043 4314 2282 4371 videtur.
2332 4317 2420 4371 Ita
2475 4312 2547 4367 ab
2616 4312 2960 4369 Archilocho
3009 4312 3166 4386 apud
3229 4312 3438 4369 Athen.
3507 4312 3590 4373 13,

2041 4424 2099 4479 p.
2134 4402 2271 4477 594,
2300 4402 2378 4471 Β,
2407 4402 2618 4477 Plango
2668 4401 2792 4456 lena
2831 4399 2919 4455 his
2945 4401 3131 4457 verbis
3177 4398 3550 4475 compellatur
3583 4442 3588 4449 .

1984 4500 1991 4573 Ι
2041 4486 2200 4558 συκέη
2242 4487 2463 4567 πετραίη
2489 4528 2506 4556 ,
2537 4482 2736 4551 πολλὰς
2775 4482 3036 4564 βόσκουσα
3075 4486 3328 4564 κορώνας.
3371 4486 3438 4541 111
3465 4504 3592 4541 ean-

2042 4580 2176 4634 dem
2201 4578 2528 4633 sententiam
2551 4578 2900 4649 interpretor
2921 4574 3176 4647 ejusdem
3200 4586 3385 4650 poetae
3409 4576 3588 4627 locum

2039 4667 2193 4742 apud
2219 4666 2395 4724 schol.
2433 4666 2592 4721 Arati
2635 4684 2690 4721 v.
2743 4682 2889 4719 1000
2917 4682 2932 4721 :
2967 4662 3050 4741 ὑφ’
3081 4662 3274 4731 ἡδονῆς
3309 4658 3592 4734 σαλευμὲντ,

2038 4752 2260 4831 κορώνη.
2312 4754 2393 4809 Ex
2423 4754 2672 4829 ‘comicis
2699 4752 2886 4825 poetis
2918 4754 3054 4807 item
3091 4750 3274 4827 petita
3319 4750 3591 4817 videntur,

2039 4862 2164 4917 quae
2187 4842 2455 4918 deinceps
2503 4853 2760 4899 recenset
2795 4840 3102 4914 Hesychius
3137 4838 3428 4895 vocabula
3475 4856 3590 4892 cnm

2039 4930 2222 4995 κύσθος
2261 4926 2532 4996 νο1κυσὸς
2581 4931 2900 5004 composita
2933 4946 2948 4985 :
2993 4928 3212 5007 Κυσιᾷ
3257 4948 3272 4981 ;
3305 4930 3589 5002 πασχητιᾷ.

2045 5014 2560 5095 Κυσοδοίκχαρις
2597 5037 2607 5071 ;
2655 5014 2772 5085 ἤτοι
2811 5013 2900 5072 τὸν
2940 5012 3100 5071 κυσὸν
3149 5012 3418 5093 μυρίζων,
3447 5010 3482 5081 ἢ
3525 5012 3590 5085 τῷ

3189 5124 3204 5159 2
3267 5100 3588 5180 Ἀρίσταρχόε

2042 5214 2167 5270 φησι
2207 5192 2294 5250 τὸν
2347 5191 2559 5250 Κλεινία
2607 5192 3020 5269 (Alcibiadem)
3064 5190 3202 5250 οὕτω
3248 5189 3490 5269 λέγεσθαι
3523 5190 3586 5262 τῷ
