3809 5850
1544 355 1993 418 soslPATER.

159 507 215 562 V.
253 521 284 557 2
313 501 484 576 vulgo
514 494 696 555 αὐτόν.
730 501 795 555 V.
831 494 864 552 5
893 495 1049 550 malo
1085 496 1180 552 τοῦ
1223 493 1268 550 δ’
1313 489 1374 550 ἂν
1415 512 1546 566 μασ.
1582 490 1655 550 V.
1683 489 1718 545 6
1769 491 1773 496 '

155 590 310 668 ἡδονῇ
339 586 664 661 Schweigh.
698 603 807 660 pro
834 579 1054 652 ἡδονήν.

741 851 1118 913 Lxxxvlu.

679 980 1190 1052 SOSIPATER.

233 1159 258 1185 α
292 1135 362 1190 In
397 1131 564 1204 hujus
589 1129 812 1187 Comici
845 1127 1163 1202 fragmento
1192 1143 1223 1179 e
1255 1120 1718 1202 Καταψευδομένῳ

153 1227 632 1279 commemoratur
668 1215 976 1274 Chariades
1011 1231 1231 1286 coquus
1252 1251 1268 1281 ,
1309 1210 1384 1266 de
1430 1228 1547 1284 quo
1599 1223 1720 1268 tan-

153 1329 316 1384 quam
343 1317 581 1363 mortuo
606 1305 865 1380 loquitur
882 1303 1163 1377 Euphron
1180 1299 1386 1356 Athen.
1411 1317 1472 1372 9,
1493 1317 1552 1374 p.
1576 1299 1714 1375 379,

152 1400 230 1455 C:
261 1399 444 1472 igitur
477 1393 791 1468 Euphrone
813 1392 988 1466 paulo
1021 1388 1317 1464 antiquior
1336 1425 1352 1454 ,
1385 1396 1444 1440 et
1479 1386 1717 1444 sortasse

151 1485 346 1542 mediae
371 1481 670 1540 comoediae
698 1491 874 1554 poeta
907 1477 1015 1534 suit
1043 1479 1331 1552 Sosipater
1353 1515 1370 1544 ,
1399 1493 1574 1552 quem
1599 1493 1718 1532 non

154 1573 432 1628 diversum
456 1589 491 1627 a
521 1569 770 1646 Sopatro
785 1564 1014 1642 parodo
1037 1564 1283 1640 putabat
1317 1565 1636 1639 Schweigh.
1683 1589 1708 1614 ι.

153 1663 196 1715 Ε
216 1663 300 1718 Μ.

525 1775 1317 1867 ,κΛΤΑΨΕΥΔοΜΕΝοΣ

223 1921 438 1978 Athen.
474 1936 536 1993 9,
567 1935 629 1992 p.
665 1916 814 1991 377,
852 1917 898 1972 F
945 1935 958 1970 ε
999 1911 1163 1991 μέγας
1191 1913 1237 1972 δ’
1270 1911 1384 1971 ἐστὶ
1429 1909 1714 1986 σοφιστὴς,

151 2007 238 2067 καὶ
278 2003 430 2064 οὐδὲν
477 2003 656 2075 ἥττων
695 2004 802 2061 τῶν
845 2003 1042 2082 ἰατρῶν
1080 2005 1154 2069 εἰς
1182 1999 1509 2070 ἀλαζονείαν,
1553 1999 1643 2056 καὶ
1689 2002 1718 2058 ὁ

151 2093 290 2172 παρὰ
325 2091 670 2171 Σωσιπάτρῳ
711 2090 962 2170 μάγειρος
991 2091 1044 2147 ἐν
1097 2085 1590 2168 Καταψευδομένῳ,
1628 2087 1717 2146 λε’-

151 2205 250 2260 γων
273 2180 460 2254 οὕτως,

291 2308 358 2347 α.
389 2285 483 2348 Οὐ
515 2284 828 2358 παντελῶς
853 2277 1357 2372 εὐκαταφρόνητος
1388 2282 1425 2349 ἠ
1457 2279 1641 2370 τέχνη
1666 2325 1685 2359 ,

293 2382 366 2452 ἃν
396 2387 813 2477 κατανοήσῃς,
853 2383 1018 2452 ἐστὶν
1040 2389 1238 2477 ἡμῶν,
1269 2384 1546 2474 Δημύλε,

293 2491 462 2560 ἀλλὰ
513 2493 822 2558 πέπλυται
873 2489 946 2557 τὸ
1010 2493 1266 2582 πρᾶγμα
1289 2538 1308 2574 ,
1362 2487 1464 2555 καὶ
1498 2487 1718 2565 πάντες

1498 2588 1717 2688 σχεδὸν

297 2696 447 2768 εἶναι
492 2700 766 2793 μάγειροί
797 2724 1007 2791 φασιν,
1051 2692 1222 2766 οὐδὲν
1249 2691 1474 2776 εἰδότες
1496 2751 1515 2785 ,

202 2805 242 2876 5
291 2809 410 2874 ὑπὸ
441 2815 568 2873 τῶν
591 2808 879 2872 τοιούτων
902 2797 961 2871 δ’
993 2811 1030 2878 ἡ
1063 2807 1244 2898 τέχνη
1273 2805 1658 2895 λυμαίνεται·

295 2913 432 2981 ἐπεὶ
457 2965 476 2993 ,
503 2913 782 3007 μάγειρον
803 2911 901 2979 ἐὰν
922 2905 1114 3005 hig-(ac
1146 2899 1446 2991 ἀληθινὸν,
1532 2980 1542 2991 ,

293 3024 366 3086 ἐκ
391 3010 614 3096 παιδὸς
654 3018 839 3112 ὀρθῶς
868 3018 948 3097 εἰς
975 3018 1050 3085 τὸ
1078 3023 1308 3112 πρᾶγμ’
1345 3018 1712 3110 εἰσηγμένον,

291 3120 326 3156 ’“
350 3124 455 3192 καὶ
483 3123 594 3202 τὰς
623 3115 905 3215 δυνάμεις
934 3126 1278 3214 κατέχοντα
1307 3123 1414 3189 καὶ
1445 3120 1525 3188 τὰ
1552 3117 1586 3153 ⁴⁸
1605 3149 1720 3214 μα-

1480 3226 1719 3320 θῆματα

293 3331 519 3404 ἅπαντ’
552 3333 759 3428 ἐφεξῆς
789 3328 997 3421 εἰδόθ’,
1031 3334 1232 3427 ἕτερόν
1259 3360 1353 3401 σοι
1374 3335 1558 3426 τυχὸν

165 3466 244 3509 ιο
293 3444 633 3533 φανήσεται
661 3442 736 3508 τὸ
763 3446 1035 3535 πρᾶγμα.
1066 3447 1232 3535 Τρεῖς
1257 3446 1428 3533 ἡμεῖς
1464 3441 1556 3506 ἔτι

295 3550 474 3639 ἐσμὲν
503 3548 810 3615 ἐπίλοιποι
832 3596 854 3633 ,
885 3538 1164 3624 Βοιδίων,
1196 3544 1297 3612 καὶ
1327 3538 1664 3637 Χαριάδης,

753 3728 1098 3785 ΜΕΝΒΑΧ.

254 3830 308 3871 a.
338 3816 464 3871 Non
490 3830 716 3888 prorsus
741 3813 1139 3872 contemnenda
1167 3822 1250 3870 est
1277 3828 1364 3870 ars
1446 3886 1456 3895 ι

257 3910 476 3969 nostra,
498 3902 544 3957 si
569 3901 869 3975 expendas,
899 3900 1156 3975 Demylc3

255 3988 352 4045 sed
380 3988 636 4061 culpatur
667 4004 754 4045 res
779 4030 792 4057 ,
815 4003 1116 4060 omnesque
1139 3990 1529 4061 propemodum

255 4089 462 4147 coquos
488 4076 644 4132 aiunt
661 4090 722 4131 se
748 4090 867 4131 esse
885 4115 902 4141 ,
934 4090 1106 4145 quum
1121 4073 1260 4129 nihil
1283 4073 1479 4140 sciant,

188 4167 218 4214 5
255 4168 309 4217 et
331 4160 598 4231 ejusmodi
620 4160 874 4217 homines
897 4170 1070 4217 artem
1099 4159 1478 4233 pessumdant;
1555 4221 1566 4236 ,

258 4262 385 4304 nam
409 4264 604 4305 verum
623 4264 863 4322 coquum
882 4249 927 4305 si
947 4248 1394 4313 consideraveris,

259 4350 292 4390 a
310 4349 486 4407 puero
509 4336 568 4391 in
587 4350 704 4391 rem
729 4333 920 4391 ordine
939 4332 1230 4391 inductum
1246 4376 1260 4402 ,

257 4430 314 4475 et
331 4421 478 4476 vires
505 4420 890 4493 passionesque
911 4420 1165 4477 omnium

259 4505 584 4577 singulatim
619 4513 1045 4577 cognoscentem
1065 4545 1082 4573 ,
1106 4504 1210 4562 alia
1237 4504 1466 4561 fortasse

157 4600 224 4647 ιο
259 4608 346 4649 res
364 4593 466 4649 tibi
487 4592 781 4651 videbitur.
801 4596 934 4649 Tres
958 4590 1140 4650 adbuc
1161 4606 1266 4649 nos

259 4695 462 4737 sumus
485 4682 718 4754 reliqui,
748 4680 1002 4749 Boedion,
1033 4688 1089 4737 et
1107 4678 1402 4738 Charindas
1418 4722 1434 4747 ‚

259 4782 478 4840 egoque
505 4786 518 4820 :
555 4768 750 4825 ceteris
769 4766 1000 4841 oppcde.
1027 4767 1086 4823 h.
1111 4765 1264 4838 Quid
1291 4766 1406 4823 ais?

260 4868 362 4925 ego
379 4855 406 4907 Ρ
435 4868 487 4909 a.
511 4853 770 4911 scholam
789 4869 890 4911 nos
908 4869 1189 4911 servamus

263 4941 513 4999 Sicanis:
535 4940 629 4999 ille
651 4942 786 5000 artis
803 4950 995 4999 auctor
1021 4940 1156 5010 fuit3

155 5036 182 5084 ι
199 5036 230 5083 5
261 5029 456 5086 docuit
479 5046 584 5087 nos
614 5031 851 5103 primum
878 5031 1277 5103 astrologorum
1305 5028 1572 5087 rationem

266 5117 468 5175 deinde
488 5128 613 5192 post
639 5119 759 5176 haec
787 5119 974 5176 statim
995 5117 1472 5179 architectonicam
1492 5136 1507 5185 ς

271 5206 506 5280 physieae
531 5224 726 5266 omnes
752 5207 930 5267 tenuit
954 5206 1310 5281 quaestiones;

3252 354 3367 405 cn
3440 316 3447 322 ’

1962 491 2079 580 ἐγώ
2134 507 2221 554 τε·
2276 491 2399 562 τοῖς
2437 491 2676 558 λοιποῖς
2728 475 2793 549 δὲ
2853 471 3251 572 προσπέρδου.
3305 484 3367 564 β.

3087 587 3169 652 Τί
3218 591 3367 678 <pm

1961 699 2114 790 ἐγώ,
2149 724 2203 762 α.
2235 698 2325 764 Τὸ
2358 688 2787 760 διδασκαλεῖον
2816 699 2989 782 ἡμεῖς
3020 687 3286 784 σώζομεν

1961 803 2033 871 τὸ
2062 802 2347 880 Σίκωνος·
2386 797 2554 892 οὗτος
2594 810 2702 876 τῆς
2739 801 2953 891 τέχνης
2996 799 3255 891 ἀρχηγὸς
3282 797 3372 871 ἦν·

1823 905 1904 976 15
1965 900 2281 975 ἐδίδασκεν
2309 911 2471 996 ἡμᾶς
2490 916 2732 998 πρῶτον
2752 903 3134 996 ἀστρολόγων
3164 905 3370 997 λόγον,

1956 1017 2168 1082 ἔπειτα
2206 1013 2364 1106 μετὰ
2385 1012 2559 1080 ταῦτ’
2586 1014 2744 1089 εὐθὺς
2766 1013 3229 1103 ἀρχιτεκτονεῖν·

1962 1119 2096 1214 περὶ
2120 1122 2343 1212 φύσεως
2372 1125 2625 1209 κατεῖχε
2652 1119 2882 1193 πάντας
2908 1119 3048 1193 τοὺς
3075 1117 3305 1209 λόγους·

1960 1225 2058 1293 ἐπὶ
2080 1231 2231 1292 πᾶσι
2249 1221 2529 1316 τούτοις(
2548 1223 2602 1292 τ’
2624 1222 2650 1316 )
2678 1225 2849 1315 ἔλεγε
2879 1222 2959 1288 τὰ
2980 1225 3368 1315 στρατηγικά·

1958 1332 2071 1424 πρὸ
2119 1341 2229 1408 τῆς
2285 1333 2503 1420 τέχνης
2548 1321 2797 1396 ἔσπευδε
2845 1327 3009 1394 ταῦθ’
3050 1323 3211 1417 ἦμᾶς
3255 1353 3375 1418 μα-

3230 1431 3370 1499 θεῖν.

1813 1567 1907 1614 20
1962 1547 2021 1628 β.
2060 1532 2189 1631 Ᾰρα
2222 1542 2291 1618 σύ
2323 1566 2399 1630 με
2432 1540 2679 1606 κόπτειν
2715 1535 2837 1614 οἷος
2871 1533 2923 1603 εἶ
2950 1562 3048 1629 γε,
3070 1537 3369 1627 φίλτατε;

1956 1675 2019 1714 α.
2055 1644 2221 1728 Οὔκ,
2254 1645 2394 1710 ἀλλ’
2444 1648 2504 1710 ἐν
2531 1647 2652 1728 ὅσῳ
2678 1639 3024 1734 προσέρχετ’
3060 1637 3123 1718 ἐξ
3156 1643 3373 1735 ἀγορᾶς

3121 1775 3153 1813 ο
3195 1774 3339 1826 παις
3358 1801 3373 1831 ,

1959 1857 2165 1947 μικρὸν
2194 1847 2234 1920 δ
2240 1856 2517 1922 ιακονίσω
2552 1881 2617 1920 σε
2646 1853 2777 1946 περὶ
2804 1863 2909 1920 τοῦ
2937 1853 3320 1946 πράγματος,

1958 1963 2055 2027 ἵνα
2085 1971 2173 2046 τῷ
2203 1968 2414 2028 λαλεῖν
2445 1956 2729 2053 λοίὸωμεν
2772 1961 3042 2050 εὔκαιρον
3068 1960 3294 2054 χρόνον.

1961 2070 2020 2150 β.
2079 2057 2391 2152 Ᾰπολλον,
2474 2059 2769 2160 ἐργώδηςί
2837 2091 2897 2131 α.
2963 2056 3227 2132 Ᾰκουσον
3250 2115 3267 2147 ,
3326 2062 3373 2130 ὦ

3168 2167 3363 2265 ’γαθέῖ

1813 2274 1904 2347 25
1956 2269 2056 2346 δεῖ
2083 2281 2187 2346 τὸν
2220 2279 2504 2371 μάγειρον
2538 2269 2764 2350 εἰδέναι
2792 2281 3107 2370 πρώτιστα
3142 2279 3250 2369 μὲν

1956 2383 2088 2474 περὶ
2144 2394 2264 2453 τῶν
2318 2387 2629 2476 μετεώρων
2680 2384 2788 2461 τοὶς
2837 2408 2908 2452 τε
2970 2391 3091 2457 τῶν
3144 2381 3374 2478 ἄστρων

3131 2481 3331 2568 δύσεις
3353 2541 3371 2574 ,

1958 2595 2193 2673 καὶτὰς
2222 2595 2539 2682 ἐπιτολὰς,
2570 2595 2684 2662 καὶ
2705 2591 2816 2661 τὸν
2839 2599 3042 2682 ἥλιον,
3074 2597 3221 2664 πότε

1958 2701 2060 2768 ἐπὶ
2091 2706 2203 2778 τὴν
2238 2701 2471 2795 μακράν
2494 2727 2563 2769 τε
2592 2700 2693 2767 καὶ
2718 2705 3018 2791 βραχεῖαν
3048 2703 3279 2794 ἡμέραν

1959 2807 2253 2894 ἐπάνεισι,
2295 2808 2406 2874 κάν
2434 2805 2703 2874 ποίοισίν
2737 2809 2866 2874 ἐστι
2894 2797 3153 2892 ζῳδίοις·

1813 2906 1907 2981 30
1954 2910 2037 2991 τὰ
2071 2909 2187 3006 γὰρ
2224 2911 2377 3004 ὄψα,
2400 2911 2581 3006 φασὶ,
2616 2910 2825 2981 πάντα
2844 2909 3058 2980 καὶτὰ
3086 2915 3377 3007 βρώματα

1957 3012 2176 3111 σχεδὸν
2206 3022 2265 3086 ἐν
2297 3024 2584 3112 περιφορᾷ
2610 3030 2719 3096 τῆς
2756 3022 2903 3097 ὅλης
2932 3012 3263 3099 συντάξεως

1956 3126 2159 3219 ἑτέραν
2186 3128 2247 3191 ἐν
2277 3120 2489 3201 ἄλλοις
2512 3120 2817 3216 λαμὸοίνει
2848 3129 2958 3199 τὴν
2987 3115 3227 3199 ἡδονήν.

1959 3225 2011 3297 ὸ
2041 3232 2147 3321 μὲν
2179 3230 2279 3299 οὖν
2316 3232 2599 3320 κατέχων
2649 3228 2733 3323 τὰ
2762 3240 3053 3311 τοιαῦτα,
3080 3234 3191 3306 τὴν
3224 3236 3375 3323 ὥραν

3200 3331 3371 3417 ἰδὼν,

1956 3442 2184 3507 τούτων
2214 3440 2528 3527 ἑκάστοις,
2566 3448 2645 3517 ὡς
2674 3451 2931 3534 προσῆκε
2950 3491 2969 3522 ,
3000 3444 3311 3532 χρήσεται·

1817 3542 1907 3614 35
1960 3552 1993 3613 ὀ
2024 3539 2084 3612 δ’
2114 3548 2343 3641 ἀγνοῶν
2360 3554 2531 3615 ταῦτ’
2565 3546 2807 3625 εἰκότως
2830 3542 3250 3625 τυντλάζεται.

1918 3726 2111 3802 hisque
2130 3728 2386 3786 omnibus
2424 3728 2689 3787 absolutis
2715 3727 2971 3801 explicuit
2995 3728 3339 3801 imperatoria
3363 3750 3375 3784 ε

1916 3822 2041 3872 ante
2061 3822 2239 3873 artem
2266 3814 2542 3873 festinavit
2567 3824 2631 3873 ut
2661 3814 2785 3873 baec
2809 3813 3159 3873 disceremus.

1811 3907 1882 3958 20
1918 3901 1973 3957 b.
2005 3905 2095 3957 An
2126 3909 2189 3957 tu
2217 3916 2307 3959 me
2334 3900 2641 3959 obtundere
2663 3902 2764 3970 vis,
2794 3900 3158 3959 amicissime?

1918 4003 1968 4043 a.
2010 3990 2167 4052 Nom
2189 3987 2281 4044 scd
2311 3986 2445 4046 dum
2474 3986 2614 4044 redit
2638 4003 2705 4045 ex
2724 3986 2847 4044 foro
2874 4002 3029 4061 puer,

1920 4073 2144 4147 paulum
2166 4082 2221 4131 te
2240 4073 2535 4147 pulverabo
2566 4078 2925 4142 (instituam)
2946 4074 3017 4132 de
3036 4074 3139 4132 liae
3167 4091 3241 4141 re,

1918 4168 1983 4217 ut
2004 4169 2311 4235 opportuno
2338 4168 2588 4236 tempore
2614 4163 3007 4236 colloquamur.

1920 4248 1973 4303 b.
2004 4251 2107 4306 Per
2125 4248 2458 4322 Apollinem,
2484 4250 2747 4308 molestus
2764 4254 2849 4307 es!
2874 4265 2927 4308 a.
2958 4249 3124 4318 Audi,
3155 4267 3189 4308 ο
3218 4253 3377 4309 bone.

1812 4339 1882 4389 25
1921 4344 2137 4409 oportet
2164 4350 2403 4407 coquum
2422 4336 2559 4393 scire
2584 4336 2761 4408 primo
2787 4337 3035 4397 omnium
3058 4335 3181 4395 loco

1922 4436 2139 4494 supera,
2160 4420 2407 4479 siderum
2434 4436 2657 4480 occasus

1922 4516 2201 4581 ortusque,
2222 4516 2278 4565 et
2302 4508 2382 4565 sol
2403 4507 2627 4584 quando

1922 4592 1991 4649 ad
2017 4594 2235 4666 longam
2262 4593 2342 4650 vel
2374 4595 2591 4652 brevem
2621 4594 2769 4651 diem

1922 4679 2201 4749 ascendat,
2224 4680 2533 4753 quibusque
2560 4682 2811 4756 signiferi
2856 4684 2987 4740 insit
3014 4684 3340 4742 animalibus
3366 4706 3377 4743 :

1815 4772 1885 4824 30
1918 4768 2145 4840 opsonia
2171 4768 2341 4835 enim,
2366 4775 2429 4824 ut
2452 4768 2625 4837 aiunt,
2648 4770 2854 4837 omnia,
2884 4777 2938 4826 et
2964 4768 3161 4829 cibaris

1924 4852 2039 4911 fere
2064 4853 2125 4921 ‚in
2152 4860 2269 4909 toto
2298 4854 2532 4911 circuitu
2561 4854 2995 4928 compositionis,

1922 4940 2087 4997 aliam
2112 4942 2172 4997 in
2192 4940 2315 4997 aliis
2333 4941 2561 5013 gratiam
2585 4942 2879 5016 accipiunt.

1926 5028 2189 5101 Quisquis
2209 5028 2377 5101 igitur
2404 5028 2534 5086 talia
2554 5036 2725 5098 tenet,
2756 5028 3104 5086 considerans
3140 5032 3383 5098 [uteturz

1924 5116 2055 5172 anni
2071 5124 2308 5188 tempus,
2337 5116 2487 5188 quod
2516 5115 2713 5172 horum
2738 5116 2967 5187 singulis
2998 5117 3283 5189 convenit,
3320 5132 3387 5176 eo

1819 5208 1886 5259 35
1923 5202 2177 5275 ignorans
2186 5216 2313 5259 vero
2324 5200 2442 5259 baec
2452 5202 2759 5276 permiscet,
2772 5210 2835 5260 ut
2847 5210 3275 5262 consentancum
3282 5212 3381 5264 est.
