3809 5850
487 361 598 411 “104

487 485 582 541 31.
623 486 684 538 V.
731 482 802 538 23
843 482 920 538 sic
972 481 1251 537 Dobraeus
1276 481 1425 536 Λᾶν.
1467 500 1522 550 2,
1567 500 1629 556 p.
1683 481 1817 538 322.
1859 481 2043 556 Vulgo

486 568 711 648 πρόὸατ’
899 567 956 625 οὐ
1005 567 1268 642 μανθάνω.
1329 570 1590 642 Epitome
1655 571 1771 626 liaec
1827 569 1961 626 inde
2014 589 2047 627 a

484 659 674 715 verbis
724 657 906 714 οὐκοῦν
941 653 1038 732 ἔφη
1077 674 1257 730 usque
1285 655 1435 711 ad‘V.
1473 657 1546 712 30
1579 658 1655 713 ita
1703 660 1989 714 contraxit
2030 676 2044 716 ε

483 745 579 804 οὗκ
601 739 712 815 οὖν,
744 741 868 821 ἔφη,
899 742 966 801 τὰ
983 743 1128 819 μῆλα
1155 741 1396 822 πρόὸατα
1421 741 1616 820 ὅμηρος
1647 741 1882 820 (ὅμηρον
1905 746 2043 818 epit.

482 833 756 910 Hoesch.)
790 833 884 890 οὐκ
929 820 1082 889 οἶσθα
1133 829 1378 908 λέγοντα.
1417 831 1683 911 ὁμηρικῶς
1726 829 1830 908 γὰρ
1867 832 2047 902 διανοῆ

488 925 626 999 (leg.
669 922 925 998 διανοοῦ).
981 923 1050 978 V.
1107 929 1181 988 αἱ.
1217 921 1476 976 lacunam
1511 921 1912 977 verosimiliter
1953 939 2049 976 ex-

483 1013 653 1086 plevi.
675 1009 908 1067 Casaub.
939 1005 1102 1084 ἔγωγε
1119 999 1347 1066 τούτων.
1377 1009 1620 1066 ΜείηεῙι.
1644 1006 1840 1065 τούτων
1868 1005 2043 1065 ἁπάν-

481 1121 607 1156 των.
639 1101 708 1156 V.
745 1097 818 1154 26
851 1116 962 1172 pro
990 1085 1148 1162 οἶδας.
1181 1097 1312 1155 cod.
1348 1097 1392 1155 B
1427 1084 1559 1154 οἶδα.
1589 1099 1656 1154 V.
1695 1114 1766 1167 27
1811 1099 1889 1152 sic
1926 1097 2042 1153 Co-

482 1175 632 1258 raes3
665 1182 838 1264 βούλει
861 1185 936 1263 τῷ
965 1183 1170 1263 μάγειρ’
1201 1183 1457 1264 (μαγείρῳ
1479 1185 1547 1243 Β)
1577 1187 1736 1243 PVL.
1772 1181 1973 1262 βούλετ’
1998 1163 2047 1240 ὗ

485 1273 693 1354 μάγειρ’
722 1274 959 1332 Casaub.
981 1272 1052 1330 V.
1089 1275 1163 1330 30
1187 1271 1480 1351 Ὁμηρικὸς
1507 1271 1627 1350 γὰρ,
1653 1286 1718 1330 ut
1744 1276 1854 1330 sint
1876 1274 2049 1348 coqui

481 1367 679 1433 verba,
710 1363 1008 1421 Dobraeus.
1039 1359 1223 1437 Vulgo
1253 1357 1574 1438 Ὁμηρικῶς
1592 1357 1694 1439 γὰρ
1725 1360 1919 1418 διανοεῖ
1942 1373 2045 1418 etc.

480 1450 551 1511 V.
588 1451 664 1508 33
699 1449 955 1508 ἀποὸάλω
986 1448 1320 1506 Dindorfius
1347 1467 1363 1506 ε
1393 1449 1530 1504 libri
1567 1448 1846 1508 ἅποὸαλῶ.
1872 1446 1940 1508 V.
1973 1449 2043 1516 34

481 1536 576 1616 τᾲς
601 1539 712 1614 οὐλ.
731 1537 854 1617 φέρε
875 1537 1023 1616 δεῦρο
1043 1538 1208 1594 affert
1225 1540 1377 1596 Eust.
1393 1557 1462 1612 p:
1477 1537 1647 1608 1476,
1671 1536 1766 1605 48.
1791 1535 1860 1596 V.
1887 1537 1959 1594 36
1981 1538 2046 1591 li-

480 1630 720 1686 brorum
732 1624 888 1694 λεκὰς
911 1627 956 1683 εἶ
972 1628 1220 1684 correxit
1229 1627 1456 1695 Coraes,
1481 1627 1580 1700 qui
1599 1628 1710 1682 sic:
1738 1651 1762 1674 ιι
1783 1625 2044 1696 λαικάσει,

483 1717 836 1792 respondens
878 1716 1020 1771 illud
1049 1716 1102 1771 ei
1149 1715 1306 1788 quod
1353 1714 1579 1771 effutire
1631 1714 1786 1789 apud
1816 1733 1921 1770 nos
1952 1732 2049 1770 so-

484 1805 606 1862 lent
633 1803 899 1860 homines
941 1803 1155 1877 impuri
1193 1812 1250 1857 et
1288 1798 1580 1876 ἀνάγωγοι,
1612 1801 1860 1858 dicentes
1901 1803 2050 1858 alles

481 1899 622 1948 vo'us
619 1892 782 1962 faire
795 1889 883 1962 s.,
905 1901 970 1946 ut
991 1899 1145 1964 patet
1167 1879 1239 1946 ei
1261 1898 1529 1962 sequente
1555 1891 1731 1962 coqui
1757 1907 2041 1962 sermone,

483 1977 777 2044 ἀτάσθαλός
803 1978 852 2052 γ’
885 1966 953 2048 εἷ,
985 1973 1212 2055 πρέσὸυ.
1250 2001 1276 2026 ιι
1303 1973 1372 2035 V.
1399 1975 1493 2052 39.
1531 1999 1554 2029 ι
1588 1978 1798 2034 Mirum
1837 1988 1921 2034 est
1946 1999 2049 2048 πη-

481 2065 572 2144 γὸς
611 2067 766 2144 apud
797 2068 1112 2122 Homerum
1149 2065 1373 2136 desole
1401 2075 1734 2138 usurpatum
1761 2065 1900 2125 dici.
1936 2069 2049 2122 Ho-

481 2173 670 2213 merus
695 2157 932 2212 arietem
967 2153 1146 2208 denso
1182 2153 1389 2208 vellere
1416 2153 1720 2229 praeditum
1763 2153 1908 2208 dixit
1942 2175 2048 2224 πη-

481 2242 825 2321 γεσίμαλλον,
863 2259 1044 2316 equos
1087 2241 1352 2297 robustos
1375 2251 1434 2296 et
1471 2253 1699 2298 torosos
1732 2237 1962 2316 πηγοὺς,
1992 2253 2050 2298 et

481 2334 652 2390 maris
671 2331 884 2388 undam
913 2339 1313 2385 tumescentem
1331 2371 1348 2403 ,
1385 2339 1444 2384 et
1465 2331 1624 2403 quasi
1663 2340 2044 2404 compactam,

483 2422 628 2494 κῦμα
655 2415 844 2494 πηγόν.
869 2420 1070 2492 Itaque
1100 2416 1291 2473 Strato
1326 2416 1557 2472 fortasse
1584 2416 1724 2472 alius
1751 2428 1937 2491 poetae
1966 2417 2047 2472 lo·

482 2523 614 2563 cum
659 2509 720 2562 in
759 2508 948 2562 animo
994 2501 1212 2574 habuit,
1254 2506 1355 2577 qui
1389 2499 1493 2558 ἅλα
1535 2501 1726 2578 πηγὸν,
1769 2509 2046 2562 mar-inam

483 2613 692 2668 aquam
737 2605 1048 2650 concretam
1061 2635 1074 2658 ,
1112 2593 1192 2648 sal
1219 2593 1504 2647 marinum
1532 2592 1772 2648 dixerat.
1807 2617 1830 2642 n
1861 2593 2043 2649 Μαίη.

479 2681 548 2740 V.
579 2689 653 2748 40
679 2699 787 2756 pro
819 2682 992 2758 παρῆν
1011 2685 1060 2736 Α
1086 2680 1259 2735 habet
1282 2681 1410 2757 παρ’
1437 2677 1521 2748 ἥν.
1548 2679 1760 2754 Scripsi
1799 2676 1951 2754 ἔλεγέ
1978 2679 2045 2738 τ’.

481 2770 773 2845 Asyndeto
785 2772 1117 2844 importuno
1139 2767 1274 2824 libri
1287 2764 1482 2842 ἔλεγεν.
1502 2765 1572 2826 V.
1599 2774 1672 2834 42
1696 2769 1935 2826 Casanb.
1958 2766 2049 2844 μί-

483 2859 672 2918 στυλλε
707 2877 817 2935 pro
845 2855 1107 2934 μίστυλλα
1137 2855 1452 2912 secundum
1494 2857 1637 2914 illud
1671 2857 2047 2914 Homericum

483 2944 766 3023 μίστυλλόν
788 2944 837 3003 τ’
867 2943 970 3025 ἄρα
1001 2944 1193 3005 τᾶλλα.
1233 2969 1256 2995 ι
1285 2946 1456 3017 Quod
1485 2948 1656 3003 etiam
1683 2944 1862 3013 ὀδελὸς
1893 2950 2047 3023 glos-

485 3037 766 3093 sematicis
785 3036 1079 3091 vocabulis
1097 3044 1454 3111 accensetur,
1473 3052 1588 3091 non
1603 3034 1929 3092 mirandum
1948 3047 2047 3111 est,

484 3144 660 3200 quum
680 3124 856 3180 Attici
881 3141 1022 3178 veru
1045 3140 1164 3179 non
1181 3120 1386 3193 ὀδελὸν,
1407 3123 1506 3179 sed
1533 3118 1825 3194 ὀδελίσκον,
1857 3124 2049 3181 dicere

482 3214 713 3269 soleant.
739 3235 764 3261 ι
791 3210 1110 3283 Schweigh.
1139 3206 1209 3267 V.
1240 3210 1311 3275 43
1337 3212 1466 3266 libri
1498 3212 1602 3267 τῶν
1621 3216 1710 3268 τοῦ
1741 3211 1959 3282 Φιλητᾶ

485 3298 724 3378 βιὸλίων.
755 3297 820 3355 V.
859 3297 932 3364 45
957 3299 1092 3355 libri
1117 3294 1334 3355 ἱκετεύω
1356 3300 1429 3374 γ’.
1453 3300 1713 3356 Correxit
1743 3302 2045 3356 Porsonus.

483 3388 644 3444 Idem
671 3406 780 3462 pro
807 3384 911 3456 ἤδη
941 3386 1166 3462 scripsit
1189 3382 1290 3455 ἤθη
1311 3430 1326 3458 ,
1349 3386 1510 3461 quod
1531 3388 1722 3461 probo
1747 3406 1879 3443 cum
1899 3388 2047 3443 Din-

485 3478 692 3535 dorfio.

1207 3711 1328 3769 CII.

947 3826 1575 3896 THEOGNETUS.

574 3990 598 4015 a
637 3963 838 4021 Suidas
883 3984 894 4017 :
942 3960 1236 4037 Θεόγνητος
1256 4005 1274 4037 ,
1318 3960 1563 4037 κωμικός·
1613 3963 1714 4019 τῶν
1769 3960 2049 4040 δραμάτιον

486 4053 646 4110 αὐτοῦ
667 4054 776 4111 ἐστι
803 4044 1012 4125 Φάσμα
1034 4050 1069 4121 ἢ
1091 4050 1450 4130 Φιλάργυρος,
1475 4048 1781 4129 Κένταυρος,
1802 4052 1872 4115 ὡς
1901 4049 2050 4120 Ἀθή-

482 4162 624 4206 ναιος
640 4140 693 4197 ἰν
723 4144 908 4199 Δειπν.
943 4142 1208 4199 Similiter
1241 4140 1495 4197 Eudocia
1516 4137 1662 4196 Viol.
1683 4160 1742 4214 p.
1771 4140 1919 4213 2323
1952 4144 2050 4215 qui

480 4228 635 4285 unde
664 4230 958 4295 Centauri,
1009 4246 1134 4302 quae
1173 4228 1387 4302 Lyncei
1414 4228 1602 4284 sabula
1631 4228 1757 4296 fuit,
1787 4228 2051 4283 notitiam

481 4316 803 4386 hauserint,
832 4335 950 4375 non
978 4328 1238 4391 apparet.
1273 4318 1442 4373 Hunc
1475 4318 1577 4388 qui
1608 4317 1929 4371 Thessalum
1955 4317 2049 4372 di-

484 4404 592 4480 cit,
638 4404 926 4459 Harlesius
951 4403 1096 4461 Bibl.
1125 4403 1228 4461 Gr.
1263 4421 1320 4473 a,
1361 4421 1424 4476 p.
1473 4400 1620 4475 500,
1650 4422 1782 4460 cum
1823 4406 2049 4461 comico

481 4500 654 4565 poeta
699 4489 1005 4553 confundit
1044 4487 1220 4545 alium
1260 4489 1634 4565 scriptorem,
1681 4492 1774 4547 cui
1821 4491 2053 4547 suerunt

483 4579 584 4652 qui
611 4578 822 4653 Orphei
843 4574 1024 4653 λόγους
1051 4573 1218 4654 ἱεροὺς
1244 4576 1580 4635 tribuerent.
1603 4576 1672 4635 In
1711 4576 2053 4637 Φιλοδεσπό-

831 4745 1228 4822 SPECTRUM·
1259 4744 1346 4800 vel
1385 4745 1700 4802 AVARUS.

591 4831 884 4900 Miliomo,
913 4832 1098 4891 enicas
1125 4848 1214 4889 me
1239 4850 1254 4887 z
1283 4832 1513 4890 Poeciles
1541 4834 1688 4889 enim

588 4926 721 4976 stoae
744 4918 1109 4985 sermunculis
1131 4919 1326 4991 plenus
1344 4926 1574 4991 aegrotas
1603 4938 1616 4973 ε

593 5029 617 5053 «
656 5004 896 5061 alienum
957 5003 1218 5079 quiddam
1267 5004 1337 5061 ab
1379 5003 1602 5061 homine
1659 5012 1790 5061 sunt
1822 5003 2044 5071 divitiae,

1803 5092 2045 5161 [pruina;

1517 349 1750 407 NOVAE
1795 347 2205 408 COMOEmAE
2254 347 2657 420 RELIQUIAE.

2138 500 2213 557 τῳ
2236 480 2387 536 ridet
2419 481 2840 536 Pantaleontem
2856 522 2871 548 ,
2888 481 2997 554 'qui
3021 499 3199 553 quum
3228 480 3605 556 Theopompo
3626 481 3695 537 fa·

2138 567 2286 622 bulae
2305 586 2498 624 ansam
2514 567 2761 636 dederit,
2776 568 2937 624 facile
2954 569 3273 643 suspiceris,
3290 569 3693 644 steognetum,

2140 658 2245 711 nisi
2270 659 2513 730 antiquae
2537 656 2845 724 comoediae,
2886 668 3038 712 certe
3062 656 3267 712 mediae
3290 658 3697 730 antiquioribus

2136 747 2323 818 poetis
2370 744 2787 800 accensendum
2840 762 2975 801 esse.
3020 743 3131 800 Sed
3182 745 3448 817 loquitur
3492 745 3598 803 Th.
3640 745 3695 802 de

2140 830 2532 902 Pantaleonte‚
2562 843 2831 905 tanquam
2852 832 2927 887 de
2950 843 3178 888 mortuo
3210 851 3224 886 :
3252 833 3453 905 itaque
3478 844 3697 906 proptu·

2138 922 2464 978 Stoicorum
2495 922 2815 976 irrisionem
2850 922 2909 976 in
2943 921 3261 995 fragmento
3306 922 3465 996 apud
3504 923 3693 978 Athen.

2142 1007 2196 1076 3,
2222 1027 2280 1082 p.
2312 1017 2446 1078 104,
2477 1010 2543 1078 B,
2583 1003 2713 1063 eum
2738 1009 3155 1064 recentioribus
3172 1011 3421 1066 Comicis
3450 1010 3697 1065 adnume-

2138 1096 2384 1152 randum
2424 1097 2641 1170 putavi.
2680 1097 2725 1150 Ε
2764 1094 3026 1168 Φάσματι
3052 1098 3488 1166 Mostellariam,
3516 1101 3695 1172 passim

2142 1183 2379 1239 Phasma
2402 1184 2611 1239 dictam
2648 1179 2665 1258 (
2686 1203 2740 1239 ν.
2768 1185 2903 1254 Nic.
2922 1185 3155 1240 Loensis
3186 1184 3484 1260 Epiphyn.
3510 1185 3566 1254 5,
3586 1187 3699 1260 20),

2141 1273 2473 1346 expressisse
2512 1272 2811 1342 Plautum,
2852 1273 3171 1328 verosimile
3202 1272 3509 1328 videbitur
3550 1293 3699 1347 argu·

2138 1372 2408 1438 mentum·
2426 1361 2545 1432 ejus
2568 1358 2771 1416 fabulae
2800 1360 3200 1417 consideranti.
3233 1385 3257 1410 a·
3290 1361 3344 1414 E
3368 1363 3463 1416 M.

2416 1481 2461 1538 l.
2510 1480 2787 1581 «huma
2832 1477 2867 1547 ἢ
2911 1479 3433 1538 ΦΙΛΑΡΓΥΡΟΣ.

2222 1591 2429 1646 Athen.
2480 1590 2539 1660 3,
2584 1609 2647 1666 p.
2688 1596 2818 1659 104,
2864 1590 2908 1646 B
2944 1610 2957 1644 ε
2996 1587 3126 1666 πρὸς
3168 1586 3261 1656 οὓς
3287 1589 3381 1648 καὶ
3418 1589 3707 1666 Θεόγνητος

2145 1678 2237 1754 (C
2255 1676 2477 1756 Θέογνις
2502 1679 2521 1756 >
2548 1681 2600 1735 ἐν
2622 1674 2939 1754 Φάσματιῆ
2968 1679 3299 1760 Φιλαργύρῳ
3324 1681 3487 1758 φησὶν
3520 1683 3579 1739 ἐκ
3604 1683 3707 1740 τού·

2138 1786 2262 1836 των,

2292 1889 2583 1988 Ᾰνθρωπ’,
2612 1901 2863 1977 ἀπολεῖς
2886 1926 2988 1992 με·
3038 1911 3163 1967 τῶν
3187 1903 3301 1995 γὰρ
3336 1906 3405 1968 ἐκ
3434 1912 3553 1980 τῆς
3584 1930 3707 1969 ποι·

3544 2009 3707 2090 κίλτςς

2289 2115 2469 2188 στοᾶς
2490 2109 2790 2202 λογαρίων
2830 2111 3367 2205 ἀναπεπλησμένος
3397 2121 3597 2194 νοσεῖς
3616 2145 3631 2157 ·

2294 2243 2325 2278 α
2364 2216 2686 2308 ἀλλότριόν
2719 2219 2843 2283 ἐσθ’
2886 2224 2917 2283 ὁ
2947 2226 3208 2298 πλοῦτος
3230 2221 3565 2313 ἀνθρώπῳ,
3600 2224 3709 2288 πά-

3562 2350 3701 2420 ἏΎΤΓ

2287 2426 2461 2519 σοφία
2490 2423 2550 2493 δ’
2580 2419 2758 2516 ἴδιον,
2790 2432 3188 2522 κρύσταλλος·
3234 2425 3440 2510 οὐδεὶς
3468 2439 3705 2500 πώποτε

2290 2535 2520 2634 ταύτην
2550 2531 2757 2602 λαὸὼν
2793 2535 3089 2604 ἀπώλεσ’.
3130 2565 3163 2598 n
3202 2521 3257 2603 ὦ
3280 2537 3479 2616 τάλας
3506 2543 3622 2631 ἐγὼ
3642 2589 3659 2620 ,

2286 2641 2388 2726 οἴῳ
2416 2646 2483 2732 μ’
2515 2645 2547 2708 ὁ
2577 2633 2817 2734 δαίμων
2854 2643 3162 2735 φιλοσόφῳ
3196 2641 3555 2728 συνῴκισενῐ

2288 2744 2626 2839 ἐπαρίστερ’
2656 2748 2873 2838 ἔμαθες
2896 2797 2914 2833 ,
2952 2745 3001 2813 ὦ
3022 2749 3274 2840 πόνηρε,
3306 2749 3675 2842 γράμματα·

2287 2852 2641 2945 ἀνέστροφέν
2670 2879 2773 2920 σου
2802 2855 2911 2920 τὸν
2944 2853 3073 2940 βίον
3094 2851 3179 2920 τὰ
3212 2849 3451 2939 3061(oe-

2285 2959 2804 3052 πεφιλοσόφηκας,
2834 2971 2913 3054 γῇ
2941 2987 3011 3028 τε
3050 2965 3319 3051 κούρανῷ
3357 2968 3597 3043 λαλῶν,

2153 3084 2234 3130 ιο
2285 3058 2369 3141 οἷς
2399 3056 2570 3131 οὐδέν
2600 3069 2761 3132 ἐστιν
2781 3070 3059 3159 ἐπιμελὲς
3085 3078 3210 3134 τῶν
3228 3078 3353 3135 σῶν
3372 3072 3595 3163 λόγων.

2144 3194 2463 3253 postremos
2489 3197 2743 3270 quinque
2772 3215 2965 3253 versus
2987 3198 3137 3253 idem
3165 3199 3374 3255 Athen.
3408 3200 3579 3255 habet
3620 3198 3706 3265 15,

2142 3300 2201 3359 p.
2222 3282 2358 3357 671,
2382 3284 2447 3341 B.
2472 3281 2539 3339 V.
2567 3304 2598 3340 α
2627 3284 2785 3359 quod
2801 3285 2937 3343 libri
2952 3297 3084 3361 post
3096 3290 3265 3349 νοσεῖς
3286 3286 3535 3359 addunt,
3562 3288 3706 3364 ἐρεῖς,

2141 3368 2351 3426 delevit
2376 3372 2629 3430 Grotius.
2654 3364 2883 3429 Idem‘v.
2918 3373 2951 3429 3
2976 3370 3160 3449 πάχνη
3184 3392 3297 3447 pro
3319 3372 3555 3451 πάχνης.
3590 3373 3653 3431 V.
3676 3384 3703 3440 l.

2141 3458 2405 3530 equidem
2448 3460 2639 3515 scribo
2681 3456 2879 3537 σοφία
2896 3484 2919 3527 ς
2938 3504 2955 3536 ,
3006 3473 3070 3516 ut
3122 3460 3353 3519 dicatur
3392 3462 3707 3542 κρύσταλλος

2142 3542 2344 3624 σοφίας.
2375 3547 2562 3603 Facile
2588 3567 2621 3604 σ
2650 3549 2884 3621 perierit
2922 3560 3056 3624 post
3090 3570 3124 3605 α
3162 3548 3417 3607 litteram
3458 3553 3701 3611 similem.

2139 3629 2208 3692 V.
2245 3633 2282 3689 6
2316 3634 2610 3691 Philoxeni
2639 3653 2710 3692 ex
2738 3636 2991 3713 Cyclope
3027 3656 3257 3695 versum
3276 3665 3303 3689 «ι
3334 3636 3433 3715 οἵῳ
3462 3638 3521 3713 μ’
3550 3642 3579 3699 ὁ
3600 3638 3701 3697 δαί-

2143 3742 2257 3796 μων
2286 3718 2466 3796 τέρατι
2494 3720 2863 3802 συγκαθεῖρξεν
2898 3749 2923 3774 υ
2964 3725 3196 3803 (scribo
3226 3726 3573 3807 συγκαθεῖρξέ
3610 3732 3701 3803 με)

2144 3809 2391 3865 Meinek.
2430 3809 2695 3865 observat
2710 3810 2803 3866 hic
2840 3812 3155 3869 imitatione
3170 3818 3515 3888 expressisse
3532 3818 3701 3873 Theo·

2138 3907 2391 3970 gnetum.
2412 3895 2481 3951 V.
2508 3898 2543 3954 8
2567 3894 2879 3977 ἀνέστροφεν
2892 3918 3001 3974 pro
3022 3901 3373 3979 ἀντέστροφεν
3404 3906 3697 3961 Porsonus.

2139 3981 2207 4043 V.
2241 4002 2279 4058 9
2304 4008 2331 4035 ιι
2364 3984 2647 4061 Compara
2674 3987 2991 4043 Philemon.
3030 3990 3199 4047 Milit.
3236 4008 3259 4046 1
3296 4008 3311 4047 ε
3348 3992 3423 4057 ὣς
3450 3991 3627 4069 ἵμερός
3652 3990 3701 4065 μ’
3744 3988 3746 3995 ’

2140 4072 2341 4141 ὑπῆλθε
2359 4072 2429 4148 γῇ
2452 4094 2509 4129 τε
2536 4074 2775 4152 κούρανῷ
2798 4074 3000 4134 λαλεῖν.
3032 4076 3257 4150 Quibus
3284 4082 3469 4137 multa
3508 4082 3691 4137 similia

2140 4172 2473 4236 comparant
2486 4164 2739 4219 Davisius
2754 4164 2825 4221 ad
2846 4164 3028 4221 Cicer.
3054 4167 3223 4222 Tusc.
3250 4166 3309 4237 3,
3326 4168 3425 4239 26,
3446 4167 3692 4225 etValck.
3742 4160 3744 4181 ²

2142 4250 2215 4305 ad
2242 4250 2464 4307 Gallim.
2493 4250 2651 4325 Eleg.
2688 4270 2750 4325 p.
2782 4270 2917 4327 ²99·
2954 4278 2979 4301 υ
3022 4254 3074 4307 Ε
3098 4254 3185 4312 Μ.

2478 4366 2485 4371 ’
2534 4371 2606 4431 ll.
2652 4372 3281 4435 ΦῙΔΟΔΕΣΠΟΤΟΣ.

2220 4494 2428 4550 Athen.
2470 4502 2561 4566 ιιι,
2585 4513 2650 4569 p.
2682 4494 2823 4565 616,
2855 4499 2904 4552 A
2938 4515 2951 4550 ε
2986 4495 3389 4561 Πανταλέοντος
3416 4495 3475 4553 δὲ
3506 4516 3689 4573 μνημο·
3738 4502 3740 4505 ‘

2140 4576 2274 4637 νεύει
2296 4580 2369 4641 Θ.
2396 4581 2451 4638 ἕν
2480 4579 2887 4661 Φιλοδεσπότῳ,

2138 4753 2171 4803 5
2242 4745 2387 4804 hanc
2410 4746 2640 4821 adeptus
2666 4748 2869 4807 amisit.
2890 4773 2915 4800 α
2938 4752 2991 4808 0
3014 4766 3103 4809 me
3130 4751 3415 4821 miserum,

2242 4835 2460 4907 qualem
2476 4838 2925 4895 contubernalem
2948 4838 3175 4898 daimon
3200 4840 3335 4902 mibi
3358 4838 3511 4898 dedit
3528 4838 3683 4913 philo»

2238 4923 2451 4981 sinistre
2478 4923 2737 4991 didicisti,
2767 4924 2981 4995 infelix,
3019 4927 3267 4985 litteras:
3372 4934 3379 4939 ’
3414 4928 3683 5001 [sophum'

2242 5018 2615 5081 perverterunt
2640 5013 2807 5068 vitam
2844 5020 2995 5069 tuam
3020 5013 3187 5070 libelli
3220 5034 3233 5069 :

2222 5093 2659 5173 ,philosophatus
2682 5112 2761 5165 es,
2800 5106 3003 5155 terram
3034 5108 3093 5157 et
3114 5102 3315 5157 roelum
3343 5102 3663 5173 compellans

593 5178 868 5245 proprium
883 5185 1064 5233 autem
1077 5177 1360 5250 sapientia,
1379 5178 1575 5247 glacies
1595 5193 2043 5249 :nemounquam
2146 5188 2209 5237 10
2251 5189 2343 5237 tua
2364 5179 2509 5237 dicta
2534 5182 2667 5239 nihil
2698 5190 2965 5240 curantes.
