<?xml version="1.0" encoding="UTF-8"?>
<!DOCTYPE html PUBLIC "-//W3C//DTD XHTML 1.0 Transitional//EN"
    "http://www.w3.org/TR/xhtml1/DTD/xhtml1-transitional.dtd">
<html xmlns="http://www.w3.org/1999/xhtml" xml:lang="en" lang="en">
 <head>
  <title>
</title>
<meta http-equiv="Content-Type" content="text/html;charset=utf-8" />
  <meta name='ocr-system' content='tesseract 3.04.00' />
  <meta name='ocr-capabilities' content='ocr_page ocr_carea ocr_par ocr_line ocrx_word'/>
</head>
<body>
  <div class='ocr_page' id='page_1' title='image "./poetarumcomicor01hunzgoog_0177.png"; bbox 0 0 3809 5850; ppageno 0'>
   <div class='ocr_carea' id='block_1_1' title="bbox 1598 408 1936 471">
    <p class='ocr_par' dir='ltr' id='par_1_1' title="bbox 1598 408 1936 471">
     <span class='ocr_line' id='line_1_1' title="bbox 1598 408 1936 471; baseline -0.003 -2"><span class='ocrx_word' id='word_1_1' title='bbox 1598 408 1693 471; x_wconf 73' lang='lat' dir='ltr'><strong>Eu</strong></span> <span class='ocrx_word' id='word_1_2' title='bbox 1702 408 1936 471; x_wconf 72' lang='lat' dir='ltr'><strong>eous.</strong></span> 
     </span>
    </p>
   </div>
   <div class='ocr_carea' id='block_1_2' title="bbox 818 540 1043 601">
    <p class='ocr_par' dir='ltr' id='par_1_2' title="bbox 818 540 1043 601">
     <span class='ocr_line' id='line_1_2' title="bbox 818 540 1043 601; baseline 0.004 -6"><span class='ocrx_word' id='word_1_3' title='bbox 818 560 903 601; x_wconf 86' lang='grc'><strong>12,</strong></span> <span class='ocrx_word' id='word_1_4' title='bbox 957 540 1043 596; x_wconf 89' lang='grc'><strong>13.</strong></span> 
     </span>
    </p>
   </div>
   <div class='ocr_carea' id='block_1_3' title="bbox 150 654 1704 819">
    <p class='ocr_par' dir='ltr' id='par_1_3' title="bbox 150 654 1704 819">
     <span class='ocr_line' id='line_1_3' title="bbox 210 654 1704 731; baseline -0.001 -18"><span class='ocrx_word' id='word_1_5' title='bbox 210 656 450 713; x_wconf 82' lang='lat' dir='ltr'><strong>Gramm-</strong></span> <span class='ocrx_word' id='word_1_6' title='bbox 474 654 747 711; x_wconf 83' lang='lat' dir='ltr'><strong>Crameri</strong></span> <span class='ocrx_word' id='word_1_7' title='bbox 778 654 997 713; x_wconf 82' lang='lat' dir='ltr'><strong>Anecd.</strong></span> <span class='ocrx_word' id='word_1_8' title='bbox 1026 656 1211 713; x_wconf 83' lang='lat' dir='ltr'><strong>Oxou.</strong></span> <span class='ocrx_word' id='word_1_9' title='bbox 1249 671 1303 726; x_wconf 88' lang='grc'><strong>1,</strong></span> <span class='ocrx_word' id='word_1_10' title='bbox 1329 672 1390 731; x_wconf 88' lang='lat' dir='ltr'><strong>p.</strong></span> <span class='ocrx_word' id='word_1_11' title='bbox 1420 654 1559 725; x_wconf 90' lang='grc'><strong>446,</strong></span> <span class='ocrx_word' id='word_1_12' title='bbox 1592 674 1661 727; x_wconf 91' lang='grc'><strong>17</strong></span> <span class='ocrx_word' id='word_1_13' title='bbox 1690 675 1704 711; x_wconf 76' lang='lat' dir='ltr'><strong>t</strong></span> 
     </span>
     <span class='ocr_line' id='line_1_4' title="bbox 150 740 1081 819; baseline 0.005 -23"><span class='ocrx_word' id='word_1_14' title='bbox 150 740 385 819; x_wconf 82' lang='grc' dir='ltr'><strong>ἐνεούρη</strong></span> <span class='ocrx_word' id='word_1_15' title='bbox 408 760 523 797; x_wconf 85' lang='grc' dir='ltr'><strong>σεν</strong></span> <span class='ocrx_word' id='word_1_16' title='bbox 553 742 805 805; x_wconf 74' lang='grc' dir='ltr'><strong>ἀττικῶς.</strong></span> <span class='ocrx_word' id='word_1_17' title='bbox 842 742 911 799; x_wconf 98' lang='grc' dir='ltr'><strong>Ε.</strong></span> <span class='ocrx_word' id='word_1_18' title='bbox 946 742 1081 801; x_wconf 82' lang='grc' dir='ltr'><strong>Αὐτ.</strong></span> 
     </span>
    </p>
   </div>
   <div class='ocr_carea' id='block_1_4' title="bbox 126 848 1709 2327">
    <p class='ocr_par' dir='ltr' id='par_1_4' title="bbox 126 848 1709 2327">
     <span class='ocr_line' id='line_1_5' title="bbox 236 848 1455 951; baseline 0.001 -30"><span class='ocrx_word' id='word_1_19' title='bbox 236 848 353 947; x_wconf 44' lang='lat' dir='ltr'><strong>,ipa</strong></span> <span class='ocrx_word' id='word_1_20' title='bbox 378 848 601 949; x_wconf 77' lang='grc' dir='ltr'><strong>σφόδρ’</strong></span> <span class='ocrx_word' id='word_1_21' title='bbox 632 858 972 949; x_wconf 75' lang='grc' dir='ltr'><strong>ἐνεούρησεν</strong></span> <span class='ocrx_word' id='word_1_22' title='bbox 999 851 1225 935; x_wconf 75' lang='grc' dir='ltr'><strong>ἐξώλης</strong></span> <span class='ocrx_word' id='word_1_23' title='bbox 1247 858 1455 951; x_wconf 82' lang='grc' dir='ltr'><strong>γέρων;</strong></span> 
     </span>
     <span class='ocr_line' id='line_1_6' title="bbox 149 982 1702 1061; baseline 0.003 -24"><span class='ocrx_word' id='word_1_24' title='bbox 149 982 315 1041; x_wconf 79' lang='lat' dir='ltr'><strong>Codex</strong></span> <span class='ocrx_word' id='word_1_25' title='bbox 342 983 675 1061; x_wconf 76' lang='grc' dir='ltr'><strong>ἀνεούρησεν</strong></span> <span class='ocrx_word' id='word_1_26' title='bbox 690 1026 709 1055; x_wconf 89' lang='grc'><strong>,</strong></span> <span class='ocrx_word' id='word_1_27' title='bbox 735 986 895 1060; x_wconf 86' lang='lat' dir='ltr'><strong>quod</strong></span> <span class='ocrx_word' id='word_1_28' title='bbox 918 986 1168 1041; x_wconf 85' lang='lat' dir='ltr'><strong>correxit</strong></span> <span class='ocrx_word' id='word_1_29' title='bbox 1191 984 1361 1043; x_wconf 77' lang='lat' dir='ltr'><strong>Mein.</strong></span> <span class='ocrx_word' id='word_1_30' title='bbox 1386 988 1494 1060; x_wconf 82' lang='lat' dir='ltr'><strong>Ap.</strong></span> <span class='ocrx_word' id='word_1_31' title='bbox 1522 985 1702 1042; x_wconf 88' lang='lat' dir='ltr'><strong>schol.</strong></span> 
     </span>
     <span class='ocr_line' id='line_1_7' title="bbox 150 1072 1709 1149; baseline 0.001 -23"><span class='ocrx_word' id='word_1_32' title='bbox 150 1073 375 1129; x_wconf 79' lang='lat' dir='ltr'>Platonis</span> <span class='ocrx_word' id='word_1_33' title='bbox 402 1072 653 1131; x_wconf 78' lang='lat' dir='ltr'><strong>Bekker.</strong></span> <span class='ocrx_word' id='word_1_34' title='bbox 684 1092 749 1149; x_wconf 91' lang='lat' dir='ltr'><strong>p.</strong></span> <span class='ocrx_word' id='word_1_35' title='bbox 792 1073 908 1141; x_wconf 88' lang='grc'><strong>466</strong></span> <span class='ocrx_word' id='word_1_36' title='bbox 930 1074 1162 1148; x_wconf 82' lang='lat' dir='ltr'><strong>legitur,</strong></span> <span class='ocrx_word' id='word_1_37' title='bbox 1187 1074 1479 1130; x_wconf 85' lang='lat' dir='ltr'><strong>Cratinum</strong></span> <span class='ocrx_word' id='word_1_38' title='bbox 1508 1074 1573 1129; x_wconf 89' lang='lat' dir='ltr'><strong>in</strong></span> <span class='ocrx_word' id='word_1_39' title='bbox 1598 1074 1709 1147; x_wconf 81' lang='lat' dir='ltr'><strong>Py-</strong></span> 
     </span>
     <span class='ocr_line' id='line_1_8' title="bbox 148 1160 1709 1238; baseline 0.003 -25"><span class='ocrx_word' id='word_1_40' title='bbox 148 1162 247 1217; x_wconf 85' lang='lat' dir='ltr'><strong>tine</strong></span> <span class='ocrx_word' id='word_1_41' title='bbox 264 1174 495 1219; x_wconf 85' lang='lat' dir='ltr'><strong>notasse</strong></span> <span class='ocrx_word' id='word_1_42' title='bbox 520 1172 927 1238; x_wconf 76' lang='lat' dir='ltr'><strong>paupertatem</strong></span> <span class='ocrx_word' id='word_1_43' title='bbox 961 1163 1205 1236; x_wconf 79' lang='lat' dir='ltr'><strong>Lyconis</strong></span> <span class='ocrx_word' id='word_1_44' title='bbox 1236 1182 1250 1216; x_wconf 77' lang='grc' dir='ltr'><strong>ι</strong></span> <span class='ocrx_word' id='word_1_45' title='bbox 1280 1160 1509 1218; x_wconf 83' lang='lat' dir='ltr'><strong>finxerit</strong></span> <span class='ocrx_word' id='word_1_46' title='bbox 1534 1164 1709 1238; x_wconf 81' lang='lat' dir='ltr'><strong>igitur</strong></span> 
     </span>
     <span class='ocr_line' id='line_1_9' title="bbox 142 1247 1708 1329; baseline 0.003 -26"><span class='ocrx_word' id='word_1_47' title='bbox 142 1249 221 1305; x_wconf 88' lang='lat' dir='ltr'><strong>hic</strong></span> <span class='ocrx_word' id='word_1_48' title='bbox 246 1262 465 1320; x_wconf 86' lang='lat' dir='ltr'><strong>noster,</strong></span> <span class='ocrx_word' id='word_1_49' title='bbox 492 1262 555 1307; x_wconf 87' lang='lat' dir='ltr'><strong>et</strong></span> <span class='ocrx_word' id='word_1_50' title='bbox 578 1252 719 1307; x_wconf 87' lang='lat' dir='ltr'><strong>sella</strong></span> <span class='ocrx_word' id='word_1_51' title='bbox 744 1261 977 1327; x_wconf 84' lang='lat' dir='ltr'><strong>pertusa</strong></span> <span class='ocrx_word' id='word_1_52' title='bbox 1002 1247 1241 1329; x_wconf 81' lang='grc' dir='ltr'>(δίφρῳ)</span> <span class='ocrx_word' id='word_1_53' title='bbox 1274 1260 1330 1307; x_wconf 89' lang='lat' dir='ltr'><strong>et</strong></span> <span class='ocrx_word' id='word_1_54' title='bbox 1356 1250 1590 1325; x_wconf 89' lang='lat' dir='ltr'><strong>scaphio</strong></span> <span class='ocrx_word' id='word_1_55' title='bbox 1615 1250 1708 1307; x_wconf 90' lang='lat' dir='ltr'><strong>de-</strong></span> 
     </span>
     <span class='ocr_line' id='line_1_10' title="bbox 138 1334 1702 1397; baseline 0.002 -5"><span class='ocrx_word' id='word_1_56' title='bbox 138 1334 451 1395; x_wconf 81' lang='lat' dir='ltr'><strong>ficientibus</strong></span> <span class='ocrx_word' id='word_1_57' title='bbox 468 1356 665 1395; x_wconf 86' lang='lat' dir='ltr'><strong>senem</strong></span> <span class='ocrx_word' id='word_1_58' title='bbox 686 1349 748 1395; x_wconf 88' lang='lat' dir='ltr'><strong>et</strong></span> <span class='ocrx_word' id='word_1_59' title='bbox 760 1356 1000 1395; x_wconf 79' lang='lat' dir='ltr'><strong>uxorem</strong></span> <span class='ocrx_word' id='word_1_60' title='bbox 1032 1339 1193 1394; x_wconf 84' lang='lat' dir='ltr'><strong>lectis</strong></span> <span class='ocrx_word' id='word_1_61' title='bbox 1215 1338 1578 1396; x_wconf 85' lang='lat' dir='ltr'><strong>imminxisse.</strong></span> <span class='ocrx_word' id='word_1_62' title='bbox 1614 1337 1702 1397; x_wconf 84' lang='lat' dir='ltr'><strong>Cf.</strong></span> 
     </span>
     <span class='ocr_line' id='line_1_11' title="bbox 140 1420 1701 1503; baseline 0.001 -23"><span class='ocrx_word' id='word_1_63' title='bbox 140 1424 325 1500; x_wconf 71' lang='lat' dir='ltr'><strong>tngm.</strong></span> <span class='ocrx_word' id='word_1_64' title='bbox 370 1433 437 1493; x_wconf 78' lang='grc'><strong>4.</strong></span> <span class='ocrx_word' id='word_1_65' title='bbox 476 1426 675 1485; x_wconf 86' lang='lat' dir='ltr'><strong>Schol.</strong></span> <span class='ocrx_word' id='word_1_66' title='bbox 725 1420 957 1503; x_wconf 75' lang='lat' dir='ltr'><strong>Lysistr.</strong></span> <span class='ocrx_word' id='word_1_67' title='bbox 1004 1424 1140 1497; x_wconf 89' lang='grc'><strong>265,</strong></span> <span class='ocrx_word' id='word_1_68' title='bbox 1182 1420 1300 1495; x_wconf 78' lang='grc' dir='ltr'><strong>τὴν</strong></span> <span class='ocrx_word' id='word_1_69' title='bbox 1349 1422 1654 1491; x_wconf 82' lang='grc' dir='ltr'><strong>Λύκωνος</strong></span> <span class='ocrx_word' id='word_1_70' title='bbox 1686 1445 1701 1482; x_wconf 77' lang='lat'>2</span> 
     </span>
     <span class='ocr_line' id='line_1_12' title="bbox 146 1509 1706 1591; baseline 0.002 -25"><span class='ocrx_word' id='word_1_71' title='bbox 146 1510 223 1582; x_wconf 76' lang='grc' dir='ltr'><strong>τήν</strong></span> <span class='ocrx_word' id='word_1_72' title='bbox 248 1512 469 1571; x_wconf 83' lang='grc' dir='ltr'><strong>Ῥοδίαν</strong></span> <span class='ocrx_word' id='word_1_73' title='bbox 502 1509 648 1591; x_wconf 78' lang='grc' dir='ltr'><strong>λέγει</strong></span> <span class='ocrx_word' id='word_1_74' title='bbox 664 1554 753 1589; x_wconf 87' lang='grc'><strong>,...</strong></span> <span class='ocrx_word' id='word_1_75' title='bbox 780 1512 878 1584; x_wconf 82' lang='grc' dir='ltr'><strong>τὴν</strong></span> <span class='ocrx_word' id='word_1_76' title='bbox 903 1511 1205 1572; x_wconf 75' lang='grc' dir='ltr'><strong>Αὐτολύκου</strong></span> <span class='ocrx_word' id='word_1_77' title='bbox 1228 1511 1326 1589; x_wconf 79' lang='grc' dir='ltr'><strong>μὲν</strong></span> <span class='ocrx_word' id='word_1_78' title='bbox 1356 1510 1582 1591; x_wconf 79' lang='grc' dir='ltr'><strong>μητέρα,</strong></span> <span class='ocrx_word' id='word_1_79' title='bbox 1602 1534 1706 1590; x_wconf 81' lang='grc' dir='ltr'><strong>γυ·</strong></span> 
     </span>
     <span class='ocr_line' id='line_1_13' title="bbox 143 1598 1705 1682; baseline 0.003 -26"><span class='ocrx_word' id='word_1_80' title='bbox 143 1607 281 1657; x_wconf 57' lang='lat' dir='ltr'><strong>’aba</strong></span> <span class='ocrx_word' id='word_1_81' title='bbox 302 1599 361 1659; x_wconf 68' lang='grc' dir='ltr'><strong>δὲ</strong></span> <span class='ocrx_word' id='word_1_82' title='bbox 392 1600 665 1673; x_wconf 78' lang='grc' dir='ltr'><strong>Λύκωνος,</strong></span> <span class='ocrx_word' id='word_1_83' title='bbox 682 1602 767 1659; x_wconf 77' lang='grc' dir='ltr'><strong>ἐπ’</strong></span> <span class='ocrx_word' id='word_1_84' title='bbox 792 1601 1028 1681; x_wconf 74' lang='grc' dir='ltr'><strong>αἰσχροῖς</strong></span> <span class='ocrx_word' id='word_1_85' title='bbox 1047 1598 1492 1682; x_wconf 72' lang='grc' dir='ltr'><strong>κωμῳδουμένην.</strong></span> <span class='ocrx_word' id='word_1_86' title='bbox 1516 1602 1705 1661; x_wconf 87' lang='lat' dir='ltr'><strong>Schol.</strong></span> 
     </span>
     <span class='ocr_line' id='line_1_14' title="bbox 138 1687 1701 1767; baseline 0.001 -22"><span class='ocrx_word' id='word_1_87' title='bbox 138 1690 265 1747; x_wconf 83' lang='lat' dir='ltr'><strong>Plat.</strong></span> <span class='ocrx_word' id='word_1_88' title='bbox 286 1689 542 1747; x_wconf 76' lang='lat' dir='ltr'><strong>Bekker.</strong></span> <span class='ocrx_word' id='word_1_89' title='bbox 566 1710 627 1766; x_wconf 88' lang='lat' dir='ltr'><strong>p.</strong></span> <span class='ocrx_word' id='word_1_90' title='bbox 650 1688 766 1747; x_wconf 83' lang='grc'><strong>332</strong></span> <span class='ocrx_word' id='word_1_91' title='bbox 792 1707 808 1749; x_wconf 91' lang='lat'><strong>:</strong></span> <span class='ocrx_word' id='word_1_92' title='bbox 836 1688 909 1753; x_wconf 87' lang='grc' dir='ltr'><strong>Ε.</strong></span> <span class='ocrx_word' id='word_1_93' title='bbox 932 1691 978 1748; x_wconf 83' lang='grc' dir='ltr'><strong>δ’</strong></span> <span class='ocrx_word' id='word_1_94' title='bbox 1008 1690 1063 1747; x_wconf 68' lang='grc' dir='ltr'><strong>ἐν</strong></span> <span class='ocrx_word' id='word_1_95' title='bbox 1088 1687 1277 1756; x_wconf 78' lang='grc' dir='ltr'><strong>Φίλοις</strong></span> <span class='ocrx_word' id='word_1_96' title='bbox 1296 1687 1386 1747; x_wconf 76' lang='grc' dir='ltr'><strong>καὶ</strong></span> <span class='ocrx_word' id='word_1_97' title='bbox 1408 1687 1499 1747; x_wconf 74' lang='grc' dir='ltr'><strong>ἐπὶ</strong></span> <span class='ocrx_word' id='word_1_98' title='bbox 1523 1692 1589 1765; x_wconf 79' lang='grc' dir='ltr'><strong>τῇ</strong></span> <span class='ocrx_word' id='word_1_99' title='bbox 1608 1711 1701 1767; x_wconf 83' lang='grc' dir='ltr'><strong>γυ-</strong></span> 
     </span>
     <span class='ocr_line' id='line_1_15' title="bbox 138 1774 1703 1857; baseline -0.001 -22"><span class='ocrx_word' id='word_1_100' title='bbox 138 1778 263 1835; x_wconf 81' lang='grc' dir='ltr'><strong>ναικὶ</strong></span> <span class='ocrx_word' id='word_1_101' title='bbox 304 1776 497 1857; x_wconf 60' lang='lat' dir='ltr'><strong>‘Posslq</strong></span> <span class='ocrx_word' id='word_1_102' title='bbox 536 1779 789 1857; x_wconf 78' lang='grc' dir='ltr'><strong>κωμῳδεῖ</strong></span> <span class='ocrx_word' id='word_1_103' title='bbox 822 1775 982 1836; x_wconf 75' lang='grc' dir='ltr'><strong>αὐτὸν</strong></span> <span class='ocrx_word' id='word_1_104' title='bbox 1018 1778 1417 1857; x_wconf 79' lang='lat' dir='ltr'><strong>(Lyconem),</strong></span> <span class='ocrx_word' id='word_1_105' title='bbox 1464 1777 1518 1835; x_wconf 68' lang='grc' dir='ltr'><strong>ἓν</strong></span> <span class='ocrx_word' id='word_1_106' title='bbox 1546 1774 1602 1835; x_wconf 75' lang='grc' dir='ltr'><strong>δὲ</strong></span> <span class='ocrx_word' id='word_1_107' title='bbox 1629 1778 1703 1857; x_wconf 77' lang='grc' dir='ltr'><strong>τῷ</strong></span> 
     </span>
     <span class='ocr_line' id='line_1_16' title="bbox 137 1863 965 1946; baseline 0.008 -27"><span class='ocrx_word' id='word_1_108' title='bbox 137 1864 319 1945; x_wconf 67' lang='grc' dir='ltr'><strong>πρώτῳ</strong></span> <span class='ocrx_word' id='word_1_109' title='bbox 342 1863 643 1946; x_wconf 75' lang='grc' dir='ltr'><strong>Αὐτολύκῳ</strong></span> <span class='ocrx_word' id='word_1_110' title='bbox 668 1866 740 1933; x_wconf 80' lang='grc' dir='ltr'><strong>εἰς</strong></span> <span class='ocrx_word' id='word_1_111' title='bbox 764 1863 903 1934; x_wconf 69' lang='grc' dir='ltr'><strong>ξᾶνο</strong></span> <span class='ocrx_word' id='word_1_112' title='bbox 915 1888 965 1926; x_wconf 86' lang='grc' dir='ltr'><strong>ν.</strong></span> 
     </span>
     <span class='ocr_line' id='line_1_17' title="bbox 873 1984 965 2044; baseline 0.043 -11"><span class='ocrx_word' id='word_1_113' title='bbox 873 1984 965 2044; x_wconf 78' lang='grc'><strong>14.</strong></span> 
     </span>
     <span class='ocr_line' id='line_1_18' title="bbox 194 2086 1703 2167; baseline -0.002 -18"><span class='ocrx_word' id='word_1_114' title='bbox 194 2091 397 2151; x_wconf 87' lang='lat' dir='ltr'><strong>Schol.</strong></span> <span class='ocrx_word' id='word_1_115' title='bbox 452 2092 753 2167; x_wconf 73' lang='lat' dir='ltr'><strong>Aristoph.</strong></span> <span class='ocrx_word' id='word_1_116' title='bbox 802 2092 953 2149; x_wconf 79' lang='lat' dir='ltr'><strong>Nub.</strong></span> <span class='ocrx_word' id='word_1_117' title='bbox 999 2089 1113 2149; x_wconf 87' lang='grc'><strong>253</strong></span> <span class='ocrx_word' id='word_1_118' title='bbox 1148 2109 1163 2147; x_wconf 89' lang='lat'><strong>:</strong></span> <span class='ocrx_word' id='word_1_119' title='bbox 1214 2086 1283 2147; x_wconf 76' lang='grc' dir='ltr'><strong>τὰ</strong></span> <span class='ocrx_word' id='word_1_120' title='bbox 1325 2086 1545 2165; x_wconf 80' lang='grc' dir='ltr'><strong>μηδενὸς</strong></span> <span class='ocrx_word' id='word_1_121' title='bbox 1584 2086 1703 2155; x_wconf 81' lang='grc' dir='ltr'><strong>ἄξια</strong></span> 
     </span>
     <span class='ocr_line' id='line_1_19' title="bbox 127 2176 1703 2259; baseline 0 -26"><span class='ocrx_word' id='word_1_122' title='bbox 127 2176 451 2251; x_wconf 74' lang='grc' dir='ltr'><strong>καπνοὺς,</strong></span> <span class='ocrx_word' id='word_1_123' title='bbox 472 2176 567 2237; x_wconf 74' lang='grc' dir='ltr'><strong>καὶ</strong></span> <span class='ocrx_word' id='word_1_124' title='bbox 594 2176 783 2255; x_wconf 71' lang='grc' dir='ltr'><strong>σκιὰς,</strong></span> <span class='ocrx_word' id='word_1_125' title='bbox 806 2177 905 2237; x_wconf 75' lang='grc' dir='ltr'><strong>καὶ</strong></span> <span class='ocrx_word' id='word_1_126' title='bbox 930 2177 1208 2259; x_wconf 73' lang='grc' dir='ltr'><strong>νεφέλας</strong></span> <span class='ocrx_word' id='word_1_127' title='bbox 1234 2176 1525 2255; x_wconf 83' lang='grc' dir='ltr'><strong>ὠνόμαζον.</strong></span> <span class='ocrx_word' id='word_1_128' title='bbox 1552 2178 1623 2237; x_wconf 88' lang='grc' dir='ltr'><strong>Ε.</strong></span> <span class='ocrx_word' id='word_1_129' title='bbox 1650 2180 1703 2236; x_wconf 72' lang='grc' dir='ltr'><strong>ἓν</strong></span> 
     </span>
     <span class='ocr_line' id='line_1_20' title="bbox 126 2268 249 2327; baseline -0.016 0"><span class='ocrx_word' id='word_1_130' title='bbox 126 2268 249 2327; x_wconf 55' lang='lat' dir='ltr'><strong>aar.</strong></span> 
     </span>
    </p>
   </div>
   <div class='ocr_carea' id='block_1_5' title="bbox 218 2383 1223 2571">
    <p class='ocr_par' dir='ltr' id='par_1_5' title="bbox 218 2383 1223 2571">
     <span class='ocr_line' id='line_1_21' title="bbox 218 2383 1223 2476; baseline 0.001 -23"><span class='ocrx_word' id='word_1_131' title='bbox 218 2386 513 2464; x_wconf 70' lang='grc' dir='ltr'><strong>Καπνούς</strong></span> <span class='ocrx_word' id='word_1_132' title='bbox 542 2383 867 2476; x_wconf 79' lang='grc' dir='ltr'><strong>ἀποφαίνει</strong></span> <span class='ocrx_word' id='word_1_133' title='bbox 890 2384 995 2451; x_wconf 85' lang='grc' dir='ltr'><strong>καὶ</strong></span> <span class='ocrx_word' id='word_1_134' title='bbox 1028 2384 1223 2463; x_wconf 75' lang='grc' dir='ltr'><strong>σκιάς.</strong></span> 
     </span>
     <span class='ocr_line' id='line_1_22' title="bbox 875 2512 969 2571; baseline 0 -1"><span class='ocrx_word' id='word_1_135' title='bbox 875 2512 969 2571; x_wconf 90' lang='grc'><strong>15.</strong></span> 
     </span>
    </p>
   </div>
   <div class='ocr_carea' id='block_1_6' title="bbox 100 2624 1703 3321">
    <p class='ocr_par' dir='ltr' id='par_1_6' title="bbox 100 2624 1703 3321">
     <span class='ocr_line' id='line_1_23' title="bbox 190 2624 1701 2705; baseline 0 -22"><span class='ocrx_word' id='word_1_136' title='bbox 190 2628 391 2684; x_wconf 87' lang='lat' dir='ltr'><strong>Schol.</strong></span> <span class='ocrx_word' id='word_1_137' title='bbox 462 2626 766 2703; x_wconf 79' lang='lat' dir='ltr'><strong>Aristoph.</strong></span> <span class='ocrx_word' id='word_1_138' title='bbox 831 2628 1177 2704; x_wconf 84' lang='lat' dir='ltr'><strong>Thesmoph.</strong></span> <span class='ocrx_word' id='word_1_139' title='bbox 1235 2633 1346 2703; x_wconf 91' lang='grc'><strong>941</strong></span> <span class='ocrx_word' id='word_1_140' title='bbox 1369 2668 1387 2698; x_wconf 95' lang='grc'><strong>,</strong></span> <span class='ocrx_word' id='word_1_141' title='bbox 1432 2624 1701 2705; x_wconf 80' lang='grc' dir='ltr'><strong>γέλωτα</strong></span> 
     </span>
     <span class='ocr_line' id='line_1_24' title="bbox 118 2710 1699 2794; baseline 0.004 -26"><span class='ocrx_word' id='word_1_142' title='bbox 118 2734 205 2769; x_wconf 72' lang='grc' dir='ltr'><strong>πα</strong></span> <span class='ocrx_word' id='word_1_143' title='bbox 222 2736 253 2794; x_wconf 89' lang='grc' dir='ltr'><strong>ρ</strong></span> <span class='ocrx_word' id='word_1_144' title='bbox 270 2711 411 2792; x_wconf 72' lang='grc' dir='ltr'><strong>ἔχω</strong></span> <span class='ocrx_word' id='word_1_145' title='bbox 436 2721 577 2780; x_wconf 82' lang='grc' dir='ltr'><strong>τοῖς</strong></span> <span class='ocrx_word' id='word_1_146' title='bbox 604 2710 877 2792; x_wconf 80' lang='grc' dir='ltr'><strong>κόραξιν</strong></span> <span class='ocrx_word' id='word_1_147' title='bbox 906 2715 1148 2772; x_wconf 75' lang='grc' dir='ltr'><strong>ἑστιῶν</strong></span> <span class='ocrx_word' id='word_1_148' title='bbox 1172 2716 1191 2789; x_wconf 86' lang='grc'><strong>(</strong></span> <span class='ocrx_word' id='word_1_149' title='bbox 1211 2712 1417 2780; x_wconf 82' lang='grc' dir='ltr'><strong>αὐτούς.</strong></span> <span class='ocrx_word' id='word_1_150' title='bbox 1440 2715 1622 2774; x_wconf 72' lang='lat' dir='ltr'><strong>Reislc.</strong></span> <span class='ocrx_word' id='word_1_151' title='bbox 1643 2716 1699 2790; x_wconf 82' lang='lat'><strong>):</strong></span> 
     </span>
     <span class='ocr_line' id='line_1_25' title="bbox 118 2799 1701 2879; baseline 0.001 -20"><span class='ocrx_word' id='word_1_152' title='bbox 118 2800 329 2872; x_wconf 77' lang='grc' dir='ltr'><strong>Ἀττικὴ</strong></span> <span class='ocrx_word' id='word_1_153' title='bbox 358 2800 418 2860; x_wconf 73' lang='grc' dir='ltr'><strong>δὲ</strong></span> <span class='ocrx_word' id='word_1_154' title='bbox 444 2804 479 2872; x_wconf 74' lang='grc' dir='ltr'>ἡ</span> <span class='ocrx_word' id='word_1_155' title='bbox 500 2800 763 2877; x_wconf 82' lang='grc' dir='ltr'><strong>σύνταξις,</strong></span> <span class='ocrx_word' id='word_1_156' title='bbox 784 2799 869 2860; x_wconf 75' lang='grc' dir='ltr'><strong>ὅτι</strong></span> <span class='ocrx_word' id='word_1_157' title='bbox 885 2800 953 2874; x_wconf 71' lang='grc' dir='ltr'><strong>δὴ</strong></span> <span class='ocrx_word' id='word_1_158' title='bbox 983 2806 1168 2879; x_wconf 85' lang='lat' dir='ltr'><strong>(male</strong></span> <span class='ocrx_word' id='word_1_159' title='bbox 1194 2804 1327 2860; x_wconf 84' lang='lat' dir='ltr'><strong>libri</strong></span> <span class='ocrx_word' id='word_1_160' title='bbox 1351 2802 1438 2879; x_wconf 79' lang='grc' dir='ltr'><strong>δέ)</strong></span> <span class='ocrx_word' id='word_1_161' title='bbox 1467 2804 1701 2861; x_wconf 73' lang='grc' dir='ltr'><strong>ἑστιᾶν</strong></span> 
     </span>
     <span class='ocr_line' id='line_1_26' title="bbox 114 2888 1701 2971; baseline 0.003 -27"><span class='ocrx_word' id='word_1_162' title='bbox 114 2890 199 2946; x_wconf 74' lang='grc' dir='ltr'><strong>καὶ</strong></span> <span class='ocrx_word' id='word_1_163' title='bbox 242 2890 437 2969; x_wconf 76' lang='grc' dir='ltr'><strong>δοτικῇ</strong></span> <span class='ocrx_word' id='word_1_164' title='bbox 462 2889 874 2965; x_wconf 80' lang='grc' dir='ltr'><strong>συντάσσουσιν,</strong></span> <span class='ocrx_word' id='word_1_165' title='bbox 902 2894 973 2958; x_wconf 81' lang='grc' dir='ltr'><strong>ὥς</strong></span> <span class='ocrx_word' id='word_1_166' title='bbox 1000 2889 1090 2950; x_wconf 80' lang='grc' dir='ltr'><strong>καὶ</strong></span> <span class='ocrx_word' id='word_1_167' title='bbox 1116 2889 1246 2971; x_wconf 84' lang='grc' dir='ltr'><strong>παρ’</strong></span> <span class='ocrx_word' id='word_1_168' title='bbox 1274 2888 1536 2952; x_wconf 85' lang='grc' dir='ltr'><strong>Εὐπόλιδί</strong></span> <span class='ocrx_word' id='word_1_169' title='bbox 1563 2891 1701 2950; x_wconf 71' lang='grc' dir='ltr'><strong>ἐστιν</strong></span> 
     </span>
     <span class='ocr_line' id='line_1_27' title="bbox 110 2976 1702 3059; baseline 0.001 -25"><span class='ocrx_word' id='word_1_170' title='bbox 110 2979 161 3034; x_wconf 80' lang='grc' dir='ltr'><strong>ἓν</strong></span> <span class='ocrx_word' id='word_1_171' title='bbox 188 2980 331 3038; x_wconf 76' lang='grc' dir='ltr'><strong>Αὗτ.</strong></span> <span class='ocrx_word' id='word_1_172' title='bbox 370 2979 609 3059; x_wconf 76' lang='grc' dir='ltr'><strong>θατέρῳ,</strong></span> <span class='ocrx_word' id='word_1_173' title='bbox 644 2976 782 3038; x_wconf 76' lang='grc' dir='ltr'><strong>ὥστε</strong></span> <span class='ocrx_word' id='word_1_174' title='bbox 824 2977 949 3037; x_wconf 83' lang='grc' dir='ltr'><strong>οὔτε</strong></span> <span class='ocrx_word' id='word_1_175' title='bbox 972 2981 1079 3038; x_wconf 74' lang='grc' dir='ltr'><strong>ἐκεῖ</strong></span> <span class='ocrx_word' id='word_1_176' title='bbox 1100 2977 1219 3038; x_wconf 80' lang='grc' dir='ltr'><strong>οὔτε</strong></span> <span class='ocrx_word' id='word_1_177' title='bbox 1248 2978 1427 3038; x_wconf 62' lang='lat' dir='ltr'><strong>aveat&amp;</strong></span> <span class='ocrx_word' id='word_1_178' title='bbox 1455 2977 1535 3038; x_wconf 82' lang='grc' dir='ltr'><strong>δεῖ</strong></span> <span class='ocrx_word' id='word_1_179' title='bbox 1560 2977 1702 3046; x_wconf 85' lang='grc' dir='ltr'><strong>ξενί-</strong></span> 
     </span>
     <span class='ocr_line' id='line_1_28' title="bbox 106 3069 1703 3144; baseline 0 -20"><span class='ocrx_word' id='word_1_180' title='bbox 106 3069 299 3132; x_wconf 78' lang='grc' dir='ltr'><strong>ζεσθαι</strong></span> <span class='ocrx_word' id='word_1_181' title='bbox 338 3071 419 3144; x_wconf 83' lang='grc' dir='ltr'><strong>(ἱ.</strong></span> <span class='ocrx_word' id='word_1_182' title='bbox 454 3087 505 3126; x_wconf 86' lang='lat' dir='ltr'><strong>e.</strong></span> <span class='ocrx_word' id='word_1_183' title='bbox 532 3073 733 3126; x_wconf 79' lang='lat' dir='ltr'><strong>mirari</strong></span> <span class='ocrx_word' id='word_1_184' title='bbox 748 3070 790 3142; x_wconf 86' lang='lat'><strong>).</strong></span> <span class='ocrx_word' id='word_1_185' title='bbox 821 3071 999 3126; x_wconf 83' lang='lat' dir='ltr'><strong>Recte</strong></span> <span class='ocrx_word' id='word_1_186' title='bbox 1024 3070 1200 3125; x_wconf 83' lang='lat' dir='ltr'><strong>Mein.</strong></span> <span class='ocrx_word' id='word_1_187' title='bbox 1242 3069 1487 3138; x_wconf 85' lang='lat' dir='ltr'><strong>monuit,</strong></span> <span class='ocrx_word' id='word_1_188' title='bbox 1516 3086 1703 3142; x_wconf 89' lang='lat' dir='ltr'><strong>neque</strong></span> 
     </span>
     <span class='ocr_line' id='line_1_29' title="bbox 106 3157 1701 3232; baseline 0.001 -21"><span class='ocrx_word' id='word_1_189' title='bbox 106 3157 411 3232; x_wconf 80' lang='lat' dir='ltr'><strong>Eupolin,</strong></span> <span class='ocrx_word' id='word_1_190' title='bbox 438 3175 631 3232; x_wconf 89' lang='lat' dir='ltr'><strong>neque</strong></span> <span class='ocrx_word' id='word_1_191' title='bbox 658 3157 1095 3232; x_wconf 79' lang='lat' dir='ltr'><strong>Aristophanem</strong></span> <span class='ocrx_word' id='word_1_192' title='bbox 1112 3199 1129 3228; x_wconf 90' lang='lat'><strong>,</strong></span> <span class='ocrx_word' id='word_1_193' title='bbox 1163 3158 1366 3215; x_wconf 78' lang='lat' dir='ltr'>dixisse</span> <span class='ocrx_word' id='word_1_194' title='bbox 1392 3157 1572 3213; x_wconf 70' lang='grc' dir='ltr'><strong>ἑστιᾶν</strong></span> <span class='ocrx_word' id='word_1_195' title='bbox 1600 3175 1701 3212; x_wconf 90' lang='grc' dir='ltr'><strong>τινι</strong></span> 
     </span>
     <span class='ocr_line' id='line_1_30' title="bbox 100 3242 1279 3321; baseline 0.001 -19"><span class='ocrx_word' id='word_1_196' title='bbox 100 3265 219 3321; x_wconf 84' lang='lat' dir='ltr'><strong>pro</strong></span> <span class='ocrx_word' id='word_1_197' title='bbox 246 3246 367 3303; x_wconf 74' lang='grc' dir='ltr'><strong>ἐστ.</strong></span> <span class='ocrx_word' id='word_1_198' title='bbox 393 3242 535 3304; x_wconf 76' lang='grc' dir='ltr'><strong>τινά.</strong></span> <span class='ocrx_word' id='word_1_199' title='bbox 1256 3243 1279 3264; x_wconf 82' lang='lat'><em>⁰</em></span> 
     </span>
    </p>
   </div>
   <div class='ocr_carea' id='block_1_7' title="bbox 872 3357 963 3413">
    <p class='ocr_par' dir='ltr' id='par_1_7' title="bbox 872 3357 963 3413">
     <span class='ocr_line' id='line_1_31' title="bbox 872 3357 963 3413; baseline 0.011 -1"><span class='ocrx_word' id='word_1_200' title='bbox 872 3357 963 3413; x_wconf 89' lang='grc'><strong>16.</strong></span> 
     </span>
    </p>
   </div>
   <div class='ocr_carea' id='block_1_8' title="bbox 100 3465 1701 4146">
    <p class='ocr_par' dir='ltr' id='par_1_8' title="bbox 100 3465 1701 4146">
     <span class='ocr_line' id='line_1_32' title="bbox 194 3465 1699 3545; baseline -0.001 -19"><span class='ocrx_word' id='word_1_201' title='bbox 194 3497 223 3518; x_wconf 79' lang='grc' dir='ltr'><strong>«ι</strong></span> <span class='ocrx_word' id='word_1_202' title='bbox 260 3469 357 3526; x_wconf 82' lang='lat' dir='ltr'><strong>Ad</strong></span> <span class='ocrx_word' id='word_1_203' title='bbox 377 3468 684 3545; x_wconf 81' lang='lat' dir='ltr'><strong>parabasin</strong></span> <span class='ocrx_word' id='word_1_204' title='bbox 710 3469 975 3542; x_wconf 76' lang='lat' dir='ltr'><strong>Autolyci</strong></span> <span class='ocrx_word' id='word_1_205' title='bbox 1001 3479 1260 3544; x_wconf 81' lang='lat' dir='ltr'><strong>spectare</strong></span> <span class='ocrx_word' id='word_1_206' title='bbox 1290 3467 1517 3525; x_wconf 85' lang='lat' dir='ltr'><strong>videtur</strong></span> <span class='ocrx_word' id='word_1_207' title='bbox 1538 3465 1699 3524; x_wconf 88' lang='lat' dir='ltr'><strong>scho-</strong></span> 
     </span>
     <span class='ocr_line' id='line_1_33' title="bbox 100 3555 1701 3633; baseline -0.001 -20"><span class='ocrx_word' id='word_1_208' title='bbox 100 3561 233 3614; x_wconf 83' lang='lat' dir='ltr'><strong>lion</strong></span> <span class='ocrx_word' id='word_1_209' title='bbox 256 3558 561 3632; x_wconf 79' lang='lat' dir='ltr'><strong>Aristoph.</strong></span> <span class='ocrx_word' id='word_1_210' title='bbox 587 3560 755 3633; x_wconf 75' lang='lat' dir='ltr'><strong>vesp.</strong></span> <span class='ocrx_word' id='word_1_211' title='bbox 788 3557 960 3616; x_wconf 84' lang='grc'><strong>1025.</strong></span> <span class='ocrx_word' id='word_1_212' title='bbox 984 3559 1169 3632; x_wconf 82' lang='lat' dir='ltr'><strong>Negat</strong></span> <span class='ocrx_word' id='word_1_213' title='bbox 1186 3555 1271 3613; x_wconf 88' lang='lat' dir='ltr'><strong>ibi</strong></span> <span class='ocrx_word' id='word_1_214' title='bbox 1299 3558 1621 3631; x_wconf 66' lang='lat' dir='ltr'><strong>Aristoph„</strong></span> <span class='ocrx_word' id='word_1_215' title='bbox 1642 3575 1701 3611; x_wconf 88' lang='lat' dir='ltr'><strong>se</strong></span> 
     </span>
     <span class='ocr_line' id='line_1_34' title="bbox 104 3646 1699 3720; baseline -0.003 -18"><span class='ocrx_word' id='word_1_216' title='bbox 104 3664 381 3720; x_wconf 83' lang='lat' dir='ltr'><strong>unquam</strong></span> <span class='ocrx_word' id='word_1_217' title='bbox 418 3647 709 3720; x_wconf 73' lang='lat' dir='ltr'><strong>palaestras</strong></span> <span class='ocrx_word' id='word_1_218' title='bbox 736 3646 943 3700; x_wconf 88' lang='lat' dir='ltr'><strong>obiisse</strong></span> <span class='ocrx_word' id='word_1_219' title='bbox 972 3661 1185 3719; x_wconf 86' lang='lat' dir='ltr'><strong>pueros</strong></span> <span class='ocrx_word' id='word_1_220' title='bbox 1212 3654 1550 3714; x_wconf 79' lang='lat' dir='ltr'><strong>tentantem,</strong></span> <span class='ocrx_word' id='word_1_221' title='bbox 1576 3661 1699 3712; x_wconf 88' lang='lat' dir='ltr'><strong>nec,</strong></span> 
     </span>
     <span class='ocr_line' id='line_1_35' title="bbox 105 3731 1699 3808; baseline 0 -21"><span class='ocrx_word' id='word_1_222' title='bbox 105 3738 151 3788; x_wconf 79' lang='lat' dir='ltr'><strong>si</strong></span> <span class='ocrx_word' id='word_1_223' title='bbox 194 3737 335 3808; x_wconf 77' lang='lat' dir='ltr'><strong>quis</strong></span> <span class='ocrx_word' id='word_1_224' title='bbox 372 3745 601 3789; x_wconf 82' lang='lat' dir='ltr'><strong>amator</strong></span> <span class='ocrx_word' id='word_1_225' title='bbox 631 3751 695 3790; x_wconf 87' lang='lat' dir='ltr'><strong>se</strong></span> <span class='ocrx_word' id='word_1_226' title='bbox 721 3731 952 3802; x_wconf 86' lang='lat' dir='ltr'><strong>adierit,</strong></span> <span class='ocrx_word' id='word_1_227' title='bbox 978 3749 1205 3789; x_wconf 84' lang='lat' dir='ltr'><strong>amores</strong></span> <span class='ocrx_word' id='word_1_228' title='bbox 1232 3751 1365 3788; x_wconf 89' lang='lat' dir='ltr'><strong>suos</strong></span> <span class='ocrx_word' id='word_1_229' title='bbox 1396 3732 1699 3806; x_wconf 82' lang='lat' dir='ltr'><strong>perstringi</strong></span> 
     </span>
     <span class='ocr_line' id='line_1_36' title="bbox 108 3820 1698 3898; baseline 0 -23"><span class='ocrx_word' id='word_1_230' title='bbox 108 3823 355 3898; x_wconf 81' lang='lat' dir='ltr'><strong>indigue</strong></span> <span class='ocrx_word' id='word_1_231' title='bbox 380 3822 599 3896; x_wconf 86' lang='lat' dir='ltr'><strong>ferens,</strong></span> <span class='ocrx_word' id='word_1_232' title='bbox 623 3823 725 3878; x_wconf 88' lang='lat' dir='ltr'><strong>ulli</strong></span> <span class='ocrx_word' id='word_1_233' title='bbox 748 3839 965 3878; x_wconf 86' lang='lat' dir='ltr'><strong>morem</strong></span> <span class='ocrx_word' id='word_1_234' title='bbox 995 3822 1240 3896; x_wconf 78' lang='lat' dir='ltr'><strong>gessisse.</strong></span> <span class='ocrx_word' id='word_1_235' title='bbox 1274 3820 1364 3876; x_wconf 80' lang='lat' dir='ltr'><strong>Ad</strong></span> <span class='ocrx_word' id='word_1_236' title='bbox 1386 3821 1504 3875; x_wconf 80' lang='lat' dir='ltr'><strong>haec</strong></span> <span class='ocrx_word' id='word_1_237' title='bbox 1526 3821 1698 3876; x_wconf 88' lang='lat' dir='ltr'><strong>scho-</strong></span> 
     </span>
     <span class='ocr_line' id='line_1_37' title="bbox 110 3906 1699 3986; baseline 0.001 -23"><span class='ocrx_word' id='word_1_238' title='bbox 110 3912 277 3968; x_wconf 78' lang='lat' dir='ltr'><strong>liasta</strong></span> <span class='ocrx_word' id='word_1_239' title='bbox 304 3929 321 3970; x_wconf 74' lang='lat' dir='ltr'><strong>t</strong></span> <span class='ocrx_word' id='word_1_240' title='bbox 352 3909 423 3967; x_wconf 82' lang='grc' dir='ltr'><strong>δι’</strong></span> <span class='ocrx_word' id='word_1_241' title='bbox 450 3908 709 3970; x_wconf 78' lang='grc' dir='ltr'><strong>Εὔπολιν.</strong></span> <span class='ocrx_word' id='word_1_242' title='bbox 740 3909 792 3967; x_wconf 77' lang='grc' dir='ltr'><strong>ἐν</strong></span> <span class='ocrx_word' id='word_1_243' title='bbox 814 3909 946 3968; x_wconf 84' lang='grc' dir='ltr'><strong>Αὐτ.</strong></span> <span class='ocrx_word' id='word_1_244' title='bbox 976 3907 1033 3966; x_wconf 77' lang='grc' dir='ltr'><strong>δὲ</strong></span> <span class='ocrx_word' id='word_1_245' title='bbox 1060 3906 1277 3966; x_wconf 78' lang='grc' dir='ltr'><strong>τοιαῦτά</strong></span> <span class='ocrx_word' id='word_1_246' title='bbox 1301 3928 1480 3986; x_wconf 80' lang='grc' dir='ltr'><strong>φησιν.</strong></span> <span class='ocrx_word' id='word_1_247' title='bbox 1512 3910 1699 3965; x_wconf 90' lang='lat' dir='ltr'><strong>Potest</strong></span> 
     </span>
     <span class='ocr_line' id='line_1_38' title="bbox 114 3995 1697 4075; baseline 0 -22"><span class='ocrx_word' id='word_1_248' title='bbox 114 4009 179 4054; x_wconf 88' lang='lat' dir='ltr'><strong>ut</strong></span> <span class='ocrx_word' id='word_1_249' title='bbox 214 4002 332 4057; x_wconf 83' lang='lat' dir='ltr'><strong>tale</strong></span> <span class='ocrx_word' id='word_1_250' title='bbox 364 3998 515 4074; x_wconf 89' lang='lat' dir='ltr'><strong>quid</strong></span> <span class='ocrx_word' id='word_1_251' title='bbox 564 4001 629 4058; x_wconf 83' lang='lat' dir='ltr'><strong>E.</strong></span> <span class='ocrx_word' id='word_1_252' title='bbox 670 4001 732 4054; x_wconf 89' lang='lat' dir='ltr'><strong>in</strong></span> <span class='ocrx_word' id='word_1_253' title='bbox 760 4000 1043 4073; x_wconf 81' lang='lat' dir='ltr'><strong>Autolyco</strong></span> <span class='ocrx_word' id='word_1_254' title='bbox 1080 3999 1445 4075; x_wconf 77' lang='lat' dir='ltr'><strong>Aristophani</strong></span> <span class='ocrx_word' id='word_1_255' title='bbox 1466 3995 1697 4068; x_wconf 84' lang='lat' dir='ltr'><strong>objece-</strong></span> 
     </span>
     <span class='ocr_line' id='line_1_39' title="bbox 112 4089 481 4146; baseline 0.014 -6"><span class='ocrx_word' id='word_1_256' title='bbox 112 4091 211 4146; x_wconf 65' lang='lat' dir='ltr'><strong>rit.</strong></span> <span class='ocrx_word' id='word_1_257' title='bbox 246 4116 271 4138; x_wconf 73' lang='grc' dir='ltr'><strong>ο</strong></span> <span class='ocrx_word' id='word_1_258' title='bbox 304 4090 361 4145; x_wconf 73' lang='grc' dir='ltr'><strong>Ε</strong></span> <span class='ocrx_word' id='word_1_259' title='bbox 382 4089 481 4146; x_wconf 78' lang='lat' dir='ltr'><strong>M.</strong></span> 
     </span>
    </p>
   </div>
   <div class='ocr_carea' id='block_1_9' title="bbox 874 4219 967 4270">
    <p class='ocr_par' dir='ltr' id='par_1_9' title="bbox 874 4219 967 4270">
     <span class='ocr_line' id='line_1_40' title="bbox 874 4219 967 4270; baseline 0 -15"><span class='ocrx_word' id='word_1_260' title='bbox 874 4219 967 4270; x_wconf 84' lang='lat'><strong>17.</strong></span> 
     </span>
    </p>
   </div>
   <div class='ocr_carea' id='block_1_10' title="bbox 128 4322 1699 4652">
    <p class='ocr_par' dir='ltr' id='par_1_10' title="bbox 128 4322 1699 4652">
     <span class='ocr_line' id='line_1_41' title="bbox 202 4322 1699 4406; baseline -0.001 -21"><span class='ocrx_word' id='word_1_261' title='bbox 202 4331 395 4404; x_wconf 70' lang='lat' dir='ltr'><strong>Etym.</strong></span> <span class='ocrx_word' id='word_1_262' title='bbox 424 4329 506 4385; x_wconf 74' lang='lat' dir='ltr'><strong>M.</strong></span> <span class='ocrx_word' id='word_1_263' title='bbox 528 4345 587 4403; x_wconf 85' lang='lat' dir='ltr'><strong>p.</strong></span> <span class='ocrx_word' id='word_1_264' title='bbox 616 4326 755 4404; x_wconf 84' lang='lat'><strong>399,</strong></span> <span class='ocrx_word' id='word_1_265' title='bbox 788 4345 855 4400; x_wconf 87' lang='grc'><strong>17</strong></span> <span class='ocrx_word' id='word_1_266' title='bbox 884 4349 899 4382; x_wconf 93' lang='grc'><strong>·.</strong></span> <span class='ocrx_word' id='word_1_267' title='bbox 934 4322 1249 4406; x_wconf 78' lang='grc' dir='ltr'><strong>Εὖτρήσιος,</strong></span> <span class='ocrx_word' id='word_1_268' title='bbox 1282 4337 1559 4401; x_wconf 74' lang='lat' dir='ltr'><strong>etc.,quoe</strong></span> <span class='ocrx_word' id='word_1_269' title='bbox 1584 4345 1699 4402; x_wconf 88' lang='lat' dir='ltr'><strong>po-</strong></span> 
     </span>
     <span class='ocr_line' id='line_1_42' title="bbox 128 4414 1699 4494; baseline -0.003 -21"><span class='ocrx_word' id='word_1_270' title='bbox 128 4418 227 4472; x_wconf 73' lang='lat' dir='ltr'><strong>sita</strong></span> <span class='ocrx_word' id='word_1_271' title='bbox 247 4429 387 4473; x_wconf 79' lang='lat' dir='ltr'><strong>sunt</strong></span> <span class='ocrx_word' id='word_1_272' title='bbox 416 4419 473 4472; x_wconf 89' lang='lat' dir='ltr'><strong>in</strong></span> <span class='ocrx_word' id='word_1_273' title='bbox 504 4418 947 4492; x_wconf 69' lang='lat' dir='ltr'><strong>prolegomenis».</strong></span> <span class='ocrx_word' id='word_1_274' title='bbox 990 4443 1013 4466; x_wconf 72' lang='grc' dir='ltr'><strong>«ι</strong></span> <span class='ocrx_word' id='word_1_275' title='bbox 1042 4419 1279 4474; x_wconf 80' lang='lat' dir='ltr'><strong>Rectius</strong></span> <span class='ocrx_word' id='word_1_276' title='bbox 1299 4434 1410 4490; x_wconf 87' lang='lat' dir='ltr'><strong>pro</strong></span> <span class='ocrx_word' id='word_1_277' title='bbox 1442 4414 1699 4494; x_wconf 78' lang='grc' dir='ltr'><strong>Εὔτρησις</strong></span> 
     </span>
     <span class='ocr_line' id='line_1_43' title="bbox 130 4503 1697 4582; baseline -0.001 -21"><span class='ocrx_word' id='word_1_278' title='bbox 130 4507 331 4564; x_wconf 62' lang='lat' dir='ltr'><strong>scribas</strong></span> <span class='ocrx_word' id='word_1_279' title='bbox 372 4503 665 4582; x_wconf 75' lang='grc' dir='ltr'><strong>Εὐτρήσιοι</strong></span> <span class='ocrx_word' id='word_1_280' title='bbox 702 4531 747 4564; x_wconf 68' lang='lat' dir='ltr'><strong>n.</strong></span> <span class='ocrx_word' id='word_1_281' title='bbox 788 4507 877 4562; x_wconf 89' lang='lat' dir='ltr'><strong>M.</strong></span> <span class='ocrx_word' id='word_1_282' title='bbox 918 4509 983 4561; x_wconf 83' lang='lat' dir='ltr'><strong>V.</strong></span> <span class='ocrx_word' id='word_1_283' title='bbox 1020 4505 1313 4562; x_wconf 87' lang='lat' dir='ltr'><strong>Teleclidis</strong></span> <span class='ocrx_word' id='word_1_284' title='bbox 1356 4503 1554 4578; x_wconf 75' lang='lat' dir='ltr'><strong>fragm.</strong></span> <span class='ocrx_word' id='word_1_285' title='bbox 1595 4505 1697 4560; x_wconf 90' lang='lat' dir='ltr'><strong>in-</strong></span> 
     </span>
     <span class='ocr_line' id='line_1_44' title="bbox 134 4595 389 4652; baseline 0 -2"><span class='ocrx_word' id='word_1_286' title='bbox 134 4606 257 4652; x_wconf 76' lang='lat' dir='ltr'><strong>cert.</strong></span> <span class='ocrx_word' id='word_1_287' title='bbox 284 4595 389 4652; x_wconf 79' lang='lat'><strong>25.</strong></span> 
     </span>
    </p>
   </div>
   <div class='ocr_carea' id='block_1_11' title="bbox 873 4712 961 4765">
    <p class='ocr_par' dir='ltr' id='par_1_11' title="bbox 873 4712 961 4765">
     <span class='ocr_line' id='line_1_45' title="bbox 873 4712 961 4765; baseline 0.034 -3"><span class='ocrx_word' id='word_1_288' title='bbox 873 4712 961 4765; x_wconf 82' lang='lat'><strong>18.</strong></span> 
     </span>
    </p>
   </div>
   <div class='ocr_carea' id='block_1_12' title="bbox 142 4835 1694 4982">
    <p class='ocr_par' dir='ltr' id='par_1_12' title="bbox 142 4835 1694 4982">
     <span class='ocr_line' id='line_1_46' title="bbox 206 4835 1694 4912; baseline 0 -20"><span class='ocrx_word' id='word_1_289' title='bbox 206 4837 403 4893; x_wconf 79' lang='lat' dir='ltr'><strong>Athen.</strong></span> <span class='ocrx_word' id='word_1_290' title='bbox 427 4835 483 4909; x_wconf 88' lang='grc'><strong>5,</strong></span> <span class='ocrx_word' id='word_1_291' title='bbox 502 4855 567 4911; x_wconf 87' lang='lat' dir='ltr'><strong>p.</strong></span> <span class='ocrx_word' id='word_1_292' title='bbox 596 4837 741 4904; x_wconf 89' lang='grc'><strong>216,</strong></span> <span class='ocrx_word' id='word_1_293' title='bbox 762 4838 838 4904; x_wconf 91' lang='lat' dir='ltr'><strong>D,</strong></span> <span class='ocrx_word' id='word_1_294' title='bbox 866 4837 1000 4892; x_wconf 85' lang='lat' dir='ltr'><strong>item</strong></span> <span class='ocrx_word' id='word_1_295' title='bbox 1023 4855 1193 4911; x_wconf 83' lang='lat' dir='ltr'><strong>supra</strong></span> <span class='ocrx_word' id='word_1_296' title='bbox 1220 4837 1409 4912; x_wconf 83' lang='lat' dir='ltr'><strong>posita</strong></span> <span class='ocrx_word' id='word_1_297' title='bbox 1428 4837 1485 4890; x_wconf 89' lang='lat' dir='ltr'><strong>in</strong></span> <span class='ocrx_word' id='word_1_298' title='bbox 1506 4837 1694 4911; x_wconf 87' lang='lat' dir='ltr'><strong>prole·</strong></span> 
     </span>
     <span class='ocr_line' id='line_1_47' title="bbox 142 4939 390 4982; baseline -0.012 0"><span class='ocrx_word' id='word_1_299' title='bbox 142 4939 390 4982; x_wconf 46' lang='lat' dir='ltr'><strong>&amp;maenis-</strong></span> 
     </span>
    </p>
   </div>
   <div class='ocr_carea' id='block_1_13' title="bbox 138 5107 1163 5281">
    <p class='ocr_par' dir='ltr' id='par_1_13' title="bbox 138 5107 1163 5281">
     <span class='ocr_line' id='line_1_48' title="bbox 874 5107 936 5158; baseline -0.032 0"><span class='ocrx_word' id='word_1_300' title='bbox 874 5111 893 5158; x_wconf 86' lang='lat'>1</span> <span class='ocrx_word' id='word_1_301' title='bbox 904 5107 936 5156; x_wconf 82' lang='lat'>2</span> 
     </span>
     <span class='ocr_line' id='line_1_49' title="bbox 138 5205 1163 5281; baseline 0.008 -23"><span class='ocrx_word' id='word_1_302' title='bbox 138 5211 207 5260; x_wconf 59' lang='lat' dir='ltr'><strong>au</strong></span> <span class='ocrx_word' id='word_1_303' title='bbox 224 5209 373 5268; x_wconf 73' lang='lat' dir='ltr'><strong>valde</strong></span> <span class='ocrx_word' id='word_1_304' title='bbox 396 5210 681 5267; x_wconf 83' lang='lat' dir='ltr'><strong>imminxit</strong></span> <span class='ocrx_word' id='word_1_305' title='bbox 704 5205 949 5281; x_wconf 80' lang='lat' dir='ltr'><strong>perditus</strong></span> <span class='ocrx_word' id='word_1_306' title='bbox 972 5213 1163 5268; x_wconf 80' lang='lat' dir='ltr'><strong>senex?</strong></span> 
     </span>
    </p>
   </div>
   <div class='ocr_carea' id='block_1_14' title="bbox 3251 435 3370 487">
    <p class='ocr_par' dir='ltr' id='par_1_14' title="bbox 3251 435 3370 487">
     <span class='ocr_line' id='line_1_50' title="bbox 3251 435 3370 487; baseline 0.017 -2"><span class='ocrx_word' id='word_1_307' title='bbox 3251 435 3370 487; x_wconf 61' lang='lat'><strong>1⁵⁴1</strong></span> 
     </span>
    </p>
   </div>
   <div class='ocr_carea' id='block_1_15' title="bbox 1798 566 3370 1182">
    <p class='ocr_par' dir='ltr' id='par_1_15' title="bbox 2543 566 2630 619">
     <span class='ocr_line' id='line_1_51' title="bbox 2543 566 2630 619; baseline 0 -18"><span class='ocrx_word' id='word_1_308' title='bbox 2543 566 2630 619; x_wconf 87' lang='grc'><strong>19.</strong></span> 
     </span>
    </p>

    <p class='ocr_par' dir='ltr' id='par_1_16' title="bbox 1798 660 3370 1182">
     <span class='ocr_line' id='line_1_52' title="bbox 1878 660 3366 748; baseline 0.009 -30"><span class='ocrx_word' id='word_1_309' title='bbox 1878 660 2072 721; x_wconf 89' lang='lat' dir='ltr'><strong>Schol.</strong></span> <span class='ocrx_word' id='word_1_310' title='bbox 2095 663 2342 719; x_wconf 80' lang='lat' dir='ltr'><strong>Platonis</strong></span> <span class='ocrx_word' id='word_1_311' title='bbox 2365 664 2609 721; x_wconf 83' lang='lat' dir='ltr'><strong>Bekker.</strong></span> <span class='ocrx_word' id='word_1_312' title='bbox 2627 685 2688 741; x_wconf 94' lang='lat' dir='ltr'><strong>p.</strong></span> <span class='ocrx_word' id='word_1_313' title='bbox 2714 664 2785 723; x_wconf 89' lang='lat'><strong>33</strong></span> <span class='ocrx_word' id='word_1_314' title='bbox 2799 686 2820 723; x_wconf 85' lang='lat'>1</span> <span class='ocrx_word' id='word_1_315' title='bbox 2834 708 2851 737; x_wconf 93' lang='lat'>,</span> <span class='ocrx_word' id='word_1_316' title='bbox 2873 668 2945 725; x_wconf 91' lang='lat' dir='ltr'><strong>de</strong></span> <span class='ocrx_word' id='word_1_317' title='bbox 2960 672 3366 748; x_wconf 81' lang='lat' dir='ltr'><strong>Aristophane:</strong></span> 
     </span>
     <span class='ocr_line' id='line_1_53' title="bbox 1798 748 3368 842; baseline 0.01 -38"><span class='ocrx_word' id='word_1_318' title='bbox 1798 748 2172 829; x_wconf 81' lang='grc' dir='ltr'><strong>κατεκλήρωσε</strong></span> <span class='ocrx_word' id='word_1_319' title='bbox 2210 748 2262 807; x_wconf 83' lang='grc' dir='ltr'><strong>δὲ</strong></span> <span class='ocrx_word' id='word_1_320' title='bbox 2288 749 2378 808; x_wconf 71' lang='grc' dir='ltr'><strong>καὶ</strong></span> <span class='ocrx_word' id='word_1_321' title='bbox 2407 750 2502 822; x_wconf 82' lang='grc' dir='ltr'><strong>τὴν</strong></span> <span class='ocrx_word' id='word_1_322' title='bbox 2527 751 2778 831; x_wconf 86' lang='grc' dir='ltr'><strong>Αἴγιναν,</strong></span> <span class='ocrx_word' id='word_1_323' title='bbox 2815 757 2884 821; x_wconf 81' lang='grc' dir='ltr'><strong>ὡς</strong></span> <span class='ocrx_word' id='word_1_324' title='bbox 2912 759 3171 836; x_wconf 82' lang='grc' dir='ltr'><strong>Θεογένης</strong></span> <span class='ocrx_word' id='word_1_325' title='bbox 3209 762 3263 818; x_wconf 78' lang='grc' dir='ltr'><strong>ἐν</strong></span> <span class='ocrx_word' id='word_1_326' title='bbox 3293 764 3368 842; x_wconf 80' lang='grc' dir='ltr'><strong>τῷ</strong></span> 
     </span>
     <span class='ocr_line' id='line_1_54' title="bbox 1802 834 3360 927; baseline 0.009 -35"><span class='ocrx_word' id='word_1_327' title='bbox 1802 834 1924 914; x_wconf 75' lang='grc' dir='ltr'><strong>περὶ</strong></span> <span class='ocrx_word' id='word_1_328' title='bbox 1953 836 2184 914; x_wconf 82' lang='grc' dir='ltr'><strong>Αἰγίνης.</strong></span> <span class='ocrx_word' id='word_1_329' title='bbox 2215 838 2550 917; x_wconf 77' lang='grc' dir='ltr'><strong>κωμῳδεῖται</strong></span> <span class='ocrx_word' id='word_1_330' title='bbox 2572 837 2654 913; x_wconf 75' lang='grc' dir='ltr'><strong>δὲ,</strong></span> <span class='ocrx_word' id='word_1_331' title='bbox 2679 840 2758 898; x_wconf 82' lang='grc' dir='ltr'><strong>ὅτι</strong></span> <span class='ocrx_word' id='word_1_332' title='bbox 2797 842 2886 900; x_wconf 73' lang='grc' dir='ltr'><strong>καὶ</strong></span> <span class='ocrx_word' id='word_1_333' title='bbox 2914 843 2973 901; x_wconf 83' lang='grc' dir='ltr'><strong>τὸ</strong></span> <span class='ocrx_word' id='word_1_334' title='bbox 3007 849 3098 915; x_wconf 76' lang='grc' dir='ltr'><strong>τῆς</strong></span> <span class='ocrx_word' id='word_1_335' title='bbox 3133 846 3360 927; x_wconf 73' lang='grc' dir='ltr'><strong>Εἰρήνης</strong></span> 
     </span>
     <span class='ocr_line' id='line_1_55' title="bbox 1802 922 3368 1004; baseline 0.009 -25"><span class='ocrx_word' id='word_1_336' title='bbox 1802 922 2106 981; x_wconf 82' lang='grc' dir='ltr'><strong>κολοσσικὸν</strong></span> <span class='ocrx_word' id='word_1_337' title='bbox 2133 922 2312 1004; x_wconf 78' lang='grc' dir='ltr'><strong>ἐξῆρεν</strong></span> <span class='ocrx_word' id='word_1_338' title='bbox 2336 926 2572 1003; x_wconf 80' lang='grc' dir='ltr'><strong>ἄγαλμα.</strong></span> <span class='ocrx_word' id='word_1_339' title='bbox 2601 930 2674 989; x_wconf 88' lang='grc' dir='ltr'><strong>Ε.</strong></span> <span class='ocrx_word' id='word_1_340' title='bbox 2705 930 2864 1002; x_wconf 81' lang='grc' dir='ltr'><strong>Αὖτ.,</strong></span> <span class='ocrx_word' id='word_1_341' title='bbox 2899 932 3126 990; x_wconf 77' lang='grc' dir='ltr'><strong>Πλάτων</strong></span> <span class='ocrx_word' id='word_1_342' title='bbox 3161 932 3368 1000; x_wconf 82' lang='grc' dir='ltr'><strong>Νίκαις.</strong></span> 
     </span>
     <span class='ocr_line' id='line_1_56' title="bbox 1806 1012 3370 1099; baseline 0.007 -32"><span class='ocrx_word' id='word_1_343' title='bbox 1806 1034 1833 1059; x_wconf 70' lang='grc' dir='ltr'><strong>α</strong></span> <span class='ocrx_word' id='word_1_344' title='bbox 1867 1012 2101 1069; x_wconf 88' lang='lat' dir='ltr'><strong>Videtur</strong></span> <span class='ocrx_word' id='word_1_345' title='bbox 2129 1014 2390 1071; x_wconf 86' lang='lat' dir='ltr'><strong>Comicus</strong></span> <span class='ocrx_word' id='word_1_346' title='bbox 2411 1017 2472 1070; x_wconf 89' lang='lat' dir='ltr'><strong>in</strong></span> <span class='ocrx_word' id='word_1_347' title='bbox 2511 1013 2658 1073; x_wconf 85' lang='lat' dir='ltr'><strong>Pace</strong></span> <span class='ocrx_word' id='word_1_348' title='bbox 2694 1020 2982 1093; x_wconf 81' lang='lat' dir='ltr'><strong>ingentem</strong></span> <span class='ocrx_word' id='word_1_349' title='bbox 3018 1022 3136 1077; x_wconf 79' lang='lat' dir='ltr'><strong>deae</strong></span> <span class='ocrx_word' id='word_1_350' title='bbox 3169 1024 3370 1099; x_wconf 82' lang='lat' dir='ltr'><strong>imagi-</strong></span> 
     </span>
     <span class='ocr_line' id='line_1_57' title="bbox 1798 1103 3369 1182; baseline 0.009 -29"><span class='ocrx_word' id='word_1_351' title='bbox 1798 1116 1963 1170; x_wconf 87' lang='lat' dir='ltr'><strong>nem,</strong></span> <span class='ocrx_word' id='word_1_352' title='bbox 1982 1118 2051 1157; x_wconf 85' lang='lat' dir='ltr'><strong>ex</strong></span> <span class='ocrx_word' id='word_1_353' title='bbox 2075 1112 2224 1159; x_wconf 86' lang='lat' dir='ltr'><strong>terra</strong></span> <span class='ocrx_word' id='word_1_354' title='bbox 2241 1103 2500 1159; x_wconf 81' lang='lat' dir='ltr'><strong>effossam</strong></span> <span class='ocrx_word' id='word_1_355' title='bbox 2516 1145 2533 1176; x_wconf 91' lang='lat'><strong>,</strong></span> <span class='ocrx_word' id='word_1_356' title='bbox 2560 1117 2946 1179; x_wconf 87' lang='lat' dir='ltr'><strong>spectatorum</strong></span> <span class='ocrx_word' id='word_1_357' title='bbox 2967 1110 3148 1165; x_wconf 89' lang='lat' dir='ltr'><strong>oculis</strong></span> <span class='ocrx_word' id='word_1_358' title='bbox 3171 1110 3369 1182; x_wconf 86' lang='lat' dir='ltr'><strong>subje-</strong></span> 
     </span>
    </p>
   </div>
   <div class='ocr_carea' id='block_1_16' title="bbox 1799 1188 3366 1355">
    <p class='ocr_par' dir='ltr' id='par_1_17' title="bbox 1799 1188 3366 1355">
     <span class='ocr_line' id='line_1_58' title="bbox 1802 1188 3366 1276; baseline 0.01 -33"><span class='ocrx_word' id='word_1_359' title='bbox 1802 1188 1962 1259; x_wconf 86' lang='lat' dir='ltr'><strong>cisse,</strong></span> <span class='ocrx_word' id='word_1_360' title='bbox 1978 1189 2048 1246; x_wconf 84' lang='lat' dir='ltr'><strong>-id</strong></span> <span class='ocrx_word' id='word_1_361' title='bbox 2063 1190 2382 1249; x_wconf 80' lang='lat' dir='ltr'><strong>ridentibus</strong></span> <span class='ocrx_word' id='word_1_362' title='bbox 2399 1195 2684 1268; x_wconf 84' lang='lat' dir='ltr'><strong>Eupolide</strong></span> <span class='ocrx_word' id='word_1_363' title='bbox 2705 1207 2767 1253; x_wconf 88' lang='lat' dir='ltr'><strong>et</strong></span> <span class='ocrx_word' id='word_1_364' title='bbox 2777 1194 3036 1259; x_wconf 84' lang='lat' dir='ltr'><strong>Platone.</strong></span> <span class='ocrx_word' id='word_1_365' title='bbox 3053 1198 3138 1259; x_wconf 80' lang='lat' dir='ltr'><strong>Cf.</strong></span> <span class='ocrx_word' id='word_1_366' title='bbox 3159 1198 3366 1276; x_wconf 80' lang='lat' dir='ltr'><strong>Bergk.</strong></span> 
     </span>
     <span class='ocr_line' id='line_1_59' title="bbox 1799 1276 2648 1355; baseline 0.006 -21"><span class='ocrx_word' id='word_1_367' title='bbox 1799 1276 2142 1335; x_wconf 87' lang='lat' dir='ltr'><strong>Commentt.</strong></span> <span class='ocrx_word' id='word_1_368' title='bbox 2166 1298 2230 1355; x_wconf 90' lang='lat' dir='ltr'><strong>p.</strong></span> <span class='ocrx_word' id='word_1_369' title='bbox 2264 1281 2404 1348; x_wconf 88' lang='grc'><strong>342.</strong></span> <span class='ocrx_word' id='word_1_370' title='bbox 2427 1306 2454 1333; x_wconf 71' lang='lat' dir='ltr'>a</span> <span class='ocrx_word' id='word_1_371' title='bbox 2483 1284 2534 1337; x_wconf 88' lang='grc' dir='ltr'><em>Ε</em></span> <span class='ocrx_word' id='word_1_372' title='bbox 2553 1284 2648 1341; x_wconf 89' lang='grc' dir='ltr'><strong>Μ.</strong></span> 
     </span>
    </p>
   </div>
   <div class='ocr_carea' id='block_1_17' title="bbox 2455 1412 2711 1456">
    <p class='ocr_par' dir='ltr' id='par_1_18' title="bbox 2455 1412 2711 1456">
     <span class='ocr_line' id='line_1_60' title="bbox 2455 1412 2711 1456; baseline 0.016 -5"><span class='ocrx_word' id='word_1_373' title='bbox 2455 1412 2711 1456; x_wconf 68' lang='lat' dir='ltr'><strong>tto—22.</strong></span> 
     </span>
    </p>
   </div>
   <div class='ocr_carea' id='block_1_18' title="bbox 1798 1500 3369 1847">
    <p class='ocr_par' dir='ltr' id='par_1_19' title="bbox 1798 1500 3369 1847">
     <span class='ocr_line' id='line_1_61' title="bbox 1880 1500 3357 1579; baseline 0.006 -23"><span class='ocrx_word' id='word_1_374' title='bbox 1880 1501 2088 1557; x_wconf 84' lang='lat' dir='ltr'><strong>Athen.</strong></span> <span class='ocrx_word' id='word_1_375' title='bbox 2128 1500 2182 1576; x_wconf 88' lang='lat'><strong>3,</strong></span> <span class='ocrx_word' id='word_1_376' title='bbox 2217 1521 2278 1579; x_wconf 89' lang='lat' dir='ltr'><strong>p.</strong></span> <span class='ocrx_word' id='word_1_377' title='bbox 2315 1500 2414 1578; x_wconf 84' lang='grc'><strong>89,</strong></span> <span class='ocrx_word' id='word_1_378' title='bbox 2448 1506 2533 1562; x_wconf 85' lang='lat' dir='ltr'><strong>F:</strong></span> <span class='ocrx_word' id='word_1_379' title='bbox 2565 1501 2656 1570; x_wconf 73' lang='grc' dir='ltr'><strong>τὰς</strong></span> <span class='ocrx_word' id='word_1_380' title='bbox 2694 1502 2748 1562; x_wconf 62' lang='grc' dir='ltr'><strong>δὲ</strong></span> <span class='ocrx_word' id='word_1_381' title='bbox 2781 1503 2956 1571; x_wconf 88' lang='grc' dir='ltr'><strong>κνίδας</strong></span> <span class='ocrx_word' id='word_1_382' title='bbox 2983 1506 3012 1562; x_wconf 80' lang='grc' dir='ltr'><strong>δ</strong></span> <span class='ocrx_word' id='word_1_383' title='bbox 3043 1506 3110 1566; x_wconf 89' lang='grc' dir='ltr'><strong>Ε.</strong></span> <span class='ocrx_word' id='word_1_384' title='bbox 3139 1506 3193 1563; x_wconf 74' lang='grc' dir='ltr'><strong>ἐν</strong></span> <span class='ocrx_word' id='word_1_385' title='bbox 3225 1507 3357 1566; x_wconf 80' lang='grc' dir='ltr'><strong>Αὐτ.</strong></span> 
     </span>
     <span class='ocr_line' id='line_1_62' title="bbox 1798 1586 3369 1669; baseline 0.005 -26"><span class='ocrx_word' id='word_1_386' title='bbox 1798 1586 2155 1668; x_wconf 70' lang='grc' dir='ltr'><strong>ἀκαλήφας</strong></span> <span class='ocrx_word' id='word_1_387' title='bbox 2173 1588 2436 1665; x_wconf 73' lang='grc' dir='ltr'><strong>ὀνομάζει.</strong></span> <span class='ocrx_word' id='word_1_388' title='bbox 2456 1589 3236 1669; x_wconf 76' lang='grc' dir='ltr'><strong>-811ἰᾶιιε,Ἀναφλασμοί</strong></span> <span class='ocrx_word' id='word_1_389' title='bbox 3260 1615 3275 1651; x_wconf 77' lang='lat'>2</span> <span class='ocrx_word' id='word_1_390' title='bbox 3299 1592 3369 1652; x_wconf 77' lang='grc' dir='ltr'><strong>τὰ</strong></span> 
     </span>
     <span class='ocr_line' id='line_1_63' title="bbox 1798 1673 3368 1760; baseline 0.006 -29"><span class='ocrx_word' id='word_1_391' title='bbox 1798 1673 2186 1755; x_wconf 76' lang='grc' dir='ltr'><strong>ἀφροδίσ1α.”Ε.</strong></span> <span class='ocrx_word' id='word_1_392' title='bbox 2209 1678 2345 1737; x_wconf 81' lang='grc' dir='ltr'><strong>Αὐτ.</strong></span> <span class='ocrx_word' id='word_1_393' title='bbox 2364 1712 2444 1723; x_wconf 92' lang='lat'>-</span> <span class='ocrx_word' id='word_1_394' title='bbox 2468 1678 2676 1737; x_wconf 80' lang='lat' dir='ltr'><strong>Pollux</strong></span> <span class='ocrx_word' id='word_1_395' title='bbox 2693 1701 2752 1753; x_wconf 87' lang='lat'><strong>7,</strong></span> <span class='ocrx_word' id='word_1_396' title='bbox 2779 1700 2894 1738; x_wconf 85' lang='grc'><strong>202</strong></span> <span class='ocrx_word' id='word_1_397' title='bbox 2919 1702 2931 1736; x_wconf 92' lang='lat'><strong>:</strong></span> <span class='ocrx_word' id='word_1_398' title='bbox 2961 1680 3020 1739; x_wconf 78' lang='grc' dir='ltr'><strong>τὸ</strong></span> <span class='ocrx_word' id='word_1_399' title='bbox 3045 1680 3368 1760; x_wconf 82' lang='grc' dir='ltr'><strong>πορνεύε-</strong></span> 
     </span>
     <span class='ocr_line' id='line_1_64' title="bbox 1799 1764 3006 1847; baseline 0.007 -27"><span class='ocrx_word' id='word_1_400' title='bbox 1799 1764 1946 1821; x_wconf 84' lang='grc' dir='ltr'><strong>σθαι</strong></span> <span class='ocrx_word' id='word_1_401' title='bbox 1974 1766 2120 1843; x_wconf 75' lang='grc' dir='ltr'><strong>ῥῆμα</strong></span> <span class='ocrx_word' id='word_1_402' title='bbox 2146 1766 2198 1823; x_wconf 72' lang='grc' dir='ltr'><strong>ἐν</strong></span> <span class='ocrx_word' id='word_1_403' title='bbox 2225 1768 2303 1845; x_wconf 80' lang='grc' dir='ltr'><strong>τῷ</strong></span> <span class='ocrx_word' id='word_1_404' title='bbox 2323 1764 2517 1847; x_wconf 81' lang='grc' dir='ltr'><strong>πρώτῳ</strong></span> <span class='ocrx_word' id='word_1_405' title='bbox 2546 1765 2841 1834; x_wconf 81' lang='grc' dir='ltr'><strong>Εὐπόλιδος</strong></span> <span class='ocrx_word' id='word_1_406' title='bbox 2869 1768 3006 1829; x_wconf 78' lang='grc' dir='ltr'><strong>Αὐτ.</strong></span> 
     </span>
    </p>
   </div>
   <div class='ocr_carea' id='block_1_19' title="bbox 2466 1873 2698 1943">
    <p class='ocr_par' dir='ltr' id='par_1_20' title="bbox 2466 1873 2698 1943">
     <span class='ocr_line' id='line_1_65' title="bbox 2466 1873 2698 1943; baseline 0.004 -12"><span class='ocrx_word' id='word_1_407' title='bbox 2466 1873 2560 1933; x_wconf 89' lang='grc'><strong>23.</strong></span> <span class='ocrx_word' id='word_1_408' title='bbox 2603 1881 2698 1943; x_wconf 91' lang='grc'><strong>24.</strong></span> 
     </span>
    </p>
   </div>
   <div class='ocr_carea' id='block_1_20' title="bbox 1792 1962 3362 2238">
    <p class='ocr_par' dir='ltr' id='par_1_21' title="bbox 1792 1962 3362 2238">
     <span class='ocr_line' id='line_1_66' title="bbox 1875 1962 3362 2061; baseline 0.006 -25"><span class='ocrx_word' id='word_1_409' title='bbox 1875 1982 2156 2057; x_wconf 86' lang='lat' dir='ltr'><strong>Harpocr.</strong></span> <span class='ocrx_word' id='word_1_410' title='bbox 2178 2001 2242 2059; x_wconf 90' lang='lat' dir='ltr'><strong>p.</strong></span> <span class='ocrx_word' id='word_1_411' title='bbox 2277 1983 2375 2057; x_wconf 84' lang='grc'><strong>78,</strong></span> <span class='ocrx_word' id='word_1_412' title='bbox 2415 1984 2483 2041; x_wconf 87' lang='grc'><strong>13</strong></span> <span class='ocrx_word' id='word_1_413' title='bbox 2518 1983 2651 2043; x_wconf 68' lang='grc' dir='ltr'><strong>ικαὶ</strong></span> <span class='ocrx_word' id='word_1_414' title='bbox 2679 1982 3113 2061; x_wconf 75' lang='grc' dir='ltr'><strong>ἐπίπεμπτον</strong></span> <span class='ocrx_word' id='word_1_415' title='bbox 3147 1962 3362 2048; x_wconf 73' lang='grc' dir='ltr'><strong>εἰώθασι</strong></span> 
     </span>
     <span class='ocr_line' id='line_1_67' title="bbox 1792 2064 3360 2149; baseline 0.005 -24"><span class='ocrx_word' id='word_1_416' title='bbox 1792 2064 1964 2145; x_wconf 73' lang='grc' dir='ltr'><strong>λέγειν</strong></span> <span class='ocrx_word' id='word_1_417' title='bbox 1985 2068 2048 2127; x_wconf 79' lang='grc' dir='ltr'><strong>τὸ</strong></span> <span class='ocrx_word' id='word_1_418' title='bbox 2071 2067 2434 2149; x_wconf 31' lang='lat' dir='ltr'><strong>niumm&amp;</strong></span> <span class='ocrx_word' id='word_1_419' title='bbox 2471 2072 2540 2133; x_wconf 86' lang='lat' dir='ltr'><strong>E.</strong></span> <span class='ocrx_word' id='word_1_420' title='bbox 2567 2073 2702 2133; x_wconf 77' lang='grc' dir='ltr'><strong>Αὐτ.</strong></span> <span class='ocrx_word' id='word_1_421' title='bbox 2728 2105 2800 2119; x_wconf 92' lang='lat'>—</span> <span class='ocrx_word' id='word_1_422' title='bbox 2821 2074 3079 2133; x_wconf 77' lang='lat' dir='ltr'><strong>Graium.</strong></span> <span class='ocrx_word' id='word_1_423' title='bbox 3121 2077 3360 2135; x_wconf 80' lang='lat' dir='ltr'><strong>Bekker.</strong></span> 
     </span>
     <span class='ocr_line' id='line_1_68' title="bbox 1793 2156 3084 2238; baseline 0.007 -27"><span class='ocrx_word' id='word_1_424' title='bbox 1793 2159 1901 2216; x_wconf 80' lang='lat' dir='ltr'><strong>An.</strong></span> <span class='ocrx_word' id='word_1_425' title='bbox 1931 2176 1996 2232; x_wconf 84' lang='lat' dir='ltr'><strong>p.</strong></span> <span class='ocrx_word' id='word_1_426' title='bbox 2029 2165 2141 2230; x_wconf 86' lang='grc'><strong>447</strong></span> <span class='ocrx_word' id='word_1_427' title='bbox 2163 2200 2182 2229; x_wconf 86' lang='grc'><strong>,</strong></span> <span class='ocrx_word' id='word_1_428' title='bbox 2217 2178 2266 2231; x_wconf 91' lang='grc'><strong>1,</strong></span> <span class='ocrx_word' id='word_1_429' title='bbox 2291 2156 2778 2238; x_wconf 78' lang='grc' dir='ltr'><strong>Ἀρρωστήμων</strong></span> <span class='ocrx_word' id='word_1_430' title='bbox 2810 2179 2827 2219; x_wconf 72' lang='lat' dir='ltr'><em>z</em></span> <span class='ocrx_word' id='word_1_431' title='bbox 2863 2162 2927 2222; x_wconf 84' lang='grc' dir='ltr'><strong>Ε.</strong></span> <span class='ocrx_word' id='word_1_432' title='bbox 2955 2162 3084 2223; x_wconf 60' lang='lat' dir='ltr'><strong>Atat.</strong></span> 
     </span>
    </p>
   </div>
   <div class='ocr_carea' id='block_1_21' title="bbox 2449 2272 2708 2345">
    <p class='ocr_par' dir='ltr' id='par_1_22' title="bbox 2449 2272 2708 2345">
     <span class='ocr_line' id='line_1_69' title="bbox 2449 2272 2708 2345; baseline 0.004 -15"><span class='ocrx_word' id='word_1_433' title='bbox 2449 2272 2708 2345; x_wconf 82' lang='grc'><strong>25-27.</strong></span> 
     </span>
    </p>
   </div>
   <div class='ocr_carea' id='block_1_22' title="bbox 1790 2380 3363 2547">
    <p class='ocr_par' dir='ltr' id='par_1_23' title="bbox 1790 2380 3363 2547">
     <span class='ocr_line' id='line_1_70' title="bbox 1872 2380 3363 2467; baseline 0.004 -28"><span class='ocrx_word' id='word_1_434' title='bbox 1872 2384 2111 2440; x_wconf 80' lang='lat' dir='ltr'><strong>Antiatt.</strong></span> <span class='ocrx_word' id='word_1_435' title='bbox 2139 2402 2202 2459; x_wconf 91' lang='lat' dir='ltr'><strong>p.</strong></span> <span class='ocrx_word' id='word_1_436' title='bbox 2237 2382 2334 2456; x_wconf 84' lang='lat'><strong>83,</strong></span> <span class='ocrx_word' id='word_1_437' title='bbox 2371 2392 2464 2455; x_wconf 88' lang='grc'><strong>14,</strong></span> <span class='ocrx_word' id='word_1_438' title='bbox 2493 2380 2756 2463; x_wconf 82' lang='grc' dir='ltr'><strong>Ἀπρασία</strong></span> <span class='ocrx_word' id='word_1_439' title='bbox 2786 2402 2802 2445; x_wconf 75' lang='grc' dir='ltr'><em>τ</em></span> <span class='ocrx_word' id='word_1_440' title='bbox 2831 2385 2902 2467; x_wconf 87' lang='grc' dir='ltr'><strong>Ε.</strong></span> <span class='ocrx_word' id='word_1_441' title='bbox 2933 2384 3072 2447; x_wconf 86' lang='grc' dir='ltr'><strong>Αὐτ.</strong></span> <span class='ocrx_word' id='word_1_442' title='bbox 3103 2386 3363 2445; x_wconf 89' lang='lat' dir='ltr'><strong>—Idem</strong></span> 
     </span>
     <span class='ocr_line' id='line_1_71' title="bbox 1790 2470 3363 2547; baseline 0.004 -22"><span class='ocrx_word' id='word_1_443' title='bbox 1790 2490 1853 2547; x_wconf 88' lang='lat' dir='ltr'><strong>p.</strong></span> <span class='ocrx_word' id='word_1_444' title='bbox 1902 2472 2001 2541; x_wconf 90' lang='grc'><strong>84,</strong></span> <span class='ocrx_word' id='word_1_445' title='bbox 2050 2490 2147 2542; x_wconf 90' lang='grc'><strong>21,</strong></span> <span class='ocrx_word' id='word_1_446' title='bbox 2175 2470 2476 2545; x_wconf 84' lang='grc' dir='ltr'><strong>Βιασμός</strong></span> <span class='ocrx_word' id='word_1_447' title='bbox 2517 2490 2534 2531; x_wconf 84' lang='lat'>:</span> <span class='ocrx_word' id='word_1_448' title='bbox 2585 2473 2656 2533; x_wconf 88' lang='grc' dir='ltr'><strong>Ε.</strong></span> <span class='ocrx_word' id='word_1_449' title='bbox 2701 2473 2836 2533; x_wconf 80' lang='grc' dir='ltr'><strong>Αὐτ.</strong></span> <span class='ocrx_word' id='word_1_450' title='bbox 2870 2476 2940 2531; x_wconf 80' lang='lat' dir='ltr'><strong>V.</strong></span> <span class='ocrx_word' id='word_1_451' title='bbox 2990 2476 3245 2535; x_wconf 79' lang='lat' dir='ltr'><strong>Lobeck.</strong></span> <span class='ocrx_word' id='word_1_452' title='bbox 3287 2476 3363 2533; x_wconf 85' lang='lat' dir='ltr'><strong>ad</strong></span> 
     </span>
    </p>
   </div>
   <div class='ocr_carea' id='block_1_23' title="bbox 1794 2557 3362 2724">
    <p class='ocr_par' dir='ltr' id='par_1_24' title="bbox 1794 2557 3362 2724">
     <span class='ocr_line' id='line_1_72' title="bbox 1794 2557 3362 2638; baseline 0.005 -24"><span class='ocrx_word' id='word_1_453' title='bbox 1794 2559 2000 2633; x_wconf 76' lang='lat' dir='ltr'><strong>Plu-yn.</strong></span> <span class='ocrx_word' id='word_1_454' title='bbox 2021 2578 2078 2635; x_wconf 89' lang='lat' dir='ltr'><strong>p.</strong></span> <span class='ocrx_word' id='word_1_455' title='bbox 2102 2557 2238 2619; x_wconf 87' lang='grc'><strong>511.</strong></span> <span class='ocrx_word' id='word_1_456' title='bbox 2261 2560 2594 2636; x_wconf 88' lang='lat' dir='ltr'><strong>—Idemp.</strong></span> <span class='ocrx_word' id='word_1_457' title='bbox 2632 2579 2766 2638; x_wconf 86' lang='lat'><strong>109,</strong></span> <span class='ocrx_word' id='word_1_458' title='bbox 2801 2580 2892 2634; x_wconf 88' lang='grc'><strong>12,</strong></span> <span class='ocrx_word' id='word_1_459' title='bbox 2917 2561 3362 2635; x_wconf 70' lang='grc' dir='ltr'><strong>Νουθέτησινε</strong></span> 
     </span>
     <span class='ocr_line' id='line_1_73' title="bbox 1796 2646 2804 2724; baseline 0.007 -20"><span class='ocrx_word' id='word_1_460' title='bbox 1796 2646 1863 2705; x_wconf 86' lang='grc' dir='ltr'><strong>Ε.</strong></span> <span class='ocrx_word' id='word_1_461' title='bbox 1896 2648 2030 2707; x_wconf 84' lang='grc' dir='ltr'><strong>Αὐτ.</strong></span> <span class='ocrx_word' id='word_1_462' title='bbox 2054 2651 2120 2708; x_wconf 82' lang='lat' dir='ltr'><strong>V.</strong></span> <span class='ocrx_word' id='word_1_463' title='bbox 2150 2648 2385 2705; x_wconf 83' lang='lat' dir='ltr'><strong>Lobeck</strong></span> <span class='ocrx_word' id='word_1_464' title='bbox 2427 2650 2470 2709; x_wconf 89' lang='lat' dir='ltr'><strong>l.</strong></span> <span class='ocrx_word' id='word_1_465' title='bbox 2503 2650 2544 2706; x_wconf 89' lang='lat' dir='ltr'><strong>l.</strong></span> <span class='ocrx_word' id='word_1_466' title='bbox 2573 2667 2636 2724; x_wconf 87' lang='lat' dir='ltr'><strong>p.</strong></span> <span class='ocrx_word' id='word_1_467' title='bbox 2667 2648 2804 2711; x_wconf 88' lang='grc'><strong>513.</strong></span> 
     </span>
    </p>
   </div>
   <div class='ocr_carea' id='block_1_24' title="bbox 2352 2794 2808 2856">
    <p class='ocr_par' dir='ltr' id='par_1_25' title="bbox 2352 2794 2808 2856">
     <span class='ocr_line' id='line_1_74' title="bbox 2352 2794 2808 2856; baseline 0.002 -3"><span class='ocrx_word' id='word_1_468' title='bbox 2352 2794 2455 2855; x_wconf 83' lang='lat' dir='ltr'><strong>lv.</strong></span> <span class='ocrx_word' id='word_1_469' title='bbox 2501 2795 2808 2856; x_wconf 82' lang='grc' dir='ltr'><strong>ΒΑΠΤΑΙ.</strong></span> 
     </span>
    </p>
   </div>
   <div class='ocr_carea' id='block_1_25' title="bbox 1788 2939 3363 4512">
    <p class='ocr_par' dir='ltr' id='par_1_26' title="bbox 1788 2939 3363 4512">
     <span class='ocr_line' id='line_1_75' title="bbox 1870 2939 3353 3018; baseline 0.005 -24"><span class='ocrx_word' id='word_1_470' title='bbox 1870 2941 1942 2995; x_wconf 84' lang='grc'><strong>111</strong></span> <span class='ocrx_word' id='word_1_471' title='bbox 1963 2940 2071 2996; x_wconf 90' lang='lat' dir='ltr'><strong>hac</strong></span> <span class='ocrx_word' id='word_1_472' title='bbox 2097 2939 2289 2997; x_wconf 82' lang='lat' dir='ltr'><strong>fabula</strong></span> <span class='ocrx_word' id='word_1_473' title='bbox 2307 2941 2512 2997; x_wconf 86' lang='lat' dir='ltr'><strong>Noster</strong></span> <span class='ocrx_word' id='word_1_474' title='bbox 2531 2943 2788 3017; x_wconf 85' lang='lat' dir='ltr'><strong>inprimis</strong></span> <span class='ocrx_word' id='word_1_475' title='bbox 2815 2941 3174 3000; x_wconf 77' lang='lat' dir='ltr'><strong>Alcibiadem</strong></span> <span class='ocrx_word' id='word_1_476' title='bbox 3199 2944 3353 3018; x_wconf 85' lang='lat' dir='ltr'><strong>ejus—-</strong></span> 
     </span>
     <span class='ocr_line' id='line_1_76' title="bbox 1792 3031 3355 3108; baseline 0.003 -22"><span class='ocrx_word' id='word_1_477' title='bbox 1792 3049 1905 3105; x_wconf 89' lang='lat' dir='ltr'><strong>que</strong></span> <span class='ocrx_word' id='word_1_478' title='bbox 1941 3031 2128 3087; x_wconf 89' lang='lat' dir='ltr'><strong>socios</strong></span> <span class='ocrx_word' id='word_1_479' title='bbox 2159 3031 2406 3099; x_wconf 79' lang='lat' dir='ltr'><strong>vexavit,</strong></span> <span class='ocrx_word' id='word_1_480' title='bbox 2451 3041 2722 3105; x_wconf 84' lang='lat' dir='ltr'><strong>tanquam</strong></span> <span class='ocrx_word' id='word_1_481' title='bbox 2751 3049 2880 3101; x_wconf 87' lang='lat' dir='ltr'><strong>eos,</strong></span> <span class='ocrx_word' id='word_1_482' title='bbox 2920 3033 3021 3108; x_wconf 80' lang='lat' dir='ltr'><strong>qui</strong></span> <span class='ocrx_word' id='word_1_483' title='bbox 3059 3035 3355 3090; x_wconf 83' lang='lat' dir='ltr'><strong>nocturnis</strong></span> 
     </span>
     <span class='ocr_line' id='line_1_77' title="bbox 1792 3118 3363 3194; baseline 0.001 -20"><span class='ocrx_word' id='word_1_484' title='bbox 1792 3121 2065 3176; x_wconf 82' lang='lat' dir='ltr'><strong>conviviis</strong></span> <span class='ocrx_word' id='word_1_485' title='bbox 2107 3119 2495 3194; x_wconf 86' lang='lat' dir='ltr'><strong>Cotyttiorum</strong></span> <span class='ocrx_word' id='word_1_486' title='bbox 2539 3118 2958 3194; x_wconf 82' lang='lat' dir='ltr'><strong>turpitudinem</strong></span> <span class='ocrx_word' id='word_1_487' title='bbox 3002 3120 3363 3176; x_wconf 85' lang='lat' dir='ltr'><strong>imitarentur</strong></span> 
     </span>
     <span class='ocr_line' id='line_1_78' title="bbox 1790 3204 3360 3284; baseline 0.001 -21"><span class='ocrx_word' id='word_1_488' title='bbox 1790 3209 2048 3280; x_wconf 88' lang='lat' dir='ltr'><strong>nihilque</strong></span> <span class='ocrx_word' id='word_1_489' title='bbox 2107 3207 2378 3262; x_wconf 83' lang='lat' dir='ltr'><strong>facinoris</strong></span> <span class='ocrx_word' id='word_1_490' title='bbox 2445 3216 2502 3262; x_wconf 90' lang='lat' dir='ltr'><strong>et</strong></span> <span class='ocrx_word' id='word_1_491' title='bbox 2559 3205 2758 3282; x_wconf 82' lang='lat' dir='ltr'><strong>flagitii</strong></span> <span class='ocrx_word' id='word_1_492' title='bbox 2825 3204 3360 3284; x_wconf 69' lang='lat' dir='ltr'><strong>pratermitterent3</strong></span> 
     </span>
     <span class='ocr_line' id='line_1_79' title="bbox 1792 3291 3363 3372; baseline 0.001 -22"><span class='ocrx_word' id='word_1_493' title='bbox 1792 3291 1998 3350; x_wconf 86' lang='lat' dir='ltr'><strong>deinde</strong></span> <span class='ocrx_word' id='word_1_494' title='bbox 2026 3295 2194 3350; x_wconf 86' lang='lat' dir='ltr'><strong>etiam</strong></span> <span class='ocrx_word' id='word_1_495' title='bbox 2224 3293 2362 3350; x_wconf 90' lang='lat' dir='ltr'><strong>odio</strong></span> <span class='ocrx_word' id='word_1_496' title='bbox 2385 3294 2850 3365; x_wconf 86' lang='lat' dir='ltr'><strong>Corinthiorum,</strong></span> <span class='ocrx_word' id='word_1_497' title='bbox 2881 3294 3041 3372; x_wconf 85' lang='lat' dir='ltr'><strong>apud</strong></span> <span class='ocrx_word' id='word_1_498' title='bbox 3064 3313 3210 3370; x_wconf 87' lang='lat' dir='ltr'><strong>quos</strong></span> <span class='ocrx_word' id='word_1_499' title='bbox 3243 3297 3363 3352; x_wconf 75' lang='lat' dir='ltr'><strong>haec</strong></span> 
     </span>
     <span class='ocr_line' id='line_1_80' title="bbox 1788 3381 3362 3457; baseline 0 -19"><span class='ocrx_word' id='word_1_500' title='bbox 1788 3399 1944 3438; x_wconf 78' lang='lat' dir='ltr'><strong>sacra</strong></span> <span class='ocrx_word' id='word_1_501' title='bbox 1971 3401 2186 3438; x_wconf 87' lang='lat' dir='ltr'><strong>summa</strong></span> <span class='ocrx_word' id='word_1_502' title='bbox 2217 3382 2494 3456; x_wconf 82' lang='lat' dir='ltr'><strong>religione</strong></span> <span class='ocrx_word' id='word_1_503' title='bbox 2519 3382 2972 3453; x_wconf 84' lang='lat' dir='ltr'><strong>celebrabantur,</strong></span> <span class='ocrx_word' id='word_1_504' title='bbox 2999 3381 3166 3438; x_wconf 84' lang='lat' dir='ltr'><strong>deam</strong></span> <span class='ocrx_word' id='word_1_505' title='bbox 3187 3384 3362 3457; x_wconf 85' lang='lat' dir='ltr'><strong>ipsam</strong></span> 
     </span>
     <span class='ocr_line' id='line_1_81' title="bbox 1790 3465 3362 3544; baseline 0.002 -20"><span class='ocrx_word' id='word_1_506' title='bbox 1790 3471 1849 3525; x_wconf 88' lang='lat' dir='ltr'><strong>in</strong></span> <span class='ocrx_word' id='word_1_507' title='bbox 1867 3487 2035 3526; x_wconf 85' lang='lat' dir='ltr'><strong>scena</strong></span> <span class='ocrx_word' id='word_1_508' title='bbox 2058 3469 2336 3528; x_wconf 80' lang='lat' dir='ltr'><strong>exhibuit.</strong></span> <span class='ocrx_word' id='word_1_509' title='bbox 2357 3465 2691 3544; x_wconf 75' lang='lat' dir='ltr'><strong>Hesychius:</strong></span> <span class='ocrx_word' id='word_1_510' title='bbox 2713 3467 2964 3528; x_wconf 82' lang='grc' dir='ltr'><strong>Κοτυττὼ</strong></span> <span class='ocrx_word' id='word_1_511' title='bbox 2987 3469 3016 3526; x_wconf 83' lang='grc' dir='ltr'><strong>δ</strong></span> <span class='ocrx_word' id='word_1_512' title='bbox 3037 3466 3132 3544; x_wconf 75' lang='grc' dir='ltr'><strong>μὲν</strong></span> <span class='ocrx_word' id='word_1_513' title='bbox 3157 3468 3222 3527; x_wconf 88' lang='grc' dir='ltr'><strong>Ε.</strong></span> <span class='ocrx_word' id='word_1_514' title='bbox 3243 3471 3362 3527; x_wconf 85' lang='grc' dir='ltr'><strong>κατ’</strong></span> 
     </span>
     <span class='ocr_line' id='line_1_82' title="bbox 1790 3553 3359 3636; baseline -0.001 -22"><span class='ocrx_word' id='word_1_515' title='bbox 1790 3555 1940 3636; x_wconf 80' lang='grc' dir='ltr'><strong>ἔχθος</strong></span> <span class='ocrx_word' id='word_1_516' title='bbox 1959 3557 2018 3615; x_wconf 85' lang='grc' dir='ltr'><strong>τὸ</strong></span> <span class='ocrx_word' id='word_1_517' title='bbox 2043 3555 2172 3636; x_wconf 86' lang='grc' dir='ltr'><strong>πρὸς</strong></span> <span class='ocrx_word' id='word_1_518' title='bbox 2200 3555 2318 3624; x_wconf 78' lang='grc' dir='ltr'><strong>τοὺς</strong></span> <span class='ocrx_word' id='word_1_519' title='bbox 2347 3555 2680 3635; x_wconf 83' lang='grc' dir='ltr'><strong>Κορινθίους,</strong></span> <span class='ocrx_word' id='word_1_520' title='bbox 2703 3555 2945 3636; x_wconf 79' lang='grc' dir='ltr'><strong>φορτικόν</strong></span> <span class='ocrx_word' id='word_1_521' title='bbox 2974 3579 3091 3614; x_wconf 87' lang='grc' dir='ltr'><strong>τινα</strong></span> <span class='ocrx_word' id='word_1_522' title='bbox 3114 3553 3359 3632; x_wconf 78' lang='grc' dir='ltr'><strong>δαίμονα,</strong></span> 
     </span>
     <span class='ocr_line' id='line_1_83' title="bbox 1789 3644 3357 3722; baseline 0 -20"><span class='ocrx_word' id='word_1_523' title='bbox 1789 3644 2092 3703; x_wconf 83' lang='grc' dir='ltr'><strong>διατίθεται.</strong></span> <span class='ocrx_word' id='word_1_524' title='bbox 2119 3647 2301 3722; x_wconf 80' lang='lat' dir='ltr'><strong>Igitur</strong></span> <span class='ocrx_word' id='word_1_525' title='bbox 2327 3663 2529 3701; x_wconf 83' lang='lat' dir='ltr'><strong>eorum</strong></span> <span class='ocrx_word' id='word_1_526' title='bbox 2558 3663 2790 3721; x_wconf 88' lang='lat' dir='ltr'><strong>quoque</strong></span> <span class='ocrx_word' id='word_1_527' title='bbox 2812 3645 3108 3703; x_wconf 86' lang='lat' dir='ltr'><strong>libidinem</strong></span> <span class='ocrx_word' id='word_1_528' title='bbox 3129 3644 3357 3702; x_wconf 80' lang='lat' dir='ltr'><strong>videtur</strong></span> 
     </span>
     <span class='ocr_line' id='line_1_84' title="bbox 1789 3733 3351 3811; baseline -0.001 -19"><span class='ocrx_word' id='word_1_529' title='bbox 1789 3737 2089 3811; x_wconf 78' lang='lat' dir='ltr'><strong>exagitasse</strong></span> <span class='ocrx_word' id='word_1_530' title='bbox 2107 3777 2126 3810; x_wconf 85' lang='lat'>‚</span> <span class='ocrx_word' id='word_1_531' title='bbox 2167 3735 2546 3808; x_wconf 82' lang='lat' dir='ltr'><strong>Cotyttiisque</strong></span> <span class='ocrx_word' id='word_1_532' title='bbox 2577 3735 2638 3789; x_wconf 91' lang='lat' dir='ltr'><strong>in</strong></span> <span class='ocrx_word' id='word_1_533' title='bbox 2665 3743 3055 3810; x_wconf 85' lang='lat' dir='ltr'><strong>contemptum</strong></span> <span class='ocrx_word' id='word_1_534' title='bbox 3087 3733 3351 3791; x_wconf 83' lang='lat' dir='ltr'><strong>adductis</strong></span> 
     </span>
     <span class='ocr_line' id='line_1_85' title="bbox 1791 3821 3345 3898; baseline 0.001 -20"><span class='ocrx_word' id='word_1_535' title='bbox 1791 3825 2026 3891; x_wconf 84' lang='lat' dir='ltr'><strong>cavisse,</strong></span> <span class='ocrx_word' id='word_1_536' title='bbox 2075 3841 2148 3880; x_wconf 86' lang='lat' dir='ltr'><strong>ne</strong></span> <span class='ocrx_word' id='word_1_537' title='bbox 2199 3823 2440 3880; x_wconf 88' lang='lat' dir='ltr'><strong>Athenis</strong></span> <span class='ocrx_word' id='word_1_538' title='bbox 2489 3823 2900 3898; x_wconf 85' lang='lat' dir='ltr'><strong>reciperentur.</strong></span> <span class='ocrx_word' id='word_1_539' title='bbox 2955 3822 3058 3898; x_wconf 84' lang='lat' dir='ltr'><strong>(V.</strong></span> <span class='ocrx_word' id='word_1_540' title='bbox 3089 3821 3345 3880; x_wconf 84' lang='lat' dir='ltr'><strong>Lobeck.</strong></span> 
     </span>
     <span class='ocr_line' id='line_1_86' title="bbox 1792 3907 3357 3986; baseline 0.001 -20"><span class='ocrx_word' id='word_1_541' title='bbox 1792 3911 2068 3985; x_wconf 81' lang='lat' dir='ltr'><strong>Aglaoph.</strong></span> <span class='ocrx_word' id='word_1_542' title='bbox 2094 3928 2154 3985; x_wconf 89' lang='lat' dir='ltr'><strong>p.</strong></span> <span class='ocrx_word' id='word_1_543' title='bbox 2185 3923 2340 3986; x_wconf 85' lang='lat'><strong>1009</strong></span> <span class='ocrx_word' id='word_1_544' title='bbox 2358 3928 2500 3984; x_wconf 68' lang='lat' dir='ltr'><strong>seq„</strong></span> <span class='ocrx_word' id='word_1_545' title='bbox 2527 3907 2800 3966; x_wconf 83' lang='lat' dir='ltr'><strong>Fritzsch.</strong></span> <span class='ocrx_word' id='word_1_546' title='bbox 2823 3912 3028 3984; x_wconf 67' lang='lat' dir='ltr'><strong>Quapst.</strong></span> <span class='ocrx_word' id='word_1_547' title='bbox 3059 3909 3357 3983; x_wconf 83' lang='lat' dir='ltr'><strong>Aristoph.</strong></span> 
     </span>
     <span class='ocr_line' id='line_1_87' title="bbox 1799 3993 3358 4076; baseline 0.001 -26"><span class='ocrx_word' id='word_1_548' title='bbox 1799 4015 1850 4066; x_wconf 91' lang='grc'><strong>1,</strong></span> <span class='ocrx_word' id='word_1_549' title='bbox 1880 4017 1944 4073; x_wconf 87' lang='lat' dir='ltr'><strong>p.</strong></span> <span class='ocrx_word' id='word_1_550' title='bbox 1980 4005 2116 4069; x_wconf 79' lang='grc'><strong>204,</strong></span> <span class='ocrx_word' id='word_1_551' title='bbox 2139 3999 2465 4055; x_wconf 84' lang='lat' dir='ltr'><strong>Buttmann.</strong></span> <span class='ocrx_word' id='word_1_552' title='bbox 2501 3996 2824 4071; x_wconf 79' lang='lat' dir='ltr'><strong>Mythologi</strong></span> <span class='ocrx_word' id='word_1_553' title='bbox 2849 3996 2966 4054; x_wconf 79' lang='lat' dir='ltr'><strong>vol.</strong></span> <span class='ocrx_word' id='word_1_554' title='bbox 2999 4014 3060 4064; x_wconf 86' lang='grc'><strong>2,</strong></span> <span class='ocrx_word' id='word_1_555' title='bbox 3089 4015 3147 4070; x_wconf 90' lang='lat' dir='ltr'><strong>p.</strong></span> <span class='ocrx_word' id='word_1_556' title='bbox 3189 3993 3358 4076; x_wconf 81' lang='grc'><strong>159.)</strong></span> 
     </span>
     <span class='ocr_line' id='line_1_88' title="bbox 1791 4083 3358 4144; baseline 0.003 -5"><span class='ocrx_word' id='word_1_557' title='bbox 1791 4083 1859 4140; x_wconf 91' lang='lat' dir='ltr'><strong>Id</strong></span> <span class='ocrx_word' id='word_1_558' title='bbox 1883 4083 2194 4140; x_wconf 82' lang='lat' dir='ltr'><strong>crudeliter</strong></span> <span class='ocrx_word' id='word_1_559' title='bbox 2217 4086 2370 4142; x_wconf 89' lang='lat' dir='ltr'><strong>ultus</strong></span> <span class='ocrx_word' id='word_1_560' title='bbox 2395 4103 2510 4141; x_wconf 60' lang='lat' dir='ltr'><strong>esse</strong></span> <span class='ocrx_word' id='word_1_561' title='bbox 2539 4083 2757 4140; x_wconf 87' lang='lat' dir='ltr'><strong>dicitur</strong></span> <span class='ocrx_word' id='word_1_562' title='bbox 2778 4083 3124 4140; x_wconf 79' lang='lat' dir='ltr'><strong>Alcibiades.</strong></span> <span class='ocrx_word' id='word_1_563' title='bbox 3163 4085 3358 4144; x_wconf 90' lang='lat' dir='ltr'><strong>Schol.</strong></span> 
     </span>
     <span class='ocr_line' id='line_1_89' title="bbox 1790 4169 3360 4248; baseline -0.002 -18"><span class='ocrx_word' id='word_1_564' title='bbox 1790 4171 2060 4230; x_wconf 76' lang='lat' dir='ltr'><strong>Aristidis</strong></span> <span class='ocrx_word' id='word_1_565' title='bbox 2097 4172 2254 4248; x_wconf 84' lang='lat' dir='ltr'><strong>apud</strong></span> <span class='ocrx_word' id='word_1_566' title='bbox 2280 4175 2621 4230; x_wconf 83' lang='lat' dir='ltr'><strong>Creuzerum</strong></span> <span class='ocrx_word' id='word_1_567' title='bbox 2662 4171 2737 4228; x_wconf 86' lang='lat' dir='ltr'><strong>ad</strong></span> <span class='ocrx_word' id='word_1_568' title='bbox 2769 4169 3058 4228; x_wconf 83' lang='lat' dir='ltr'><strong>Plotinum</strong></span> <span class='ocrx_word' id='word_1_569' title='bbox 3095 4174 3182 4228; x_wconf 89' lang='lat' dir='ltr'><strong>De</strong></span> <span class='ocrx_word' id='word_1_570' title='bbox 3223 4172 3360 4246; x_wconf 89' lang='lat' dir='ltr'><strong>pul-</strong></span> 
     </span>
     <span class='ocr_line' id='line_1_90' title="bbox 1791 4257 3362 4338; baseline -0.002 -22"><span class='ocrx_word' id='word_1_571' title='bbox 1791 4262 2032 4335; x_wconf 86' lang='lat' dir='ltr'><strong>chrit.p.</strong></span> <span class='ocrx_word' id='word_1_572' title='bbox 2059 4259 2170 4329; x_wconf 85' lang='grc'><strong>465</strong></span> <span class='ocrx_word' id='word_1_573' title='bbox 2198 4259 2308 4336; x_wconf 78' lang='lat' dir='ltr'><strong>(vel</strong></span> <span class='ocrx_word' id='word_1_574' title='bbox 2330 4261 2446 4318; x_wconf 82' lang='lat' dir='ltr'><strong>vol.</strong></span> <span class='ocrx_word' id='word_1_575' title='bbox 2479 4259 2540 4329; x_wconf 91' lang='grc'><strong>3,</strong></span> <span class='ocrx_word' id='word_1_576' title='bbox 2562 4276 2625 4333; x_wconf 88' lang='lat' dir='ltr'><strong>p.</strong></span> <span class='ocrx_word' id='word_1_577' title='bbox 2647 4265 2760 4327; x_wconf 90' lang='grc'><strong>444</strong></span> <span class='ocrx_word' id='word_1_578' title='bbox 2787 4257 2883 4319; x_wconf 86' lang='lat' dir='ltr'><strong>ed.</strong></span> <span class='ocrx_word' id='word_1_579' title='bbox 2907 4257 3109 4332; x_wconf 85' lang='lat' dir='ltr'><strong>Dind.)</strong></span> <span class='ocrx_word' id='word_1_580' title='bbox 3137 4278 3362 4338; x_wconf 70' lang='grc' dir='ltr'><strong>εκωμῳ-</strong></span> 
     </span>
     <span class='ocr_line' id='line_1_91' title="bbox 1790 4343 3358 4425; baseline -0.002 -21"><span class='ocrx_word' id='word_1_581' title='bbox 1790 4346 1962 4417; x_wconf 81' lang='grc' dir='ltr'><strong>δηθεὶς</strong></span> <span class='ocrx_word' id='word_1_582' title='bbox 1997 4347 2212 4424; x_wconf 85' lang='lat' dir='ltr'><strong>(Alcib.</strong></span> <span class='ocrx_word' id='word_1_583' title='bbox 2237 4346 2256 4423; x_wconf 92' lang='lat'>)</span> <span class='ocrx_word' id='word_1_584' title='bbox 2286 4345 2434 4425; x_wconf 78' lang='grc' dir='ltr'><strong>παρὰ</strong></span> <span class='ocrx_word' id='word_1_585' title='bbox 2463 4344 2755 4410; x_wconf 80' lang='grc' dir='ltr'><strong>Εὐπόλιδος</strong></span> <span class='ocrx_word' id='word_1_586' title='bbox 2790 4343 2996 4425; x_wconf 71' lang='grc' dir='ltr'><strong>ἔρριψεν</strong></span> <span class='ocrx_word' id='word_1_587' title='bbox 3025 4343 3180 4403; x_wconf 83' lang='grc' dir='ltr'><strong>αὐτὸν</strong></span> <span class='ocrx_word' id='word_1_588' title='bbox 3211 4345 3264 4402; x_wconf 73' lang='grc' dir='ltr'><strong>ἐν</strong></span> <span class='ocrx_word' id='word_1_589' title='bbox 3292 4347 3358 4422; x_wconf 82' lang='grc' dir='ltr'><strong>τῇ</strong></span> 
     </span>
     <span class='ocr_line' id='line_1_92' title="bbox 1790 4430 2338 4512; baseline -0.002 -19"><span class='ocrx_word' id='word_1_590' title='bbox 1790 4433 2150 4512; x_wconf 79' lang='grc' dir='ltr'><strong>θαλάττῃ,....</strong></span> <span class='ocrx_word' id='word_1_591' title='bbox 2176 4430 2338 4492; x_wconf 81' lang='grc' dir='ltr'><strong>εἰπὼν</strong></span> 
     </span>
    </p>
   </div>
   <div class='ocr_carea' id='block_1_26' title="bbox 1869 4540 3404 4712">
    <p class='ocr_par' dir='ltr' id='par_1_27' title="bbox 1869 4540 3404 4712">
     <span class='ocr_line' id='line_1_93' title="bbox 1869 4540 3404 4623; baseline -0.003 -18"><span class='ocrx_word' id='word_1_592' title='bbox 1869 4544 2080 4612; x_wconf 72' lang='grc' dir='ltr'><strong>Βάπτες</strong></span> <span class='ocrx_word' id='word_1_593' title='bbox 2098 4547 2158 4622; x_wconf 80' lang='grc' dir='ltr'><strong>μ’</strong></span> <span class='ocrx_word' id='word_1_594' title='bbox 2187 4545 2241 4602; x_wconf 76' lang='grc' dir='ltr'><strong>ἐν</strong></span> <span class='ocrx_word' id='word_1_595' title='bbox 2275 4542 2587 4623; x_wconf 78' lang='grc' dir='ltr'><strong>θυμέλῃσιν,</strong></span> <span class='ocrx_word' id='word_1_596' title='bbox 2613 4543 2718 4620; x_wconf 77' lang='grc' dir='ltr'><strong>ἐγὼ</strong></span> <span class='ocrx_word' id='word_1_597' title='bbox 2743 4543 2800 4602; x_wconf 79' lang='grc' dir='ltr'><strong>δέ</strong></span> <span class='ocrx_word' id='word_1_598' title='bbox 2822 4565 2880 4602; x_wconf 82' lang='grc' dir='ltr'><strong>σε</strong></span> <span class='ocrx_word' id='word_1_599' title='bbox 2904 4540 3104 4619; x_wconf 85' lang='grc' dir='ltr'><strong>κύμασι</strong></span> <span class='ocrx_word' id='word_1_600' title='bbox 3128 4541 3320 4602; x_wconf 85' lang='grc' dir='ltr'><strong>πόντου</strong></span> <span class='ocrx_word' id='word_1_601' title='bbox 3397 4607 3404 4616; x_wconf 56' lang='grc'><strong>,</strong></span> 
     </span>
     <span class='ocr_line' id='line_1_94' title="bbox 1955 4629 2996 4712; baseline -0.002 -20"><span class='ocrx_word' id='word_1_602' title='bbox 1955 4633 2216 4712; x_wconf 83' lang='grc' dir='ltr'><strong>βαπτίζων</strong></span> <span class='ocrx_word' id='word_1_603' title='bbox 2243 4631 2412 4690; x_wconf 72' lang='grc' dir='ltr'><strong>ὀλέσω</strong></span> <span class='ocrx_word' id='word_1_604' title='bbox 2433 4630 2634 4708; x_wconf 74' lang='grc' dir='ltr'><strong>νάμασι</strong></span> <span class='ocrx_word' id='word_1_605' title='bbox 2659 4629 2996 4711; x_wconf 73' lang='grc' dir='ltr'><strong>πικροτέροις.</strong></span> 
     </span>
    </p>
   </div>
   <div class='ocr_carea' id='block_1_27' title="bbox 1790 4741 3359 4999">
    <p class='ocr_par' dir='ltr' id='par_1_28' title="bbox 1790 4741 3359 4999">
     <span class='ocr_line' id='line_1_95' title="bbox 1792 4741 3357 4823; baseline -0.006 -17"><span class='ocrx_word' id='word_1_606' title='bbox 1792 4749 2082 4806; x_wconf 80' lang='lat' dir='ltr'><strong>l&#39;latonius</strong></span> <span class='ocrx_word' id='word_1_607' title='bbox 2099 4750 2184 4804; x_wconf 88' lang='lat' dir='ltr'><strong>De</strong></span> <span class='ocrx_word' id='word_1_608' title='bbox 2227 4765 2374 4804; x_wconf 91' lang='lat' dir='ltr'><strong>com.</strong></span> <span class='ocrx_word' id='word_1_609' title='bbox 2401 4766 2462 4820; x_wconf 86' lang='lat' dir='ltr'><strong>p.</strong></span> <span class='ocrx_word' id='word_1_610' title='bbox 2493 4765 2602 4803; x_wconf 86' lang='lat' dir='ltr'><strong>x1u</strong></span> <span class='ocrx_word' id='word_1_611' title='bbox 2630 4764 2642 4799; x_wconf 75' lang='grc' dir='ltr'>ε</span> <span class='ocrx_word' id='word_1_612' title='bbox 2671 4744 2824 4820; x_wconf 74' lang='grc' dir='ltr'><strong>ἴσμεν</strong></span> <span class='ocrx_word' id='word_1_613' title='bbox 2853 4748 2974 4823; x_wconf 80' lang='grc' dir='ltr'><strong>γοῦν</strong></span> <span class='ocrx_word' id='word_1_614' title='bbox 3000 4743 3088 4802; x_wconf 82' lang='grc' dir='ltr'><strong>τὸν</strong></span> <span class='ocrx_word' id='word_1_615' title='bbox 3127 4741 3357 4804; x_wconf 80' lang='grc' dir='ltr'><strong>Εὔπολιν</strong></span> 
     </span>
     <span class='ocr_line' id='line_1_96' title="bbox 1792 4830 3358 4914; baseline -0.003 -21"><span class='ocrx_word' id='word_1_616' title='bbox 1792 4832 1879 4894; x_wconf 75' lang='grc' dir='ltr'><strong>ἐπὶ</strong></span> <span class='ocrx_word' id='word_1_617' title='bbox 1904 4836 1980 4914; x_wconf 78' lang='grc' dir='ltr'><strong>τῷ</strong></span> <span class='ocrx_word' id='word_1_618' title='bbox 2021 4833 2221 4902; x_wconf 81' lang='grc' dir='ltr'><strong>διδάξαι</strong></span> <span class='ocrx_word' id='word_1_619' title='bbox 2249 4831 2365 4900; x_wconf 77' lang='grc' dir='ltr'><strong>τοὺς</strong></span> <span class='ocrx_word' id='word_1_620' title='bbox 2397 4831 2616 4898; x_wconf 80' lang='grc' dir='ltr'><strong>Βάπτας</strong></span> <span class='ocrx_word' id='word_1_621' title='bbox 2644 4833 2996 4912; x_wconf 77' lang='grc' dir='ltr'><strong>ἀποπνιγέντα</strong></span> <span class='ocrx_word' id='word_1_622' title='bbox 3031 4833 3104 4899; x_wconf 77' lang='grc' dir='ltr'><strong>εἷς</strong></span> <span class='ocrx_word' id='word_1_623' title='bbox 3129 4831 3224 4901; x_wconf 77' lang='grc' dir='ltr'><strong>τὴν</strong></span> <span class='ocrx_word' id='word_1_624' title='bbox 3257 4830 3358 4888; x_wconf 83' lang='grc' dir='ltr'><strong>θοί-</strong></span> 
     </span>
     <span class='ocr_line' id='line_1_97' title="bbox 1790 4918 3359 4999; baseline -0.003 -20"><span class='ocrx_word' id='word_1_625' title='bbox 1790 4923 1996 4981; x_wconf 84' lang='grc' dir='ltr'><strong>λασσαν</strong></span> <span class='ocrx_word' id='word_1_626' title='bbox 2019 4921 2106 4978; x_wconf 79' lang='grc' dir='ltr'><strong>ὑπ’</strong></span> <span class='ocrx_word' id='word_1_627' title='bbox 2132 4919 2337 4980; x_wconf 78' lang='grc' dir='ltr'><strong>ἐκείνων</strong></span> <span class='ocrx_word' id='word_1_628' title='bbox 2354 4967 2368 4991; x_wconf 93' lang='grc'><strong>,</strong></span> <span class='ocrx_word' id='word_1_629' title='bbox 2393 4922 2464 4986; x_wconf 77' lang='grc' dir='ltr'><strong>εἰς</strong></span> <span class='ocrx_word' id='word_1_630' title='bbox 2491 4918 2578 4984; x_wconf 77' lang='grc' dir='ltr'><strong>οὓς</strong></span> <span class='ocrx_word' id='word_1_631' title='bbox 2605 4922 2804 4990; x_wconf 78' lang='grc' dir='ltr'><strong>καθῆκε</strong></span> <span class='ocrx_word' id='word_1_632' title='bbox 2823 4919 2884 4978; x_wconf 82' lang='grc' dir='ltr'><strong>τὸ</strong></span> <span class='ocrx_word' id='word_1_633' title='bbox 2911 4921 3108 4999; x_wconf 76' lang='grc' dir='ltr'><strong>δρᾶμα.</strong></span> <span class='ocrx_word' id='word_1_634' title='bbox 3133 4921 3359 4976; x_wconf 88' lang='lat' dir='ltr'><strong>Themi-</strong></span> 
     </span>
    </p>
   </div>
   <div class='ocr_carea' id='block_1_28' title="bbox 1792 5109 2616 5279">
    <p class='ocr_par' dir='ltr' id='par_1_29' title="bbox 1792 5109 2616 5279">
     <span class='ocr_line' id='line_1_98' title="bbox 2535 5109 2616 5158; baseline 0 0"><span class='ocrx_word' id='word_1_635' title='bbox 2535 5111 2550 5158; x_wconf 91' lang='grc' dir='ltr'>Ι</span> <span class='ocrx_word' id='word_1_636' title='bbox 2562 5109 2594 5158; x_wconf 76' lang='grc'><strong>4</strong></span> <span class='ocrx_word' id='word_1_637' title='bbox 2604 5144 2616 5158; x_wconf 94' lang='grc'><strong>.</strong></span> 
     </span>
     <span class='ocr_line' id='line_1_99' title="bbox 1792 5205 2562 5279; baseline -0.009 -14"><span class='ocrx_word' id='word_1_638' title='bbox 1792 5209 1994 5265; x_wconf 86' lang='lat' dir='ltr'><strong>Fumos</strong></span> <span class='ocrx_word' id='word_1_639' title='bbox 2023 5205 2225 5279; x_wconf 76' lang='lat' dir='ltr'><strong>profert</strong></span> <span class='ocrx_word' id='word_1_640' title='bbox 2241 5214 2296 5262; x_wconf 88' lang='lat' dir='ltr'><strong>et</strong></span> <span class='ocrx_word' id='word_1_641' title='bbox 2324 5205 2562 5264; x_wconf 85' lang='lat' dir='ltr'><strong>umbras.</strong></span> 
     </span>
    </p>
   </div>
  </div>
 </body>
</html>
