3809 5850
1486 252 2008 347 Pffltwmnes3

390 388 483 445 lv.
530 384 902 445 ΑΡΓΥΡΙΟΥ
944 383 1428 443 ΑΦΑΝΙΣΜΟΣ.

224 528 416 583 Athen.
448 524 511 594 6,
532 542 592 597 p.
628 520 767 591 230,
794 522 835 579 Α
851 563 869 592 ,
902 520 974 577 de
996 540 1263 577 vasorum
1288 536 1685 597 argenteorum

152 636 243 672 usu
275 636 285 668 :
321 612 444 671 Φιλ.
469 610 515 667 δ’
540 612 591 667 ἐν
615 607 879 687 Ἀργυρίου
910 610 1191 685 ἀφανισμῷ
1220 612 1287 674 ὡς
1314 614 1556 687 φορτικοῦ
1583 610 1684 685 μέ-

153 723 325 777 μνηται
347 702 433 756 τοῦ
452 695 683 755 τοιούτου
702 695 792 753 καὶ
823 694 1065 765 σπανίου,
1092 694 1415 773 ζηλουμένου
1445 698 1498 755 δὲ
1526 704 1679 777 (ma.

150 796 233 846 lim
261 788 349 864 δὴ)
372 784 469 845 ὑπό
496 807 651 842 τινων
678 782 1002 843 νεοπλούτων
1032 783 1313 859 μετοίκων,

3229 268 3296 317 67
3315 270 3331 315 Ι

2179 383 2283 443 vl.
2319 384 2942 445 BAEANIZOMENH.

1858 500 2094 556 Antiatt.
2143 518 2205 573 p.
2260 517 2364 572 92,
2403 518 2501 570 αα,
2535 496 3066 577 Ἐπανακάμψαι
3102 517 3116 557 :
3149 502 3346 557 ἐπανα-

1779 583 2015 663 στρέψαι.
2038 584 2169 645 Φιλ.
2203 583 2623 663 Βασανιζομὲνῃ.

2283 698 2410 758 vll.
2455 699 2842 757 ΛΑΚΙΑΔΑΙ.

1862 816 2076 869 Demus
2123 814 2342 869 Atticus
2403 813 2586 869 tribus
2649 812 2923 871 OEneidis
2941 854 2958 887 ,
3033 813 3350 871 secundum

281 929 339 966 α.
368 890 520 965 Ᾰλλ’
550 900 711 976 ἔλεος
741 901 1102 989 ἐμπέπτωκέ
1112 897 1203 976 τίς
1234 926 1336 991 μοι
1358 909 1480 968 τῶν
1505 905 1687 989 ὅλων,
1778 902 1971 977 Steph·
2007 903 2241 975 Byzant.

281 1010 415 1071 ὅταν
442 1004 868 1097 ἀπορουμένους
915 1004 1022 1096 μὲν
1063 1003 1399 1094 ἀνθρώπους
1427 1000 1542 1071 ἴδω

282 1110 632 1203 ἐλευθέρους,
666 1108 983 1203 μαστιγίας
1010 1101 1071 1173 δ’
1106 1105 1201 1175 ἐπ’
1232 1110 1482 1203 ἀργυροῦ·

282 1218 521 1291 πίνακος
540 1266 561 1303 ,
594 1212 841 1309 ἄγοντος
872 1220 1049 1308 μνᾶν,
1084 1214 1325 1309 τάριχον
1355 1216 1543 1284 ἐνίοτε

194 1316 229 1387 5
278 1315 435 1388 δυοῖν
464 1318 701 1388 ὀὸολοῒν
730 1324 1005 1399 ἔσθοντας
1032 1320 1070 1395 ἢ
1104 1317 1459 1415 τριωὸόλου,

278 1426 376 1496 καὶ
402 1428 710 1520 κάππαριν
740 1434 987 1517 χαλκῶν
1008 1436 1201 1521 τριῶν·
1221 1430 1281 1493 ἐν
1306 1422 1593 1521 τρυῧλίῳ,

278 1530 485 1627 ἄγοντι
506 1538 880 1609 πεντήκοντα
897 1528 1173 1626 δραχμὰς
1194 1582 1211 1617 ,
1248 1534 1493 1627 ἀργυρῷ.

284 1640 577 1734 Πρότερον
608 1632 680 1707 δὲ
708 1640 929 1732 φιάλην
952 1638 1023 1712 ἦν
1056 1640 1447 1731 ἀνακειμένην
1476 1632 1627 1707 ἰδεῖν

278 1739 547 1839 ἐργῶδες.
576 1750 635 1831 β.
666 1741 891 1839 Ᾱμέλει
908 1756 1089 1813 τοῦτο
1122 1746 1227 1837 μὲν
1256 1744 1357 1811 καὶ
1381 1757 1483 1812 νῦν
1514 1748 1635 1812 ἔτι·

158 1870 230 1915 ιο
278 1846 345 1915 ἂν
366 1850 477 1945 γὰρ
510 1852 701 1945 ἀναθῇ
729 1878 824 1928 τις
846 1900 865 1936 ,
909 1850 1069 1927 εὐθὺς
1092 1851 1287 1942 ἕτερος
1314 1854 1595 1943 ἥρπασεν.

143 1982 437 2053 Argentum
478 1983 769 2037 evanuisse
799 1979 939 2036 dicit
962 2001 995 2035 α
1024 1998 1269 2055 persona
1288 2024 1304 2051 ‚
1330 1981 1537 2056 cupide
1581 1983 1693 2037 emi

143 2067 353 2121 solitum
377 2068 451 2123 ab
484 2070 817 2125 hominibus
835 2110 853 2140 ,
874 2086 1073 2124 recens
1091 2066 1283 2123 ditatis
1298 2109 1314 2137 ,
1347 2068 1695 2143 ignobilibus

144 2152 453 2231 (mastigiis)
483 2167 658 2231 atque
687 2155 1050 2212 immodestis.
1072 2157 1247 2211 Versu
1270 2162 1303 2221 4
1329 2152 1562 2233 τάριχον,
1587 2176 1695 2230 pro

147 2242 362 2315 vulgato
396 2242 650 2322 τάριχος,
683 2263 753 2300 ex
787 2246 831 2299 B
867 2244 1067 2299 codice
1106 2244 1277 2300 Mein.
1318 2243 1392 2301 V.
1434 2244 1467 2299 5
1494 2242 1695 2301 ὂὸολοῖν

142 2346 237 2399 pro
259 2328 455 2389 ὄὸολῶν
484 2331 667 2393 Dind.
692 2336 763 2393 V.
782 2333 822 2391 6
852 2332 1087 2410 χαλκῶν,
1108 2331 1227 2391 vid.
1254 2350 1385 2391 anu.
1408 2332 1483 2389 ad
1520 2334 1692 2390 Arist.

144 2416 342 2479 Eccles.
370 2418 508 2482 815.
541 2426 608 2480 V.
639 2422 674 2478 8
708 2424 860 2479 malo
896 2420 1067 2477 ἰδεῖν
1116 2419 1609 2498 ἀνακειμένην,
1634 2422 1695 2478 'et

141 2524 293 2564 versu
342 2530 432 2585 10,
488 2508 720 2587 ἔτερος
766 2507 951 2575 εὐθὺς
994 2507 1250 2587 ἥρπασεν.
1298 2509 1577 2567 Praeterea
1623 2512 1698 2567 ad

138 2594 273 2652 hanc
296 2599 549 2657 fabulam
572 2602 747 2656 Mein.
778 2600 980 2655 referri
1009 2598 1244 2671 conjicit
1262 2602 1468 2657 lncert.
1496 2606 1525 2665 4
1546 2612 1603 2656 et
1630 2600 1687 2667 8,.

728 2746 798 2806 ν.
840 2726 1141 2807 Amol?

210 2898 410 2958 Athen.
440 2905 539 2970 14,
580 2918 645 2974 p.
672 2898 820 2971 658,
840 2902 893 2958 D
926 2920 941 2956 τ
975 2897 1269 2980 πυριέφθων
1294 2898 1348 2958 δὲ
1383 2898 1695 2976 μνημονεύει

134 3024 197 3124 λ..
226 2981 359 3041 οὕτω
387 2985 443 3044 δὲ
472 2987 727 3044 καλεῖται
751 2985 813 3045 τὸ
842 2989 1049 3066 πρῶτον
1086 2987 1225 3064 γάλα
1345 2987 1479 3047 Φιλ.
1514 2989 1567 3045 ἐν
1588 2989 1692 3047 Αὖ-

166 3077 259 3147 οἷς,

221 3189 359 3266 Τοῖς
388 3183 459 3257 δὲ
490 3193 787 3286 πυρίεφθα
819 3195 919 3258 καὶ
954 3191 1034 3260 τὰ
1062 3191 1308 3283 λάχανα
1338 3184 1513 3260 ταῦτ’
1542 3193 1692 3286 ἔχω.

132 3339 392 3398 Mendose
416 3343 565 3399 libri
592 3340 712 3409 τοὺς
740 3339 795 3400 δὲ
824 3341 1129 3422 πυριέφθας.
1160 3343 1451 3420 Epitome‚
1492 3345 1698 3399 omisso

132 3444 331 3484 veisu-
366 3428 637 3510 πυριέφθα
674 3430 813 3508 (nic)
848 3429 907 3487 δὲ
944 3431 1184 3488 καλεῖται
1212 3429 1363 3508 παρὰ
1397 3427 1697 3507 Φιλιππίδῃ

129 3511 184 3568 τὸ
208 3517 413 3592 πρῶτον
442 3517 616 3593 γάλα.
656 3522 847 3594 Atque
889 3519 1091 3576 Pollux
1128 3519 1187 3589 6,
1228 3517 1355 3586 54·
1394 3519 1523 3577 Φιλ.
1566 3517 1611 3574 δ’
1642 3519 1697 3576 ἑν

132 3597 314 3668 Αὖλοῑς
336 3602 429 3660 καὶ
453 3627 543 3662 πυ
564 3626 595 3682 ρ
611 3603 629 3663 ί
638 3627 709 3684 εφ
726 3608 755 3662 θ
772 3627 806 3663 α
836 3603 1064 3683 εἴρηκεν.
1095 3605 1239 3662 Inde
1260 3607 1580 3680 Schweigh.
1605 3605 1692 3664 Τὰ

130 3684 181 3744 δὲ
200 3689 482 3771 πυρίεφθα.
506 3695 691 3750 Mein.
728 3693 981 3750 conferri
1014 3693 1173 3768 jussit
1199 3692 1531 3752 Schneider-i
1562 3712 1696 3750 ann.

129 3775 196 3829 ad
222 3779 499 3837 Nicandri
527 3780 799 3856 Alexiph.
824 3799 886 3856 p.
918 3781 1051 3852 373.
1076 3783 1236 3837 Libri
1258 3779 1415 3860 ἔχων.

554 3952 891 4009 ARGENTI
928 3953 1273 4009 ABLATIO.

223 4049 271 4086 a.
322 4043 397 4090 At
444 4035 825 4093 misericordia
873 4052 961 4092 me
1014 4036 1269 4110 quaedam
1319 4050 1511 4109 capere
1561 4036 1701 4092 solet
1744 4021 1751 4072 ¹

2538 1015 2586 1053 1.

1857 1107 2066 1165 Pollux
2101 1128 2200 1178 10,
2225 1108 2321 1177 36,
2357 1108 2426 1179 37
2461 1126 2475 1165 ε
2515 1108 2604 1165 καὶ
2633 1105 2739 1181 μὴν
2771 1107 2830 1165 τό
2848 1130 2907 1185 γε
2935 1110 3000 1185 τῇ
3037 1106 3188 1188 κλίνῃ
3217 1106 3349 1188 ἢτῷ

1781 1196 2034 1269 σκίμποδι
2063 1192 2420 1270 ἐντεταμένον,
2445 1198 2512 1261 ὣς
2537 1194 2710 1274 φέρειν
2741 1194 2806 1252 τὰ
2828 1197 3034 1267 τυλεῖα,
3067 1196 3301 1276 σπαρτία
3324 1241 3343 1272 ,

1782 1284 1992 1364 σπάρτα
2013 1329 2029 1359 ,
2051 1282 2226 1356 τόνος,
2251 1282 2444 1362 κειρία.
2565 1286 2702 1345 Φιλ.
2735 1283 2788 1342 δὲ
2813 1286 2866 1342 ἐν
2889 1283 3184 1351 Λακιάδαις
3201 1330 3218 1357 ,

1880 1400 2226 1493 Κράτιστόν
2251 1403 2375 1467 ἐστι
2401 1410 2610 1467 τοῦτον
2646 1405 2912 1493 ἐκτεμεῖν
2941 1452 2959 1487 ,
2989 1406 3162 1495 γύναι
3180 1452 3201 1486 ,

1876 1516 1979 1577 τὸν
2007 1498 2219 1601 δίφρον
2249 1504 2570 1601 (ἄχρηστα
2603 1513 2916 1585 παντελῶς
2943 1514 3144 1586 οὕτως
3175 1510 3303 1601 ἔχει
3357 1546 3364 1553 ·

1878 1612 1958 1682 τὰ
1989 1611 2225 1706 σπαρτί’
2243 1612 2298 1705 ),
2323 1617 2522 1705 ἕτερον
2557 1608 2613 1680 δ’
2641 1608 2930 1705 ἐμὸαλεῒν
2961 1619 3128 1701 αὐτῷ
3155 1615 3346 1684 τόνον.

1785 1738 1964 1792 Versu
1994 1734 2026 1790 3
2048 1735 2185 1791 libri
2217 1731 2286 1793 τὰ
2311 1732 2522 1812 σπάρτα
2544 1776 2562 1810 ,
2591 1731 2770 1813 ἕτερον
2790 1733 2846 1792 δὲ
2871 1756 2908 1793 κ
2924 1732 3106 1792 αινὸν
3131 1733 3263 1812 ἒμὸ.
3294 1757 3347 1792 α.

1785 1843 1832 1879 τ.
1872 1824 2047 1879 Recte
2065 1824 2239 1881 Mein.
2273 1824 2498 1897 scripsit
2525 1820 2762 1901 σπαρτί’,
2791 1835 2848 1880 et
2877 1824 3344 1900 glossema'dele-

1785 1912 1865 1967 vit
1893 1908 1915 1986 ζ
1929 1912 1998 1968 cf.
2029 1930 2160 1967 ann.
2197 1911 2271 1967 ad
2301 1911 2593 1987 Aristoph.
2617 1916 2725 1971 Αν.
2755 1912 2868 1984 768
2893 1926 2955 1971 et
2971 1933 3058 1989 sq.
3079 1912 3117 1991 ).

1864 2136 2026 2192 Idem
2051 2154 2110 2211 9,
2139 2135 2213 2193 38
2241 2154 2256 2193 2
2283 2136 2425 2215 τάχα
2453 2134 2500 2192 δ’
2531 2133 2595 2193 ἂν
2623 2134 2788 2214 εὕροις
2817 2134 2908 2193 καὶ
2935 2134 3106 2215 ῥύμην
3128 2135 3350 2214 ,εἰρημέ-

1788 2245 1880 2293 νην
1913 2265 1974 2289 .,..
2005 2220 2330 2283 Φιλιππίδου
2363 2219 2665 2302 (εἰπόντος)
2695 2225 2750 2281 ἰν
2781 2222 3134 2302 Φιλευριπίδῃ
3165 2266 3230 2284 ...
3259 2220 3351 2280 καὶ

1790 2309 2103 2381 Λακιάδαις,

1885 2414 2086 2513 ὀρθῶς
2105 2444 2173 2514 γε
2204 2424 2312 2494 τὴν
2337 2421 2520 2513 ῥύμην
2542 2410 3124 2513 ὁδοιπεπορῆκαμει.

2211 2544 2371 2605 VIII.
2428 2542 2927 2605 ΜΑΣΤΡΟΠΟΣ.

1868 2660 2110 2716 Antiatt.
2137 2676 2194 2732 p.
2225 2657 2322 2729 80,
2356 2656 2450 2727 32,
2486 2654 2877 2723 Ἀπόστασις
2913 2678 2925 2711 :
2951 2655 3066 2714 ἀντὶ
3088 2660 3178 2713 τοῦ
3211 2655 3353 2715 οἴνου

1791 2744 2059 2815 ἀποθήκας
2083 2742 2300 2823 ἔχουσα.
2329 2744 2463 2802 Φιλ.
2491 2745 2822 2822 Μαστροπῷ.
2855 2748 3046 2821 Ipsam
3069 2748 3244 2823 igitur
3267 2748 3351 2802 le-

1788 2852 1922 2889 nam
1939 2834 2202 2890 bibacem
2227 2834 2334 2889 hac
2363 2834 2749 2909 appellatione
2767 2836 2944 2891 irrisit
2967 2836 3112 2894 Phil.

2236 2946 2339 3004 IX.
2386 2946 2906 3008 ΟΔΥΝΘῙΑΚΟΣ.

1868 3056 2029 3112 Stob.
2053 3057 2215 3114 Flor.
2249 3055 2382 3125 113,
2423 3075 2490 3126 17
2517 3075 2648 3114 cum
2693 3059 2886 3118 lenm.
2929 3055 3211 3117 Φιλίππω
3239 3057 3355 3134 (sic

1788 3145 1945 3200 libri.
1990 3143 2328 3218 Philippidis
2373 3163 2586 3202 nomen
2639 3147 3020 3220 probabiliter
3059 3147 3356 3204 substituit

1789 3229 2052 3306 Grotius)
2078 3227 2406 3308 Ὀλυνθιακῷ
2435 3223 2710 3308 (Meinek.
2734 3229 3109 3311 Ὀλυνθία).

1888 3347 1978 3411 Οὐ
1991 3343 2262 3436 χαλεπόν
2291 3347 2421 3411 ἐστι
2453 3355 2540 3432 τῷ
2569 3355 2767 3422 κακῶς
2797 3337 3162 3437 διακειμένῳ

1889 3449 2076 3516 εἰπεῖν
2106 3454 2220 3516 τιν’
2257 3450 2634 3517 εὐσθενοῢντα
2669 3479 2701 3514 <c
2731 3455 2833 3526 Μὴ
2870 3459 3068 3528 κακῶς
3092 3445 3226 3544 ἔχεΊ.
3267 3475 3300 3510 »

1889 3557 2085 3648 πύκτῃ
2113 3550 2174 3622 τ’
2209 3558 2498 3647 ἐπιτιμᾶν
2526 3547 2697 3620 οὐδὲν
2740 3556 2908 3648 ἔργον
2939 3557 3301 3648 μαχομένῳ,
3353 3545 3358 3550 ’

1888 3663 2071 3748 αὐτὸν
2106 3660 2408 3755 μάχεσθαι
2439 3653 2502 3726 δ’
2535 3657 2731 3729 οὐκέτ’
2773 3660 2900 3728 ἐστὶ
2925 3653 3158 3752 ῥᾴδιον.
3199 3649 3204 3653 ’

1737 3796 1745 3842 ι
1796 3761 1835 3832 5
1888 3757 2103 3858 ἕτερόν
2129 3793 2192 3832 τι
2225 3765 2296 3831 τὸ
2323 3769 2518 3859 λέγειν
2540 3767 2668 3835 ἐστὶ
2695 3777 2798 3833 τοῦ
2825 3769 3237 3840 πεποιηκέναι.

2401 3952 2566 4007 LAC!
2575 3953 2758 4006 ADAE.
2851 3951 2858 3958 ’

2549 4061 2576 4109 1
2589 4098 2599 4109 .

1380 4123 1698 4191 [mmm
1793 4141 2077 4212 Optnnum
2101 4147 2214 4205 est,
2247 4155 2398 4204 uxor
2425 4137 2570 4194 hanc
2589 4141 2822 4196 exsecari

226 4207 451 4277 quando
476 4217 712 4282 egeam
730 4207 963 4280 quidem
999 4209 1253 4265 homines
1276 4209 1437 4266 video

226 4291 463 4362 liberos,
488 4295 774 4367 mastigias
801 4303 989 4360 autem
1011 4311 1075 4351 ex
1098 4303 1357 4366 argentea

228 4381 414 4451 patina
435 4425 451 4450 ‚
476 4384 651 4440 minae
680 4381 866 4456 pondo
882 4425 898 4450 ‚
926 4383 1313 4440 salsamentum
1336 4382 1635 4456 aliquando

156 4474 188 4522 5
224 4469 471 4528 duorum
492 4471 585 4528 vel
610 4474 776 4529 trium
800 4472 1091 4528 obolorum
1114 4472 1339 4528 edentes
1362 4512 1377 4538 ,

227 4565 283 4610 et
310 4559 583 4630 eappan-in
612 4559 777 4613 trium
801 4571 1076 4613 aereorum
1105 4573 1136 4613 e
1166 4556 1365 4623 catino,

226 4645 637 4719 quinquaginta
667 4643 961 4701 drachmas
992 4647 1202 4701 valente
1224 4685 1239 4712 ‚
1266 4654 1543 4716 argenteo.

228 4734 487 4790 Antehac
512 4732 757 4805 phialam
788 4731 971 4788 videre
1001 4731 1303 4789 dedicatam

225 4818 459 4877 difficile
482 4819 621 4877 fuit.
642 4817 699 4875 b.
730 4821 873 4876 Sane
900 4820 981 4876 sie
1002 4820 1165 4876 etiam
1190 4834 1339 4874 nunc
1364 4827 1451 4874 est
1479 4837 1491 4872 :

132 4915 189 4961 ¹0
222 4909 269 4962 si
300 4909 429 4980 quis
453 4907 616 4964 enim
640 4904 890 4973 dedicat,
918 4906 1065 4964 illico
1085 4906 1225 4978 rapit
1251 4905 1407 4963 alter.

802 4996 947 5050 TlBl
957 4996 1032 5049 14„

130 5083 223 5136 Hir
252 5091 445 5140 autem
466 5083 561 5138 lac
596 5089 903 5140 maternum
934 5089 989 5138 et
1009 5080 1287 5153 legumina
1310 5077 1506 5135 habeo.

1792 4227 1982 4283 sellam
2011 4231 2266 4298 (prorsus
2307 4225 2526 4282 inutiles
2555 4227 2634 4282 sic
2654 4224 2821 4282 funes
2844 4235 2980 4283 ‘sunt

1798 4314 2057 4387 spartei),
2091 4313 2332 4385 aliasque
2354 4319 2526 4370 restes
2546 4313 2791 4396 immitti.

1796 4508 1968 4563 Recta
1999 4502 2221 4575 quidem
2248 4502 2457 4574 impetu
2479 4422 2627 4558 fae2to
2659 4501 2886 4576 metenti
2915 4518 3128 4560 sumus

2315 4623 2854 4680 OLYNTfflACns.

1870 4731 1996 4785 Non
2024 4733 2108 4782 est
2133 4723 2390 4791 difficile,
2419 4723 2637 4804 infirmo

1868 4813 2168 4871 acclamare
2190 4810 2460 4866 valentem
2495 4832 2522 4858 ιι
2553 4811 2637 4865 Ne
2665 4809 2804 4866 habe
2825 4810 3002 4866 male!
3039 4833 3065 4856 π

1869 4917 1972 4958 nee
1991 4914 2188 4971 magna
2204 4913 2296 4953 res
2322 4896 2559 4969 pugilem
2584 4895 2978 4968 reprehendere
3003 4903 3360 4968 pugnantem,

1872 4987 1968 5046 sed
1997 4990 2176 5058 ipsum
2199 4997 2444 5057 pugnare
2459 4983 2574 5055 jam
2595 4997 2704 5038 non
2723 4991 2814 5038 est
2841 4982 3016 5038 facile.

1802 5083 1834 5132 5
1878 5074 2043 5132 Aliud
2063 5070 2326 5146 quiddam
2351 5078 2433 5126 est
2459 5069 2638 5126 dicere
2665 5083 2834 5142 quam
2859 5067 3074 5126 fecisse.
