3809 5850
454 433 475 480 1
494 433 565 482 70

609 549 713 608 Καὶ
738 547 823 606 τὸν
856 548 1086 608 Ποτιδᾶν
1103 590 1119 623 ,
1148 544 1439 623 κοιλότερος
1464 547 1631 622 ὁλμοῧ
1655 547 1808 606 πολύ.

444 659 679 739 Σώφρων
708 682 763 717 τε
783 658 881 729 τὴν
901 656 1155 728 κλητικὴν
1180 655 1279 736 ἔφη
1312 659 1446 717 llo-t
1462 657 1566 715 ι’δα
1598 660 1629 716 δ
1647 682 1676 739 ρ
1693 683 1727 717 α
1744 661 1954 738 στοχ“α
1967 669 2012 718 ῖ-

442 771 519 854 τα
551 751 597 824 (Ρ
620 752 704 805 Μ.
732 752 768 825 )·
799 750 829 804 δ
854 745 909 804 δὲ
932 743 1051 812 τοὺς
1070 743 1310 812 Εἵλωτας
1341 745 1721 824 (uznoimam)
1750 747 1845 819 τὴν
1882 772 2012 825 γενι·

442 857 540 905 κην
571 857 698 914 φησι

636 1002 718 1016 -
754 967 1001 1056 τέμενος
1028 955 1267 1032 Ποτιδᾶ
1295 965 1549 1032 ποντίω.

440 1107 607 1166 Mein.
645 1118 804 1163 recte
833 1105 1088 1176 Ποτιδᾶς,
1115 1105 1383 1180 Ποτιδᾶν,
1428 1106 1631 1185 Ποτιδᾷ
1652 1149 1667 1176 ,
1714 1107 2004 1184 Κερκιδᾶς,

437 1193 557 1268 τέμ.
586 1194 722 1253 Ποτ.
764 1192 1000 1270 ποντίω,
1042 1213 1153 1268 pro
1198 1191 1443 1264 Ποτίδας,
1478 1192 1728 1266 Ποτίδαν,
1772 1193 2004 1266 Ποτίδα,

442 1281 728 1359 Κερκίδας,
792 1282 1169 1356 τεμενοποτιδᾶ
1227 1280 1421 1359 ποντίῳ
1438 1325 1454 1353 ,
1514 1285 1605 1339 vel
1645 1281 1766 1356 τέμ.
1816 1283 2004 1339 ποτιδᾶ

436 1367 669 1440 ποντίου,
698 1381 763 1425 ut
790 1371 967 1426 Aldus
998 1371 1199 1425 Institt.
1219 1389 1458 1444 gramm.
1492 1389 1553 1446 p.
1594 1390 1685 1445 19.
1720 1393 1745 1420 α
1773 1369 2003 1434 nonsit<

438 1469 576 1526 etc.,
604 1458 917 1531 penultima
944 1457 1256 1530 producta,
1292 1469 1359 1512 ut
1393 1459 1453 1511 in
1480 1459 1808 1532 Epicharmi
1835 1477 2004 1514 versu

434 1563 470 1598 e
486 1545 735 1619 Cyclope
761 1556 817 1605 et
840 1547 903 1599 in
922 1545 1153 1600 nomine
1176 1545 1333 1600 urbis
1358 1542 1641 1603 Ποτίδαια.
1670 1545 2002 1620 Intelligen-

436 1631 575 1686 dum
597 1632 752 1687 haud
780 1631 957 1686 dubie
980 1633 1255 1705 templum
1279 1650 1591 1704 nemusque
1604 1635 1853 1706 Neptuni
1881 1635 2003 1688 '1'ae-

434 1720 597 1774 narii.
618 1722 703 1774 De
723 1729 962 1774 accentu
982 1721 1229 1774 nominis
1252 1719 1517 1796 Κερκιδᾶς
1538 1719 1655 1776 dixi
1674 1722 1904 1778 Dissert.
1929 1721 2002 1779 de

433 1807 673 1862 Cercida
694 1807 1037 1864 Commentt.
1064 1807 1243 1862 Acad.
1277 1809 1504 1866 Boruss.
1537 1808 1701 1874 1831,
1738 1828 1799 1883 p.
1832 1809 1933 1882 93.
1973 1837 1996 1860 ι»

432 1895 485 1949 Ε
506 1895 595 1953 M.
633 1896 778 1951 Mire
816 1897 1082 1950 omissum
1122 1891 1456 1967 πεποιηκὼς,
1487 1907 1553 1951 ut
1578 1893 1884 1966 πεποιηκότι
1927 1898 2000 1957 fr.

436 2003 491 2053 7.
526 1985 629 2039 nis
670 1983 931 2040 admovit
972 1981 1281 2040 Diibnerus
1324 1985 1507 2042 schol.
1554 1985 1843 2058 Aristoph.
1890 1987 1998 2058 Eq.

437 2069 613 2141 1225,
649 2068 774 2144 ἐγὼ
815 2067 879 2128 δέ
908 2091 979 2128 τυ
1012 2067 1117 2130 :rb
1154 2067 1217 2127 τύ
1244 2073 1589 2148 Δωρικῶς....
1624 2067 1853 2150 δημοσίᾳ
1896 2071 2000 2128 ἐτι-

430 2154 572 2229 μήθη
598 2159 627 2214 ὁ
649 2151 828 2216 Κλέων
849 2154 1113 2235 στεφάνῳ·
1131 2165 1370 2234 μιμεῖται
1384 2157 1438 2216 δὲ
1458 2157 1575 2224 τοὺς
1598 2156 1857 2230 Εἴλωτας,
1875 2157 2000 2216 ὅταν

430 2247 722 2324 στεφανῶσι
750 2246 838 2304 τὸν
870 2246 1199 2305 Ποσειδῶνα.

1188 2379 1245 2428 7.

508 2485 669 2541 Idem
692 2486 772 2541 ib.
802 2505 867 2561 p.
902 2485 997 2558 26,
1030 2484 1106 2542 25
1143 2505 1155 2540 :
1192 2483 1490 2560 Ἀθροῦν.
1523 2484 1668 2542 οὐδὲν
1691 2487 1760 2551 εἷς
1789 2484 1879 2542 ο-υνΙ
1907 2485 2002 2558 λη·-

428 2592 506 2646 γει
523 2570 789 2651 ἐπίρρημα
804 2617 821 2648 ,
840 2569 976 2628 ἀλλὰ
999 2571 1155 2648 μόνον
1180 2569 1238 2628 τὸ
1268 2573 1299 2627 οἷ
1317 2577 1343 2628 θ
1359 2593 1385 2648 ρ
1402 2575 1510 2628 οῢν
1524 2616 1540 2644 ,
1571 2570 1699 2651 ὅπερ
1728 2571 1817 2630 καὶ
1835 2573 1862 2598 *
1882 2575 1997 2632 ἔπε-

428 2657 645 2715 κτάσεσι
692 2660 991 2728 ποιητικαῖς
1036 2657 1295 2737 κέχρηται
1341 2659 1433 2716 καὶ
1472 2659 1758 2738 παραθέσει
1809 2660 1998 2741 ἄρθρου

427 2750 593 2804 ἓνικοῧ
610 2746 700 2804 καὶ
713 2747 1079 2817 πληθυντικοῦ·
1099 2751 1461 2824 παραιτοῦμαι
1482 2747 1614 2806 δὲτὸ
1637 2749 1667 2779 ¹*
1692 2773 1725 2806 α
1743 2751 1803 2807 ἰσ
1816 2755 1998 2829 χοῦν,

426 2833 456 2892 ὃ
497 2833 701 2911 εἴρηται
724 2832 871 2911 παρὰ
908 2837 983 2914 τῷ
1010 2833 1128 2900 τοὺς
1152 2833 1391 2901 Εἵλωτας
1418 2839 1636 2912 (intell.
1661 2837 1997 2913 πεποιηκότι,

427 2924 498 2980 cf.
521 2925 589 2980 fr.
614 2928 672 2981 6.
697 2928 782 2981 lta
804 2927 1024 2995 Bloch.;
1046 2924 1231 2983 codex
1246 2946 1306 2986 π.
1335 2927 1409 3004 τῷ
1431 2922 1549 2991 τοὺς
1569 2923 1693 2984 εἴλω
1712 2928 1996 3005 τασαίμην,

426 3009 587 3084 ἀλλὰ,
626 3025 736 3072 οπο,
760 3011 779 3089 )
804 3038 829 3065 κ
864 3010 1099 3087 αίμην·
1138 3011 1313 3069 ἀλλὰ
1359 3018 1653 3092 μισχοῧν
1696 3016 1995 3091 καθήμε-

426 3119 453 3149 u
467 3118 497 3153 ο
511 3120 529 3151 ι
542 3121 596 3155 ‚n
614 3095 728 3155 ἐπεὶ
752 3095 1043 3171 ὀνοματικά
1067 3096 1203 3174 (sic)
1224 3099 1384 3158 ἔστιν.
1400 3102 1730 3175 Legendum
1740 3104 1998 3161 arbitror

426 3181 661 3261 ἄθρουν
692 3184 711 3260 (
738 3204 793 3244 ν.
829 3186 1077 3259 Hesych.
1117 3187 1180 3244 h.
1213 3206 1269 3245 v,
1295 3186 1382 3262 )<...
1418 3188 1697 3245 ἐπεκτάσει
1724 3195 1994 3271 ποιητικῇ,

426 3282 489 3327 ut
510 3268 691 3351 ἄθροος
724 3272 951 3329 dicatur
975 3292 1082 3347 pro
1112 3284 1407 3330 contracto
1438 3272 1643 3354 ἄθρους.
1674 3280 1998 3337 Verborum

423 3357 777 3435 παραθέσει...
798 3358 1093 3429 πληθ.11ειεο
1114 3362 1343 3417 videtur
1364 3380 1479 3419 esse
1494 3368 1791 3437 sententia,
1814 3370 1994 3423 accla-

423 3449 568 3502 mari
591 3467 756 3522 posse
784 3460 842 3504 et
862 3450 993 3519 uni,
1022 3460 1075 3505 et
1100 3450 1381 3523 pluribus,
1412 3450 1627 3529 ἄθρουν,
1654 3474 1763 3528 pro
1801 3454 1990 3533 ἄθρως,

422 3542 541 3593 sine
558 3542 787 3612 strepitu
820 3537 1036 3613 (germ.
1069 3540 1259 3615 Still).
1302 3539 1539 3617 Αἷσχοῦν
1564 3554 1753 3598 autem
1787 3548 1993 3618 procul

425 3623 605 3679 dubio
632 3635 714 3680 est
742 3624 992 3702 αἰσχρὸν,
1020 3626 1155 3681 item
1178 3644 1341 3682 sensu
1369 3628 1638 3701 adverbii,
1656 3644 1994 3705 usurpatum

426 3710 642 3786 (germ.
676 3714 919 3785 Gar-stig,
955 3710 1088 3785 psai
1104 3710 1145 3789 )‚
1182 3714 1345 3786 quod
1368 3714 1789 3789 degeneraverit
1810 3721 1871 3773 in
1899 3740 1990 3792 μι-

424 3802 615 3875 σχοῢν,
642 3798 1126 3871 quemadmodum
1144 3801 1194 3855 A
1218 3810 1276 3854 et
1303 3802 1362 3854 M
1382 3801 1579 3857 litterae
1608 3804 1852 3860 confusae
1881 3807 1986 3862 de-

423 3885 855 3960 prehenduntur
872 3886 1025 3959 apud
1043 3886 1221 3943 Thuc.
1246 3886 1306 3957 8,
1340 3894 1433 3957 74,
1461 3901 1573 3947 etc.

502 3972 769 4028 Ceterum
796 3972 825 4027 ὁ
857 3969 975 4035 τοὺς
1002 3968 1247 4037 Εἵλωτας
1285 3973 1585 4046 πεποιηκὼς
1608 3977 1759 4034 idem
1781 3982 1985 4056 Eupo-

423 4059 527 4115 lidi
546 4058 657 4116 fuit
678 4059 991 4116 secundum
1007 4061 1204 4130 Mein»,
1224 4064 1319 4117 cui
1338 4065 1614 4121 assentior
1632 4085 1809 4139 quum
1830 4081 1986 4127 utra-

421 4164 535 4219 que
562 4134 973 4220 significatione
1002 4157 1196 4203 utatur
1218 4150 1448 4224 Athen„
1473 4170 1581 4207 nec
1609 4155 1717 4209 nisi
1742 4158 1990 4231 Eupolin

420 4232 591 4305 liujus
638 4233 834 4289 fabulae
870 4236 1209 4308 scriptorem
1244 4240 1470 4295 noverit
1504 4241 1726 4302 Pollux.
1764 4247 1849 4301 De
1878 4266 1983 4301 no-

422 4322 573 4376 mine
608 4310 943 4377 Helotarum
986 4324 1245 4381 Eustath.
1276 4325 1353 4381 ad
1390 4328 1465 4386 11.
1498 4346 1557 4401 p.
1588 4347 1729 4405 297,
1763 4330 1837 4387 35
1881 4354 1893 4386 ε
1937 4330 1988 4389 οἳ

422 4408 440 4482 (
464 4404 726 4487 Εἵλωτες)
754 4408 813 4465 οὗ
842 4408 997 4484 μόνον
1021 4410 1257 4470 δουλικοῦ
1278 4414 1406 4470 εἰσιν
1432 4414 1708 4491 ὀνόματος,
1736 4416 1873 4477 ἀλλὰ
1893 4419 1986 4478 καί

420 4518 471 4553 τι
494 4497 716 4575 ἑτεροῖον
740 4498 1000 4568 δηλοῦσιν·
1026 4501 1077 4557 ἐν
1106 4505 1231 4579 γοῦν
1257 4504 1364 4567 τοῖς
1392 4500 1719 4582 Ἧρωδιανοῢ
1744 4505 1984 4587 εὕρηται,

420 4580 501 4640 ὅτι
530 4580 763 4650 Εἵλωτες
784 4586 835 4643 οἱ
872 4585 962 4643 ἐπὶ
989 4587 1240 4668 Ταινάρῳ
1264 4588 1496 4669 σάτυροι.
1530 4594 1635 4650 Cui
1668 4593 1841 4652 fidem
1877 4598 1984 4653 ha-

420 4672 561 4727 bens
590 4672 657 4728 Ο.
686 4674 955 4730 Miillerus
981 4676 1126 4735 Mus.
1158 4678 1343 4739 Rhen.
1379 4678 1435 4749 3,
1480 4700 1541 4755 p.
1584 4682 1721 4754 488,
1752 4682 1838 4739 τὸν
1868 4682 1985 4749 τοὺς

422 4758 543 4821 Εἵλ.
585 4760 915 4831 πεποιηκότα
956 4764 1225 4841 distingui
1264 4770 1448 4825 voluit
1478 4771 1549 4826 ab
1586 4772 1901 4846 Eupolide,
1927 4785 1986 4830 et

420 4850 495 4907 ab
516 4850 612 4904 illo
626 4851 903 4925 scriptum
918 4852 1117 4909 drama
1134 4858 1439 4929 satyricum
1458 4856 1621 4915 fuisse
1634 4862 1984 4919 existimavit.

500 4937 667 4995 Adde
695 4938 1007 5015 fragmenta
1032 4943 1247 4999 incerta
1267 4944 1342 5001 68
1362 4956 1420 5001 et
1446 4964 1578 5019 129.

1172 5116 1203 5164 5
1212 5151 1223 5163 .

422 5191 654 5261 Neptuni
680 5192 887 5248 Pontici
910 5193 1195 5265 templum.

1441 417 1848 476 coMOEmAE
1886 417 2218 516 ‘VETEMS
2259 418 2668 492 RELlQUlAE.

2649 549 2744 608 lx.
2791 551 3126 612 KnonAt.

2153 643 2160 651 ⁵
2182 661 2480 715 Erotianus
2503 663 2635 716 Lex.
2681 662 2962 736 Hippo-er.
2992 681 3058 737 p.
3095 683 3236 736 172,
3265 661 3338 722 Ἣ
3353 663 3618 738 δύσμασι
3643 692 3652 723 ;

2101 745 2205 812 τοῖς
2231 748 2454 825 χλωροῖς
2475 747 2565 804 καὶ
2591 745 2759 826 ξηροῖς
2783 748 3114 825 ἀρτύμασιν.
3145 749 3363 821 Ἀττικὴ
3387 751 3441 808 δὲ
3469 757 3501 822 ἡ
3527 753 3652 823 λέξις,

2099 835 2169 898 ὥς
2189 833 2279 892 καὶ
2312 832 2681 914 Ἀριστοφάνης
2709 837 2764 892 ἐν
2787 835 3039 896 Ἱππεῦσι
3073 839 3094 916 (
3119 839 3314 916 627),
3343 839 3431 896 καὶ
3455 843 3515 898 Ε.
3541 845 3650 899 Κλο-

2099 923 2222 988 παῗς
2250 924 2468 998 (codex
2495 927 2765 1001 stephan.
2811 927 3046 992 Κλοταῖς
3091 947 3297 984 errore
3331 930 3566 996 librarii,
3603 943 3652 986 ut

2097 1013 2343 1086 videtur,
2367 1031 2696 1087 quanquam
2717 1013 2958 1074 Meinek.
3009 1015 3283 1082 Εἱλώταις
3309 1019 3479 1074 latere
3509 1037 3648 1092 posse

2097 1101 2472 1178 existimavit)
2505 1099 2596 1157 καὶ
2619 1100 2922 1180 Μένανδρος
2944 1103 3000 1160 ἓν
3033 1101 3325 1182 Δαρδάνῳ.

2621 1211 2695 1270 X.
2743 1213 3141 1272 ΚΟΔΑΚΕΣ.

2175 1327 2296 1380 Hae
2327 1327 2387 1378 in
2421 1323 2612 1381 fabula
2647 1327 2714 1383 E.
2760 1327 3012 1383 maxime
3053 1328 3323 1398 Calliam,
3363 1331 3640 1403 Hipponici

2095 1413 2502 1488 opulentissimi
2519 1411 2698 1468 filium
2717 1413 2902 1487 (dehis
2915 1433 2969 1470 v.
2987 1413 3070 1470 ad
3083 1417 3450 1489 Autolycum,
3461 1419 3639 1490 Capi-as

2101 1519 2192 1574 19,
2217 1503 2380 1557 Dem.
2411 1501 2486 1576 9)
2511 1503 2830 1576 exagitavit,
2863 1502 3048 1576 idque
3077 1504 3164 1557 ita
3181 1547 3197 1572 ,
3227 1513 3297 1557 ut
3319 1503 3433 1558 fere
3453 1506 3634 1558 nullum

2094 1587 2214 1660 ejus
2229 1609 2373 1664 opus
2384 1589 2490 1662 maj
2499 1608 2598 1645 ore
2613 1591 2811 1664 plausu
2821 1602 3132 1666 exceptum
3147 1591 3341 1648 fuerit.
3359 1593 3532 1650 Schol.
3549 1597 3630 1650 Ar.

2093 1691 2195 1744 Av.
2223 1689 2336 1756 284
2361 1706 2376 1747 :
2401 1689 2429 1744 ὁ
2449 1685 2752 1746 Ἱππονίκου
2777 1685 3019 1752 Καλλίας
3045 1685 3222 1745 ἐδόκει
3237 1685 3312 1770 τὰ
3327 1689 3532 1764 πατρῷα
3551 1688 3634 1744 διε-

2094 1772 2384 1853 σπαρκέναι
2433 1774 2504 1839 εἷς
2551 1772 2851 1850 ἀσέλγειαν,
2892 1775 2965 1840 ὥς
3012 1773 3235 1854 ληφθεὶς
3271 1774 3517 1852 μοιχεύων
3557 1777 3628 1832 καὶ

2093 1861 2346 1926 ἀποτίσας
2367 1859 2646 1939 χρήματα.
2675 1858 3037 1940 κεκωμῴδηκε
3070 1861 3129 1919 δὲ
3163 1860 3322 1942 αὐτὸν
3349 1863 3523 1928 ἱκανῶς
3545 1862 3630 1920 Εὔ-

2091 1951 2239 2016 πολις
2273 1952 2327 2008 ἐν
2366 1948 2612 2017 Κόλαξιν.
2643 1977 2666 2000 α
2690 1953 2860 2008 AEdes
2885 1971 3048 2022 suas,
3096 1971 3342 2027 quarum
3375 1955 3554 2008 alteras
3583 1956 3626 2006 in

2091 2040 2464 2094 Melitensium
2489 2057 2641 2114 pago
2675 2038 2693 2114 (
2715 2041 2892 2096 schol.
2934 2041 3186 2096 Luciani
3214 2043 3357 2096 Jove
3384 2051 3516 2114 trag.
3533 2043 3624 2096 vol.

2093 2145 2146 2196 2,
2157 2144 2216 2200 p.
2231 2126 2344 2184 696
2357 2129 2393 2202 ),
2409 2127 2682 2182 alterasin
2698 2129 2910 2182 Piraeeo
2927 2130 3092 2182 omni
3109 2127 3438 2182 deliciarum
3452 2145 3622 2201 genere

2090 2215 2392 2269 instructas
2428 2214 2678 2270 habebat
2725 2213 3037 2288 (Xenoph.
3081 2215 3264 2274 Conv.
3301 2234 3354 2283 1,
3397 2214 3488 2289 2),
3527 2235 3620 2268 non

2090 2303 2294 2357 scurris
2320 2303 2718 2360 tantummodo
2746 2313 2804 2357 et
2835 2303 3202 2372 tibicinibus,
3230 2303 3454 2374 aliisque
3465 2302 3516 2356 id
3539 2321 3616 2375 ge·

2090 2408 2194 2444 nus
2221 2391 2550 2446 hominibus
2594 2389 2782 2468 (Xen.
2826 2391 2908 2445 ib.
2961 2410 3082 2461 11.;
3117 2409 3176 2459 2,
3215 2389 3288 2464 1)
3331 2401 3612 2463 aperuerat,

2089 2476 2188 2531 sed
2211 2479 2379 2553 etiam
2396 2478 2680 2552 sophistis,
2693 2479 2756 2535 in
2772 2477 2858 2534 his
2877 2478 3134 2554 Gorgiae,
3152 2477 3420 2544 Prodico,
3443 2475 3541 2532 Pro
3549 2487 3616 2530 ta-

2089 2582 2240 2638 gorae
2295 2565 2527 2638 ejusque
2569 2565 2857 2639 discipulis
2904 2566 3002 2640 (ν.
3057 2565 3356 2622 Heindorf.
3396 2565 3461 2620 ad
3500 2567 3610 2620 prat.

2087 2652 2292 2710 Theaet.
2320 2672 2379 2726 p.
2423 2651 2538 2710 358
2561 2649 2608 2728 );
2656 2671 2902 2726 quorum
2949 2655 3257 2710 hominum
3291 2651 3610 2706 consuctudi—

2087 2761 2216 2798 nem
2237 2742 2456 2798 avidius
2480 2761 2653 2816 quam
2678 2744 2830 2818 patri
2859 2743 3130 2818 placebat
3158 2760 3284 2798 eum
3305 2739 3606 2814 expetivisse,

2086 2848 2156 2884 ex
2183 2830 2457 2886 AEschinis
2484 2831 2761 2887 Socratici
2789 2830 3058 2904 dialog0,
3087 2831 3188 2904 qui
3215 2825 3396 2886 Calliae
3419 2829 3612 2880 nomine

2086 2918 2388 2993 inscriptus
2412 2960 2430 2991 ‚
2476 2919 2832 2994 intelligitur.
2893 2919 3133 2975 Mortuo
3189 2916 3371 2973 autem
3423 2916 3604 2988 Hippo-

2085 3008 2216 3061 nico
2264 3008 2477 3079 olymp.
2515 3006 2619 3079 89,
2658 3028 2682 3061 1
2723 3006 2887 3085 (ante
2915 3006 3055 3066 Chr.
3105 3018 3226 3063 nat.
3262 3004 3427 3079 423),
3462 3019 3606 3075 quum

2084 3112 2254 3149 nemo
2288 3095 2678 3169 voluptatibus
2713 3094 2831 3166 ejus
2879 3096 3294 3169 impedimento
3342 3103 3487 3163 esset,
3527 3091 3604 3141 vix

2085 3181 2200 3237 dici
2242 3193 2452 3257 potest,
2493 3193 2704 3255 quanta
2753 3182 3128 3240 adulatorum
3163 3201 3230 3239 ac
3269 3181 3597 3257 parasitorum

2083 3270 2390 3325 multitudo
2421 3270 2494 3326 ad
2516 3290 2647 3325 eum
2668 3268 3014 3327 confluxerit
3046 3272 3140 3350 (v.
3171 3268 3443 3327 Heracliti.
3463 3265 3597 3321 Pont-

2083 3378 2178 3433 ap.
2197 3360 2402 3418 Athen.
2424 3377 2585 3434 12,Ρ.
2602 3358 2740 3431 537,
2756 3361 2860 3433 B):
2883 3361 3280 3435 quibusquam
3291 3356 3424 3412 aedae
3435 3371 3597 3427 quam·

2081 3449 2166 3501 vis
2201 3448 2554 3520 amplissimae
2579 3466 2698 3502 non
2724 3445 3080 3519 sufficerent,
3117 3444 3398 3506 ἐκκενώσας
3435 3440 3488 3495 τὸ
3519 3459 3598 3493 τα-

2084 3532 2247 3607 μιεῖον
2261 3536 2368 3599 τοῖς
2387 3533 2655 3609 σοφισταῖς
2675 3530 2866 3599 ξενῶνα
2885 3532 3307 3592 κατεσκευάσατο
3331 3532 3348 3606 (
3367 3526 3592 3585 Themist-

2081 3623 2240 3678 Orat.
2293 3640 2390 3696 29,
2439 3641 2500 3696 p.
2555 3622 2695 3693 347,
2745 3624 2812 3697 C,
2861 3624 3178 3680 secundum
3217 3622 3356 3681 Plat.
3407 3616 3592 3684 Protag.

2079 3728 2140 3782 p.
2175 3708 2311 3781 482,
2344 3708 2456 3775 484
2501 3710 2706 3765 Heind.
2737 3710 2778 3784 ).
2821 3712 3013 3787 Ipsum
3057 3712 3204 3766 tibiis
3237 3709 3365 3765 scite
3387 3712 3592 3759 cantasse

2081 3796 2221 3855 dicit
2270 3796 2628 3855 Chamaeleon
2668 3800 2894 3853 Heracl.
2930 3818 3026 3873 ap.
3069 3799 3272 3857 Athen.
3311 3801 3362 3864 4,
3393 3810 3446 3865 p.
3487 3787 3588 3849 1851,

2077 3886 2150 3941 D.
2165 3886 2678 3959 Doctissimumque
2698 3886 2973 3959 praedicat
2989 3886 3307 3953 Macrobius
3332 3901 3382 3951 7,
3412 3898 3460 3947 1,
3477 3892 3586 3950 pro·

2080 3981 2208 4045 pter
2235 3982 2460 4046 gustum
2485 3973 2733 4046 aliquem
2757 3973 3120 4042 eruditionis,
3157 3976 3400 4029 haustum
3425 3984 3452 4020 e
3472 3979 3586 4017 con-

2075 4062 2393 4116 versatione
2420 4060 2744 4116 doctorum.
2766 4063 2966 4136 Neque
2987 4064 3341 4137 publicorum
3363 4054 3379 4128 (
3399 4054 3425 4083 ⁴²
3441 4050 3458 4125 )
3485 4045 3582 4103 Offi·

2077 4148 2300 4203 ciorum
2325 4150 2836 4223 prorsusimmunis
2849 4150 2979 4219 fuit,
3003 4161 3214 4226 praetor
3229 4142 3436 4219 quidem
3455 4151 3582 4191 exer-

2077 4236 2220 4291 citus
2244 4254 2372 4291 cum
2387 4236 2684 4308 Iphicrate·
2697 4238 2754 4292 in
2775 4238 2930 4295 bello
2945 4236 3304 4297 Corinthiaco
3323 4235 3340 4305 (
3356 4220 3578 4294 XenoPh·

2077 4326 2298 4381 Hellen.
2336 4330 2394 4397 4,
2421 4322 2476 4389 5,
2517 4324 2925 4401 133Ha1pocr.
2957 4346 3014 4387 v,
3044 4317 3309 4398 Ξενικόν),
3331 4315 3501 4389 (ΞῑΡῙΠ5
3514 4324 3578 4361 ⁵⁰·

2074 4414 2187 4468 mel
2209 4412 2584 4487 (postremum
2604 4416 2816 4487 olymp.
2833 4432 2933 4488 92,
2959 4435 3014 4488 2,
3043 4428 3170 4473 ante
3198 4412 3324 4472 Chr.
3343 4415 3442 4461 nat.
3461 4394 3572 4463 410}

2074 4500 2289 4576 legatus
2307 4502 2504 4555 missus
2518 4502 2675 4575 pacis
2699 4503 3066 4561 conciliandae
3087 4517 3250 4559 causa
3267 4496 3333 4553 ad
3351 4485 3569 4548 Lacedae-

2073 4590 2300 4643 monios
2321 4630 2337 4658 ,
2370 4608 2616 4663 quorum
2654 4610 2940 4663 proxenus
2977 4592 3142 4647 fuisse
3165 4584 3464 4665 perhibetur
3495 4590 3568 4642 al’·

2071 4677 2517 4751 Xenophontem
2538 4679 2771 4735 Conviv.
2800 4678 2858 4747 8,
2889 4678 2989 4753 39,
3012 4680 3224 4737 Hellen.
3255 4670 3307 4742 5,
3337 4676 3388 4735 4,
3414 4677 3502 4731 22;
3523 4656 3567 4723 6³

2077 4764 2130 4835 3,
2154 4772 2207 4830 4.
2232 4766 2495 4821 Ceterum
2515 4768 2750 4823 scurrile
2783 4769 2890 4823 viri
2914 4769 3197 4843 ingenium
3223 4780 3284 4819 ac
3314 4752 3566 4811 vanitatem

2075 4870 2378 4927 cognoscas
2403 4874 2430 4909 e
2447 4855 2848 4929 Xenophontis
2872 4856 3146 4917 Convivio
3171 4873 3224 4922 2,
3243 4868 3338 4916 203
3361 4843 3410 4909 3,
3436 4854 3494 4893 ¹⁰
3508 4836 3562 4899 ;!i

2137 5000 2156 5060 (
2172 4999 2198 5023 *
2219 5000 2236 5059 )
2267 4998 2486 5048 Daduchi
2511 5012 2710 5051 munere
2727 5016 2876 5067 prope
2894 5003 3178 5055 hereditario
3199 5000 3244 5047 in
3261 4990 3493 5059 calliarum·
3507 4976 3560 5066 sa:

2073 5068 2202 5117 milia
2230 5082 2342 5119 enm
2365 5082 2466 5119 esse
2493 5072 2710 5122 sunctum
2725 5109 2740 5133 ‚
2760 5077 3010 5126 memet-im
3035 5067 3325 5139 prodiderunt
3342 5047 3558 5110 Audocrdst*

2073 5152 2120 5199 p.
2157 5146 2264 5201 119,
2293 5143 2344 5190 et
2367 5144 2632 5205 xenophon
2661 5148 2843 5195 Hellen.
2885 5155 2932 5207 6,
2962 5156 3009 5209 3,
3056 5156 3102 5203 3,
3125 5140 3308 5197 conviv.
3339 5138 3379 5187 8,
3414 5130 3479 5179 ⁴⁰2
3518 5116 3558 5159 '¹¹

2029 5206 2036 5253 l
2076 5212 2216 5260 Mein.
2245 5214 2508 5263 annotavit.
