<?xml version="1.0" encoding="UTF-8"?>
<!DOCTYPE html PUBLIC "-//W3C//DTD XHTML 1.0 Transitional//EN"
    "http://www.w3.org/TR/xhtml1/DTD/xhtml1-transitional.dtd">
<html xmlns="http://www.w3.org/1999/xhtml" xml:lang="en" lang="en">
 <head>
  <title>
</title>
<meta http-equiv="Content-Type" content="text/html;charset=utf-8" />
  <meta name='ocr-system' content='tesseract 3.04.00' />
  <meta name='ocr-capabilities' content='ocr_page ocr_carea ocr_par ocr_line ocrx_word'/>
</head>
<body>
  <div class='ocr_page' id='page_1' title='image "./poetarumcomicor01hunzgoog_0025.png"; bbox 0 0 3809 5850; ppageno 0'>
   <div class='ocr_carea' id='block_1_1' title="bbox 1571 415 3379 484">
    <p class='ocr_par' dir='ltr' id='par_1_1' title="bbox 1571 415 3379 484">
     <span class='ocr_line' id='line_1_1' title="bbox 1571 415 3379 484; baseline 0.004 -8"><span class='ocrx_word' id='word_1_1' title='bbox 1571 415 1802 476; x_wconf 82' lang='lat' dir='ltr'><strong>CRATI</strong></span> <span class='ocrx_word' id='word_1_2' title='bbox 1811 415 1959 478; x_wconf 79' lang='lat' dir='ltr'><strong>Nus</strong></span> <span class='ocrx_word' id='word_1_3' title='bbox 1974 461 1987 475; x_wconf 96' lang='lat'><strong>.</strong></span> <span class='ocrx_word' id='word_1_4' title='bbox 3346 438 3379 484; x_wconf 84' lang='grc'><strong>7</strong></span> 
     </span>
    </p>
   </div>
   <div class='ocr_carea' id='block_1_2' title="bbox 147 541 1739 2112">
    <p class='ocr_par' dir='ltr' id='par_1_2' title="bbox 147 541 1739 2112">
     <span class='ocr_line' id='line_1_2' title="bbox 153 541 1727 622; baseline -0.001 -18"><span class='ocrx_word' id='word_1_5' title='bbox 153 545 364 622; x_wconf 82' lang='grc' dir='ltr'>κώδιον,</span> <span class='ocrx_word' id='word_1_6' title='bbox 405 541 548 602; x_wconf 74' lang='grc' dir='ltr'>ὥστε</span> <span class='ocrx_word' id='word_1_7' title='bbox 589 563 694 618; x_wconf 83' lang='grc' dir='ltr'><strong>μου</strong></span> <span class='ocrx_word' id='word_1_8' title='bbox 735 542 1006 621; x_wconf 81' lang='grc' dir='ltr'>κατουρεῖν</span> <span class='ocrx_word' id='word_1_9' title='bbox 1043 541 1256 613; x_wconf 78' lang='grc' dir='ltr'>ἐκεῖνον,</span> <span class='ocrx_word' id='word_1_10' title='bbox 1297 544 1342 600; x_wconf 86' lang='grc' dir='ltr'>εἱ</span> <span class='ocrx_word' id='word_1_11' title='bbox 1379 541 1456 618; x_wconf 82' lang='grc' dir='ltr'><strong>μή</strong></span> <span class='ocrx_word' id='word_1_12' title='bbox 1485 565 1544 600; x_wconf 84' lang='grc' dir='ltr'><strong>σε</strong></span> <span class='ocrx_word' id='word_1_13' title='bbox 1568 545 1727 619; x_wconf 89' lang='grc' dir='ltr'>μισῶ.</span> 
     </span>
     <span class='ocr_line' id='line_1_3' title="bbox 157 632 1728 706; baseline -0.002 -17"><span class='ocrx_word' id='word_1_14' title='bbox 157 637 342 690; x_wconf 75' lang='lat' dir='ltr'><strong>Etiam</strong></span> <span class='ocrx_word' id='word_1_15' title='bbox 369 633 650 690; x_wconf 79' lang='lat' dir='ltr'><strong>Horatius</strong></span> <span class='ocrx_word' id='word_1_16' title='bbox 677 632 860 706; x_wconf 86' lang='lat' dir='ltr'><strong>Epist.</strong></span> <span class='ocrx_word' id='word_1_17' title='bbox 893 633 944 701; x_wconf 88' lang='lat'><strong>1,</strong></span> <span class='ocrx_word' id='word_1_18' title='bbox 979 650 1074 706; x_wconf 85' lang='lat'><strong>19,</strong></span> <span class='ocrx_word' id='word_1_19' title='bbox 1113 649 1134 686; x_wconf 83' lang='lat'>1</span> <span class='ocrx_word' id='word_1_20' title='bbox 1179 647 1195 688; x_wconf 74' lang='grc' dir='ltr'><strong><em>ε</em></strong></span> <span class='ocrx_word' id='word_1_21' title='bbox 1228 633 1418 686; x_wconf 80' lang='lat' dir='ltr'><strong>Prisco</strong></span> <span class='ocrx_word' id='word_1_22' title='bbox 1445 637 1496 686; x_wconf 81' lang='lat' dir='ltr'><strong>si</strong></span> <span class='ocrx_word' id='word_1_23' title='bbox 1519 633 1728 702; x_wconf 68' lang='lat' dir='ltr'><strong>cerdis,</strong></span> 
     </span>
     <span class='ocr_line' id='line_1_4' title="bbox 153 719 1732 791; baseline -0.004 -13"><span class='ocrx_word' id='word_1_24' title='bbox 153 724 454 778; x_wconf 77' lang='lat' dir='ltr'><strong>Moecenas</strong></span> <span class='ocrx_word' id='word_1_25' title='bbox 497 721 684 789; x_wconf 77' lang='lat' dir='ltr'><strong>docte,</strong></span> <span class='ocrx_word' id='word_1_26' title='bbox 727 719 980 784; x_wconf 64' lang='lat' dir='ltr'><strong>Cratino,</strong></span> <span class='ocrx_word' id='word_1_27' title='bbox 1019 720 1196 774; x_wconf 82' lang='lat' dir='ltr'><strong>Nulla</strong></span> <span class='ocrx_word' id='word_1_28' title='bbox 1239 721 1470 791; x_wconf 75' lang='lat' dir='ltr'><strong>placere</strong></span> <span class='ocrx_word' id='word_1_29' title='bbox 1504 719 1602 774; x_wconf 79' lang='lat' dir='ltr'><strong>diu</strong></span> <span class='ocrx_word' id='word_1_30' title='bbox 1629 737 1732 773; x_wconf 77' lang='lat' dir='ltr'><strong>nec</strong></span> 
     </span>
     <span class='ocr_line' id='line_1_5' title="bbox 153 806 1734 880; baseline -0.001 -17"><span class='ocrx_word' id='word_1_31' title='bbox 153 811 348 866; x_wconf 58' lang='lat' dir='ltr'><strong>visere</strong></span> <span class='ocrx_word' id='word_1_32' title='bbox 398 813 663 864; x_wconf 76' lang='lat' dir='ltr'><strong>carmina</strong></span> <span class='ocrx_word' id='word_1_33' title='bbox 712 817 974 880; x_wconf 61' lang='lat' dir='ltr'><strong>fao-esunt,</strong></span> <span class='ocrx_word' id='word_1_34' title='bbox 1019 806 1166 876; x_wconf 78' lang='lat' dir='ltr'><strong>Quoe</strong></span> <span class='ocrx_word' id='word_1_35' title='bbox 1221 807 1534 862; x_wconf 81' lang='lat' dir='ltr'><strong>scribuntur</strong></span> <span class='ocrx_word' id='word_1_36' title='bbox 1564 825 1734 880; x_wconf 79' lang='lat' dir='ltr'><strong>aquoe</strong></span> 
     </span>
     <span class='ocr_line' id='line_1_6' title="bbox 147 892 1736 970; baseline -0.001 -20"><span class='ocrx_word' id='word_1_37' title='bbox 147 897 463 970; x_wconf 76' lang='lat' dir='ltr'><strong>potoribus.</strong></span> <span class='ocrx_word' id='word_1_38' title='bbox 496 924 580 938; x_wconf 93' lang='lat'><strong>—-</strong></span> <span class='ocrx_word' id='word_1_39' title='bbox 615 918 642 942; x_wconf 75' lang='lat'><strong>«-</strong></span> <span class='ocrx_word' id='word_1_40' title='bbox 673 893 923 952; x_wconf 80' lang='lat' dir='ltr'><strong>Fabulas</strong></span> <span class='ocrx_word' id='word_1_41' title='bbox 961 893 1056 949; x_wconf 90' lang='lat' dir='ltr'><strong>Cr.</strong></span> <span class='ocrx_word' id='word_1_42' title='bbox 1099 892 1364 950; x_wconf 72' lang='lat' dir='ltr'><strong>docuisse</strong></span> <span class='ocrx_word' id='word_1_43' title='bbox 1397 893 1736 968; x_wconf 85' lang='lat' dir='ltr'>perhibetur</span> 
     </span>
     <span class='ocr_line' id='line_1_7' title="bbox 153 979 1735 1058; baseline -0.001 -18"><span class='ocrx_word' id='word_1_44' title='bbox 153 1001 332 1039; x_wconf 86' lang='lat' dir='ltr'><strong>unam</strong></span> <span class='ocrx_word' id='word_1_45' title='bbox 358 994 420 1040; x_wconf 88' lang='lat' dir='ltr'><strong>et</strong></span> <span class='ocrx_word' id='word_1_46' title='bbox 437 981 678 1056; x_wconf 74' lang='lat' dir='ltr'><strong>viginti,</strong></span> <span class='ocrx_word' id='word_1_47' title='bbox 707 980 944 1036; x_wconf 82' lang='lat' dir='ltr'><strong>testibus</strong></span> <span class='ocrx_word' id='word_1_48' title='bbox 977 979 1157 1036; x_wconf 81' lang='lat' dir='ltr'><strong>Suida</strong></span> <span class='ocrx_word' id='word_1_49' title='bbox 1181 998 1241 1035; x_wconf 78' lang='lat' dir='ltr'><strong>v.</strong></span> <span class='ocrx_word' id='word_1_50' title='bbox 1283 981 1572 1058; x_wconf 84' lang='grc' dir='ltr'>Κρατῖνος,</span> <span class='ocrx_word' id='word_1_51' title='bbox 1617 983 1735 1038; x_wconf 86' lang='lat' dir='ltr'><strong>Eu-</strong></span> 
     </span>
     <span class='ocr_line' id='line_1_8' title="bbox 156 1069 1734 1145; baseline -0.001 -19"><span class='ocrx_word' id='word_1_52' title='bbox 156 1073 332 1126; x_wconf 80' lang='lat' dir='ltr'><strong>docia</strong></span> <span class='ocrx_word' id='word_1_53' title='bbox 372 1090 438 1145; x_wconf 87' lang='lat' dir='ltr'><strong>p.</strong></span> <span class='ocrx_word' id='word_1_54' title='bbox 474 1088 612 1140; x_wconf 74' lang='lat'><strong>271,</strong></span> <span class='ocrx_word' id='word_1_55' title='bbox 648 1079 710 1124; x_wconf 86' lang='lat' dir='ltr'><strong>et</strong></span> <span class='ocrx_word' id='word_1_56' title='bbox 761 1070 1068 1141; x_wconf 77' lang='lat' dir='ltr'><strong>Anonymo</strong></span> <span class='ocrx_word' id='word_1_57' title='bbox 1097 1069 1185 1124; x_wconf 91' lang='lat' dir='ltr'><strong>De</strong></span> <span class='ocrx_word' id='word_1_58' title='bbox 1211 1085 1363 1128; x_wconf 92' lang='lat' dir='ltr'><strong>com.</strong></span> <span class='ocrx_word' id='word_1_59' title='bbox 1387 1087 1450 1144; x_wconf 91' lang='lat' dir='ltr'><strong>p.</strong></span> <span class='ocrx_word' id='word_1_60' title='bbox 1482 1087 1617 1139; x_wconf 75' lang='lat' dir='ltr'><strong>xvr,</strong></span> <span class='ocrx_word' id='word_1_61' title='bbox 1647 1071 1734 1124; x_wconf 81' lang='lat' dir='ltr'><strong>vi-</strong></span> 
     </span>
     <span class='ocr_line' id='line_1_9' title="bbox 153 1157 1736 1230; baseline 0 -16"><span class='ocrx_word' id='word_1_62' title='bbox 153 1160 406 1214; x_wconf 80' lang='lat' dir='ltr'><strong>ctoriam</strong></span> <span class='ocrx_word' id='word_1_63' title='bbox 437 1168 634 1212; x_wconf 76' lang='lat' dir='ltr'><strong>autem</strong></span> <span class='ocrx_word' id='word_1_64' title='bbox 659 1157 724 1210; x_wconf 89' lang='lat' dir='ltr'><strong>in</strong></span> <span class='ocrx_word' id='word_1_65' title='bbox 753 1165 1058 1230; x_wconf 82' lang='lat' dir='ltr'><strong>poetarum</strong></span> <span class='ocrx_word' id='word_1_66' title='bbox 1091 1157 1498 1212; x_wconf 71' lang='lat' dir='ltr'><strong>certaminibus</strong></span> <span class='ocrx_word' id='word_1_67' title='bbox 1537 1159 1736 1214; x_wconf 79' lang='lat' dir='ltr'><strong>novies</strong></span> 
     </span>
     <span class='ocr_line' id='line_1_10' title="bbox 153 1241 1736 1323; baseline -0.001 -21"><span class='ocrx_word' id='word_1_68' title='bbox 153 1247 544 1321; x_wconf 72' lang='lat' dir='ltr'><strong>reportavisse</strong></span> <span class='ocrx_word' id='word_1_69' title='bbox 582 1243 673 1319; x_wconf 79' lang='lat' dir='ltr'><strong>(v.</strong></span> <span class='ocrx_word' id='word_1_70' title='bbox 729 1241 928 1312; x_wconf 64' lang='lat' dir='ltr'><strong>said„</strong></span> <span class='ocrx_word' id='word_1_71' title='bbox 981 1243 1278 1320; x_wconf 60' lang='lat' dir='ltr'><strong>liudem),</strong></span> <span class='ocrx_word' id='word_1_72' title='bbox 1317 1247 1736 1323; x_wconf 71' lang='grc' dir='ltr'>πρυπαγωνιστῇ</span> 
     </span>
     <span class='ocr_line' id='line_1_11' title="bbox 153 1331 1730 1410; baseline -0.001 -20"><span class='ocrx_word' id='word_1_73' title='bbox 153 1353 296 1390; x_wconf 85' lang='lat' dir='ltr'><strong>usus</strong></span> <span class='ocrx_word' id='word_1_74' title='bbox 349 1333 580 1390; x_wconf 85' lang='lat' dir='ltr'><strong>Cratete</strong></span> <span class='ocrx_word' id='word_1_75' title='bbox 637 1333 729 1404; x_wconf 81' lang='lat' dir='ltr'><strong>(v.</strong></span> <span class='ocrx_word' id='word_1_76' title='bbox 781 1332 960 1390; x_wconf 87' lang='lat' dir='ltr'><strong>schol.</strong></span> <span class='ocrx_word' id='word_1_77' title='bbox 1013 1334 1308 1408; x_wconf 83' lang='lat' dir='ltr'><strong>Aristopb.</strong></span> <span class='ocrx_word' id='word_1_78' title='bbox 1381 1335 1490 1407; x_wconf 88' lang='lat' dir='ltr'><strong>Eq.</strong></span> <span class='ocrx_word' id='word_1_79' title='bbox 1561 1331 1730 1410; x_wconf 87' lang='grc'><strong>499).</strong></span> 
     </span>
     <span class='ocr_line' id='line_1_12' title="bbox 155 1421 1736 1496; baseline -0.002 -16"><span class='ocrx_word' id='word_1_80' title='bbox 155 1425 659 1480; x_wconf 80' lang='lat' dir='ltr'><strong>commentatores</strong></span> <span class='ocrx_word' id='word_1_81' title='bbox 705 1431 912 1476; x_wconf 82' lang='lat' dir='ltr'><strong>nactus</strong></span> <span class='ocrx_word' id='word_1_82' title='bbox 951 1432 1038 1476; x_wconf 86' lang='lat' dir='ltr'><strong>est</strong></span> <span class='ocrx_word' id='word_1_83' title='bbox 1077 1421 1462 1478; x_wconf 80' lang='lat' dir='ltr'><strong>Callistratum</strong></span> <span class='ocrx_word' id='word_1_84' title='bbox 1475 1463 1493 1496; x_wconf 86' lang='lat'><strong>,</strong></span> <span class='ocrx_word' id='word_1_85' title='bbox 1537 1422 1736 1478; x_wconf 85' lang='lat' dir='ltr'><strong>Ascle-</strong></span> 
     </span>
     <span class='ocr_line' id='line_1_13' title="bbox 153 1508 1733 1587; baseline -0.002 -19"><span class='ocrx_word' id='word_1_86' title='bbox 153 1512 392 1587; x_wconf 83' lang='lat' dir='ltr'><strong>piadem</strong></span> <span class='ocrx_word' id='word_1_87' title='bbox 409 1512 766 1584; x_wconf 76' lang='lat' dir='ltr'><strong>Myrleanum</strong></span> <span class='ocrx_word' id='word_1_88' title='bbox 789 1509 878 1586; x_wconf 76' lang='lat' dir='ltr'><strong>(v.</strong></span> <span class='ocrx_word' id='word_1_89' title='bbox 895 1510 1104 1567; x_wconf 81' lang='lat' dir='ltr'><strong>Athen.</strong></span> <span class='ocrx_word' id='word_1_90' title='bbox 1135 1528 1158 1564; x_wconf 86' lang='lat'>1</span> <span class='ocrx_word' id='word_1_91' title='bbox 1175 1529 1227 1580; x_wconf 86' lang='lat'><strong>1,</strong></span> <span class='ocrx_word' id='word_1_92' title='bbox 1255 1529 1318 1586; x_wconf 90' lang='lat' dir='ltr'><strong>p.</strong></span> <span class='ocrx_word' id='word_1_93' title='bbox 1345 1509 1456 1575; x_wconf 86' lang='grc'><strong>465</strong></span> <span class='ocrx_word' id='word_1_94' title='bbox 1481 1521 1538 1566; x_wconf 87' lang='lat' dir='ltr'><strong>et</strong></span> <span class='ocrx_word' id='word_1_95' title='bbox 1562 1508 1668 1566; x_wconf 83' lang='lat'><strong>501</strong></span> <span class='ocrx_word' id='word_1_96' title='bbox 1687 1508 1733 1586; x_wconf 86' lang='lat'><strong>),</strong></span> 
     </span>
     <span class='ocr_line' id='line_1_14' title="bbox 156 1597 1736 1674; baseline -0.002 -18"><span class='ocrx_word' id='word_1_97' title='bbox 156 1599 610 1674; x_wconf 76' lang='lat' dir='ltr'><strong>Lycophronem</strong></span> <span class='ocrx_word' id='word_1_98' title='bbox 635 1599 698 1652; x_wconf 88' lang='lat' dir='ltr'><strong>in</strong></span> <span class='ocrx_word' id='word_1_99' title='bbox 723 1597 887 1652; x_wconf 85' lang='lat' dir='ltr'><strong>libris</strong></span> <span class='ocrx_word' id='word_1_100' title='bbox 903 1599 990 1652; x_wconf 88' lang='lat' dir='ltr'><strong>De</strong></span> <span class='ocrx_word' id='word_1_101' title='bbox 1017 1597 1334 1666; x_wconf 82' lang='lat' dir='ltr'><strong>comoedia,</strong></span> <span class='ocrx_word' id='word_1_102' title='bbox 1364 1608 1425 1654; x_wconf 87' lang='lat' dir='ltr'><strong>et</strong></span> <span class='ocrx_word' id='word_1_103' title='bbox 1457 1597 1736 1656; x_wconf 75' lang='lat' dir='ltr'><strong>Galenum</strong></span> 
     </span>
     <span class='ocr_line' id='line_1_15' title="bbox 155 1682 1736 1763; baseline 0.001 -23"><span class='ocrx_word' id='word_1_104' title='bbox 155 1689 282 1762; x_wconf 85' lang='lat' dir='ltr'><strong>ipso</strong></span> <span class='ocrx_word' id='word_1_105' title='bbox 294 1697 438 1743; x_wconf 70' lang='lat' dir='ltr'><strong>teste</strong></span> <span class='ocrx_word' id='word_1_106' title='bbox 461 1687 525 1740; x_wconf 88' lang='lat' dir='ltr'><strong>in</strong></span> <span class='ocrx_word' id='word_1_107' title='bbox 549 1685 777 1742; x_wconf 88' lang='lat' dir='ltr'><strong>duobus</strong></span> <span class='ocrx_word' id='word_1_108' title='bbox 805 1685 970 1741; x_wconf 88' lang='lat' dir='ltr'><strong>libris</strong></span> <span class='ocrx_word' id='word_1_109' title='bbox 991 1686 1282 1760; x_wconf 75' lang='lat' dir='ltr'><strong>inscriptis</strong></span> <span class='ocrx_word' id='word_1_110' title='bbox 1297 1682 1384 1743; x_wconf 76' lang='grc' dir='ltr'><strong>Τὰ</strong></span> <span class='ocrx_word' id='word_1_111' title='bbox 1411 1682 1560 1762; x_wconf 73' lang='grc' dir='ltr'>παρὰ</span> <span class='ocrx_word' id='word_1_112' title='bbox 1581 1686 1736 1763; x_wconf 79' lang='grc' dir='ltr'>Κρα-</span> 
     </span>
     <span class='ocr_line' id='line_1_16' title="bbox 153 1770 1738 1852; baseline 0 -22"><span class='ocrx_word' id='word_1_113' title='bbox 153 1773 282 1852; x_wconf 74' lang='grc' dir='ltr'>τίνῳ</span> <span class='ocrx_word' id='word_1_114' title='bbox 305 1770 558 1831; x_wconf 74' lang='grc' dir='ltr'>πολιτικὰ</span> <span class='ocrx_word' id='word_1_115' title='bbox 573 1771 832 1848; x_wconf 82' lang='grc' dir='ltr'>ὀνόματα.</span> <span class='ocrx_word' id='word_1_116' title='bbox 847 1775 934 1828; x_wconf 72' lang='grc' dir='ltr'>υΕ</span> <span class='ocrx_word' id='word_1_117' title='bbox 955 1775 1136 1829; x_wconf 78' lang='grc' dir='ltr'><strong>Μεὶη.</strong></span> <span class='ocrx_word' id='word_1_118' title='bbox 1163 1777 1252 1832; x_wconf 88' lang='lat' dir='ltr'><strong>De</strong></span> <span class='ocrx_word' id='word_1_119' title='bbox 1274 1775 1506 1848; x_wconf 79' lang='lat' dir='ltr'><strong>ingenio</strong></span> <span class='ocrx_word' id='word_1_120' title='bbox 1521 1774 1738 1832; x_wconf 76' lang='lat' dir='ltr'><strong>Cratini</strong></span> 
     </span>
     <span class='ocr_line' id='line_1_17' title="bbox 157 1861 1738 1938; baseline -0.001 -20"><span class='ocrx_word' id='word_1_121' title='bbox 157 1862 498 1919; x_wconf 74' lang='lat' dir='ltr'><strong>dissentiens</strong></span> <span class='ocrx_word' id='word_1_122' title='bbox 515 1879 552 1916; x_wconf 79' lang='lat' dir='ltr'><strong>a</strong></span> <span class='ocrx_word' id='word_1_123' title='bbox 577 1861 846 1917; x_wconf 86' lang='lat' dir='ltr'><strong>Platonio</strong></span> <span class='ocrx_word' id='word_1_124' title='bbox 869 1864 1203 1935; x_wconf 78' lang='lat' dir='ltr'><strong>Anonymus</strong></span> <span class='ocrx_word' id='word_1_125' title='bbox 1228 1864 1316 1920; x_wconf 92' lang='lat' dir='ltr'><strong>De</strong></span> <span class='ocrx_word' id='word_1_126' title='bbox 1343 1881 1496 1921; x_wconf 90' lang='lat' dir='ltr'><strong>com.</strong></span> <span class='ocrx_word' id='word_1_127' title='bbox 1530 1881 1590 1936; x_wconf 87' lang='lat' dir='ltr'><strong>p.</strong></span> <span class='ocrx_word' id='word_1_128' title='bbox 1611 1880 1738 1938; x_wconf 75' lang='lat' dir='ltr'><strong>xvr,</strong></span> 
     </span>
     <span class='ocr_line' id='line_1_18' title="bbox 157 1947 1739 2024; baseline -0.001 -18"><span class='ocrx_word' id='word_1_129' title='bbox 157 1961 470 2024; x_wconf 84' lang='lat' dir='ltr'><strong>postquam</strong></span> <span class='ocrx_word' id='word_1_130' title='bbox 495 1947 702 2005; x_wconf 86' lang='lat' dir='ltr'><strong>rudem</strong></span> <span class='ocrx_word' id='word_1_131' title='bbox 743 1949 1138 2022; x_wconf 79' lang='lat' dir='ltr'><strong>antiquiorum</strong></span> <span class='ocrx_word' id='word_1_132' title='bbox 1171 1949 1528 2005; x_wconf 86' lang='lat' dir='ltr'><strong>comicorum</strong></span> <span class='ocrx_word' id='word_1_133' title='bbox 1557 1949 1739 2006; x_wconf 79' lang='lat' dir='ltr'><strong>ratio—</strong></span> 
     </span>
     <span class='ocr_line' id='line_1_19' title="bbox 156 2033 1738 2112; baseline 0.001 -21"><span class='ocrx_word' id='word_1_134' title='bbox 156 2055 294 2094; x_wconf 87' lang='lat' dir='ltr'><strong>nem</strong></span> <span class='ocrx_word' id='word_1_135' title='bbox 329 2038 552 2112; x_wconf 74' lang='lat' dir='ltr'><strong>attigit,</strong></span> <span class='ocrx_word' id='word_1_136' title='bbox 587 2037 674 2092; x_wconf 80' lang='lat' dir='ltr'><strong>ita</strong></span> <span class='ocrx_word' id='word_1_137' title='bbox 703 2037 898 2112; x_wconf 85' lang='lat' dir='ltr'><strong>pergit</strong></span> <span class='ocrx_word' id='word_1_138' title='bbox 931 2055 944 2090; x_wconf 75' lang='lat'>2</span> <span class='ocrx_word' id='word_1_139' title='bbox 979 2033 1380 2112; x_wconf 81' lang='grc' dir='ltr'>Ἐπιγενόμενος</span> <span class='ocrx_word' id='word_1_140' title='bbox 1403 2033 1460 2094; x_wconf 70' lang='grc' dir='ltr'><strong>δὲ</strong></span> <span class='ocrx_word' id='word_1_141' title='bbox 1481 2038 1512 2093; x_wconf 84' lang='grc'><strong>6</strong></span> <span class='ocrx_word' id='word_1_142' title='bbox 1538 2037 1738 2112; x_wconf 82' lang='grc' dir='ltr'>Κρατῖ-</span> 
     </span>
    </p>
   </div>
   <div class='ocr_carea' id='block_1_3' title="bbox 159 2115 1786 2203">
    <p class='ocr_par' dir='ltr' id='par_1_3' title="bbox 159 2115 1786 2203">
     <span class='ocr_line' id='line_1_20' title="bbox 159 2115 1786 2203; baseline -0.002 -21"><span class='ocrx_word' id='word_1_143' title='bbox 159 2146 244 2190; x_wconf 87' lang='grc' dir='ltr'><strong>νος</strong></span> <span class='ocrx_word' id='word_1_144' title='bbox 264 2123 564 2194; x_wconf 64' lang='grc' dir='ltr'>κατέστησε</span> <span class='ocrx_word' id='word_1_145' title='bbox 583 2115 680 2198; x_wconf 66' lang='grc' dir='ltr'>μὲν</span> <span class='ocrx_word' id='word_1_146' title='bbox 709 2125 918 2202; x_wconf 77' lang='grc' dir='ltr'>πρῶτον</span> <span class='ocrx_word' id='word_1_147' title='bbox 941 2121 1008 2180; x_wconf 84' lang='grc' dir='ltr'>τὰ</span> <span class='ocrx_word' id='word_1_148' title='bbox 1030 2125 1086 2182; x_wconf 84' lang='grc' dir='ltr'><strong>ἐν</strong></span> <span class='ocrx_word' id='word_1_149' title='bbox 1105 2125 1172 2202; x_wconf 79' lang='grc' dir='ltr'>τῇ</span> <span class='ocrx_word' id='word_1_150' title='bbox 1191 2121 1448 2202; x_wconf 76' lang='grc' dir='ltr'>κωμῳδία</span> <span class='ocrx_word' id='word_1_151' title='bbox 1477 2121 1739 2203; x_wconf 83' lang='grc' dir='ltr'>πρόσωπα</span> <span class='ocrx_word' id='word_1_152' title='bbox 1781 2162 1786 2185; x_wconf 89' lang='grc'>.</span> 
     </span>
    </p>
   </div>
   <div class='ocr_carea' id='block_1_4' title="bbox 159 2208 1749 4740">
    <p class='ocr_par' dir='ltr' id='par_1_4' title="bbox 159 2208 1749 4740">
     <span class='ocr_line' id='line_1_21' title="bbox 163 2208 1740 2290; baseline 0 -22"><span class='ocrx_word' id='word_1_153' title='bbox 163 2211 366 2290; x_wconf 82' lang='grc' dir='ltr'>[μέχρι</span> <span class='ocrx_word' id='word_1_154' title='bbox 391 2209 615 2289; x_wconf 83' lang='grc' dir='ltr'>τριῶν],</span> <span class='ocrx_word' id='word_1_155' title='bbox 645 2209 917 2280; x_wconf 74' lang='grc' dir='ltr'>συστήσας</span> <span class='ocrx_word' id='word_1_156' title='bbox 933 2212 1000 2286; x_wconf 80' lang='grc' dir='ltr'>τῇ</span> <span class='ocrx_word' id='word_1_157' title='bbox 1025 2208 1214 2289; x_wconf 70' lang='grc' dir='ltr'>ἀταξίᾳ</span> <span class='ocrx_word' id='word_1_158' title='bbox 1232 2255 1250 2286; x_wconf 88' lang='grc'><strong>,</strong></span> <span class='ocrx_word' id='word_1_159' title='bbox 1282 2209 1373 2268; x_wconf 82' lang='grc' dir='ltr'><strong>καὶ</strong></span> <span class='ocrx_word' id='word_1_160' title='bbox 1401 2213 1480 2287; x_wconf 79' lang='grc' dir='ltr'>τῷ</span> <span class='ocrx_word' id='word_1_161' title='bbox 1503 2209 1740 2290; x_wconf 78' lang='grc' dir='ltr'><strong>χαρίεντι</strong></span> 
     </span>
     <span class='ocr_line' id='line_1_22' title="bbox 161 2295 1736 2378; baseline 0.001 -22"><span class='ocrx_word' id='word_1_162' title='bbox 161 2298 294 2376; x_wconf 79' lang='grc' dir='ltr'>[τῆς</span> <span class='ocrx_word' id='word_1_163' title='bbox 310 2295 630 2378; x_wconf 72' lang='grc' dir='ltr'>κωμῳδίας]</span> <span class='ocrx_word' id='word_1_164' title='bbox 659 2296 722 2355; x_wconf 81' lang='grc' dir='ltr'>τὸ</span> <span class='ocrx_word' id='word_1_165' title='bbox 747 2295 1012 2378; x_wconf 75' lang='grc' dir='ltr'>ὠφέλιμον</span> <span class='ocrx_word' id='word_1_166' title='bbox 1033 2298 1390 2378; x_wconf 77' lang='grc' dir='ltr'>προστίθηκε,</span> <span class='ocrx_word' id='word_1_167' title='bbox 1415 2297 1534 2366; x_wconf 75' lang='grc' dir='ltr'>τοὺς</span> <span class='ocrx_word' id='word_1_168' title='bbox 1557 2299 1736 2366; x_wconf 84' lang='grc' dir='ltr'>κακῶς</span> 
     </span>
     <span class='ocr_line' id='line_1_23' title="bbox 161 2382 1740 2465; baseline 0.001 -23"><span class='ocrx_word' id='word_1_169' title='bbox 161 2384 492 2464; x_wconf 75' lang='grc' dir='ltr'>πράττοντας</span> <span class='ocrx_word' id='word_1_170' title='bbox 535 2382 838 2442; x_wconf 77' lang='grc' dir='ltr'>διαὸάλλων</span> <span class='ocrx_word' id='word_1_171' title='bbox 881 2385 976 2443; x_wconf 74' lang='grc' dir='ltr'><strong>καὶ</strong></span> <span class='ocrx_word' id='word_1_172' title='bbox 1014 2385 1194 2465; x_wconf 78' lang='grc' dir='ltr'>ὥσπερ</span> <span class='ocrx_word' id='word_1_173' title='bbox 1241 2387 1472 2464; x_wconf 72' lang='grc' dir='ltr'>δημοσίᾳ</span> <span class='ocrx_word' id='word_1_174' title='bbox 1521 2384 1740 2464; x_wconf 77' lang='grc' dir='ltr'>μάστιγι</span> 
     </span>
     <span class='ocr_line' id='line_1_24' title="bbox 159 2469 1739 2552; baseline 0.001 -22"><span class='ocrx_word' id='word_1_175' title='bbox 159 2475 256 2542; x_wconf 78' lang='grc' dir='ltr'>τῆς</span> <span class='ocrx_word' id='word_1_176' title='bbox 277 2469 566 2552; x_wconf 80' lang='grc' dir='ltr'>κωμῳδίας</span> <span class='ocrx_word' id='word_1_177' title='bbox 603 2470 862 2540; x_wconf 80' lang='grc' dir='ltr'>κολάζων.</span> <span class='ocrx_word' id='word_1_178' title='bbox 895 2475 964 2528; x_wconf 91' lang='lat' dir='ltr'><strong>In</strong></span> <span class='ocrx_word' id='word_1_179' title='bbox 1001 2474 1090 2529; x_wconf 86' lang='lat' dir='ltr'><strong>his</strong></span> <span class='ocrx_word' id='word_1_180' title='bbox 1127 2476 1336 2531; x_wconf 88' lang='lat' dir='ltr'><strong>soloece</strong></span> <span class='ocrx_word' id='word_1_181' title='bbox 1365 2475 1538 2531; x_wconf 86' lang='lat' dir='ltr'><strong>codd.</strong></span> <span class='ocrx_word' id='word_1_182' title='bbox 1584 2473 1739 2532; x_wconf 80' lang='grc' dir='ltr'>κατέ-</span> 
     </span>
     <span class='ocr_line' id='line_1_25' title="bbox 162 2557 1742 2638; baseline 0 -19"><span class='ocrx_word' id='word_1_183' title='bbox 162 2581 330 2630; x_wconf 77' lang='grc' dir='ltr'>στησε</span> <span class='ocrx_word' id='word_1_184' title='bbox 363 2593 436 2605; x_wconf 93' lang='lat'><strong>—-</strong></span> <span class='ocrx_word' id='word_1_185' title='bbox 475 2557 636 2638; x_wconf 71' lang='grc' dir='ltr'>μέχρι</span> <span class='ocrx_word' id='word_1_186' title='bbox 665 2559 844 2638; x_wconf 87' lang='grc' dir='ltr'>τριῶν,</span> <span class='ocrx_word' id='word_1_187' title='bbox 881 2563 1022 2616; x_wconf 88' lang='lat' dir='ltr'><strong>item</strong></span> <span class='ocrx_word' id='word_1_188' title='bbox 1061 2559 1326 2631; x_wconf 78' lang='grc' dir='ltr'>συστήσας</span> <span class='ocrx_word' id='word_1_189' title='bbox 1360 2557 1458 2632; x_wconf 76' lang='grc' dir='ltr'><strong>τὴν</strong></span> <span class='ocrx_word' id='word_1_190' title='bbox 1503 2559 1742 2636; x_wconf 79' lang='grc' dir='ltr'>ἀταξίαν,</span> 
     </span>
     <span class='ocr_line' id='line_1_26' title="bbox 163 2645 1744 2728; baseline 0.002 -23"><span class='ocrx_word' id='word_1_191' title='bbox 163 2669 298 2705; x_wconf 87' lang='lat' dir='ltr'><strong>cum</strong></span> <span class='ocrx_word' id='word_1_192' title='bbox 345 2667 496 2724; x_wconf 83' lang='lat' dir='ltr'><strong>opus</strong></span> <span class='ocrx_word' id='word_1_193' title='bbox 534 2649 608 2704; x_wconf 88' lang='lat' dir='ltr'><strong>sit</strong></span> <span class='ocrx_word' id='word_1_194' title='bbox 657 2648 953 2706; x_wconf 84' lang='lat' dir='ltr'><strong>contrario</strong></span> <span class='ocrx_word' id='word_1_195' title='bbox 1009 2669 1063 2709; x_wconf 89' lang='grc' dir='ltr'><strong>σ.</strong></span> <span class='ocrx_word' id='word_1_196' title='bbox 1104 2651 1171 2727; x_wconf 79' lang='grc' dir='ltr'>τῇ</span> <span class='ocrx_word' id='word_1_197' title='bbox 1215 2645 1433 2728; x_wconf 71' lang='grc' dir='ltr'>ἀταξίᾳ,</span> <span class='ocrx_word' id='word_1_198' title='bbox 1484 2657 1744 2708; x_wconf 79' lang='lat' dir='ltr'><strong>resistens</strong></span> 
     </span>
     <span class='ocr_line' id='line_1_27' title="bbox 161 2733 1736 2816; baseline 0.001 -24"><span class='ocrx_word' id='word_1_199' title='bbox 161 2733 517 2808; x_wconf 80' lang='lat' dir='ltr'><strong>confusione’;</strong></span> <span class='ocrx_word' id='word_1_200' title='bbox 550 2735 756 2811; x_wconf 85' lang='lat' dir='ltr'><strong>putida</strong></span> <span class='ocrx_word' id='word_1_201' title='bbox 799 2755 939 2792; x_wconf 77' lang='lat' dir='ltr'><strong>vero</strong></span> <span class='ocrx_word' id='word_1_202' title='bbox 985 2737 1458 2812; x_wconf 82' lang='lat' dir='ltr'><strong>interpretatione</strong></span> <span class='ocrx_word' id='word_1_203' title='bbox 1490 2737 1568 2814; x_wconf 79' lang='grc' dir='ltr'>τῷ</span> <span class='ocrx_word' id='word_1_204' title='bbox 1609 2757 1736 2816; x_wconf 91' lang='grc' dir='ltr'>χαρ.</span> 
     </span>
     <span class='ocr_line' id='line_1_28' title="bbox 163 2821 1736 2903; baseline 0 -22"><span class='ocrx_word' id='word_1_205' title='bbox 163 2825 258 2893; x_wconf 77' lang='grc' dir='ltr'>τῆς</span> <span class='ocrx_word' id='word_1_206' title='bbox 295 2845 438 2900; x_wconf 76' lang='grc' dir='ltr'>κωμ.</span> <span class='ocrx_word' id='word_1_207' title='bbox 473 2833 532 2881; x_wconf 88' lang='lat' dir='ltr'><strong>et</strong></span> <span class='ocrx_word' id='word_1_208' title='bbox 575 2823 929 2899; x_wconf 83' lang='lat' dir='ltr'><strong>ineleganter</strong></span> <span class='ocrx_word' id='word_1_209' title='bbox 957 2822 1176 2899; x_wconf 87' lang='grc' dir='ltr'>μάστιγι</span> <span class='ocrx_word' id='word_1_210' title='bbox 1210 2825 1278 2902; x_wconf 82' lang='grc' dir='ltr'>τῇ</span> <span class='ocrx_word' id='word_1_211' title='bbox 1311 2821 1570 2903; x_wconf 70' lang='grc' dir='ltr'>κωμῳδία</span> <span class='ocrx_word' id='word_1_212' title='bbox 1621 2824 1736 2882; x_wconf 88' lang='grc' dir='ltr'>κολ.</span> 
     </span>
     <span class='ocr_line' id='line_1_29' title="bbox 165 2906 1742 2992; baseline 0 -23"><span class='ocrx_word' id='word_1_213' title='bbox 165 2913 319 2969; x_wconf 86' lang='lat' dir='ltr'><strong>Bene</strong></span> <span class='ocrx_word' id='word_1_214' title='bbox 367 2911 551 2969; x_wconf 79' lang='lat' dir='ltr'><strong>habet</strong></span> <span class='ocrx_word' id='word_1_215' title='bbox 603 2908 834 2986; x_wconf 83' lang='grc' dir='ltr'>δημοσία</span> <span class='ocrx_word' id='word_1_216' title='bbox 885 2906 1072 2983; x_wconf 80' lang='grc' dir='ltr'>μάστιξ</span> <span class='ocrx_word' id='word_1_217' title='bbox 1126 2913 1220 2982; x_wconf 72' lang='grc' dir='ltr'>τῆς</span> <span class='ocrx_word' id='word_1_218' title='bbox 1271 2909 1553 2992; x_wconf 77' lang='grc' dir='ltr'>κωμῳδίας</span> <span class='ocrx_word' id='word_1_219' title='bbox 1572 2956 1589 2985; x_wconf 93' lang='grc'><strong>,</strong></span> <span class='ocrx_word' id='word_1_220' title='bbox 1636 2932 1742 2971; x_wconf 86' lang='lat' dir='ltr'><strong>nec</strong></span> 
     </span>
     <span class='ocr_line' id='line_1_30' title="bbox 165 2998 1742 3078; baseline 0.001 -21"><span class='ocrx_word' id='word_1_221' title='bbox 165 3020 304 3057; x_wconf 82' lang='lat' dir='ltr'><strong>raro</strong></span> <span class='ocrx_word' id='word_1_222' title='bbox 346 3002 574 3058; x_wconf 85' lang='lat' dir='ltr'><strong>librarii</strong></span> <span class='ocrx_word' id='word_1_223' title='bbox 617 3022 636 3057; x_wconf 90' lang='grc' dir='ltr'><strong>ι</strong></span> <span class='ocrx_word' id='word_1_224' title='bbox 663 3001 1019 3075; x_wconf 81' lang='lat' dir='ltr'><strong>adscriptum</strong></span> <span class='ocrx_word' id='word_1_225' title='bbox 1064 2999 1209 3076; x_wconf 85' lang='grc' dir='ltr'>(τηι)</span> <span class='ocrx_word' id='word_1_226' title='bbox 1245 3010 1302 3057; x_wconf 89' lang='lat' dir='ltr'><strong>et</strong></span> <span class='ocrx_word' id='word_1_227' title='bbox 1351 3023 1376 3065; x_wconf 88' lang='grc' dir='ltr'>ς</span> <span class='ocrx_word' id='word_1_228' title='bbox 1418 2998 1570 3078; x_wconf 84' lang='grc' dir='ltr'>(της)</span> <span class='ocrx_word' id='word_1_229' title='bbox 1611 3020 1742 3077; x_wconf 86' lang='lat' dir='ltr'><strong>per·</strong></span> 
     </span>
     <span class='ocr_line' id='line_1_31' title="bbox 165 3088 1742 3163; baseline 0.001 -18"><span class='ocrx_word' id='word_1_230' title='bbox 165 3092 542 3147; x_wconf 81' lang='lat' dir='ltr'><strong>miscuerunt.</strong></span> <span class='ocrx_word' id='word_1_231' title='bbox 571 3088 838 3148; x_wconf 82' lang='lat' dir='ltr'><strong>Ceterum</strong></span> <span class='ocrx_word' id='word_1_232' title='bbox 879 3089 1214 3144; x_wconf 84' lang='lat' dir='ltr'><strong>Aristoteles</strong></span> <span class='ocrx_word' id='word_1_233' title='bbox 1245 3091 1372 3144; x_wconf 83' lang='lat' dir='ltr'><strong>Art.</strong></span> <span class='ocrx_word' id='word_1_234' title='bbox 1397 3094 1558 3163; x_wconf 68' lang='lat' dir='ltr'><strong>poet.</strong></span> <span class='ocrx_word' id='word_1_235' title='bbox 1589 3088 1654 3160; x_wconf 84' lang='lat'><strong>5,</strong></span> <span class='ocrx_word' id='word_1_236' title='bbox 1687 3097 1742 3161; x_wconf 89' lang='grc'><strong>4,</strong></span> 
     </span>
     <span class='ocr_line' id='line_1_32' title="bbox 165 3172 1744 3256; baseline 0.001 -23"><span class='ocrx_word' id='word_1_237' title='bbox 165 3180 434 3253; x_wconf 81' lang='lat' dir='ltr'><strong>ignorari</strong></span> <span class='ocrx_word' id='word_1_238' title='bbox 477 3178 653 3248; x_wconf 89' lang='lat' dir='ltr'><strong>dicit,</strong></span> <span class='ocrx_word' id='word_1_239' title='bbox 694 3174 772 3241; x_wconf 87' lang='grc' dir='ltr'>τίς</span> <span class='ocrx_word' id='word_1_240' title='bbox 814 3172 882 3231; x_wconf 73' lang='grc' dir='ltr'>τὰ</span> <span class='ocrx_word' id='word_1_241' title='bbox 910 3174 1172 3255; x_wconf 87' lang='grc' dir='ltr'>πρόσωπα</span> <span class='ocrx_word' id='word_1_242' title='bbox 1207 3172 1499 3247; x_wconf 78' lang='grc' dir='ltr'>ἀπέδωκεν,</span> <span class='ocrx_word' id='word_1_243' title='bbox 1545 3174 1580 3247; x_wconf 82' lang='grc' dir='ltr'>ἢ</span> <span class='ocrx_word' id='word_1_244' title='bbox 1617 3198 1744 3256; x_wconf 88' lang='grc' dir='ltr'>προ-</span> 
     </span>
     <span class='ocr_line' id='line_1_33' title="bbox 163 3252 1744 3343; baseline 0.001 -20"><span class='ocrx_word' id='word_1_245' title='bbox 163 3264 358 3343; x_wconf 82' lang='grc' dir='ltr'>λόγους</span> <span class='ocrx_word' id='word_1_246' title='bbox 373 3308 390 3335; x_wconf 89' lang='grc'><strong>,</strong></span> <span class='ocrx_word' id='word_1_247' title='bbox 411 3262 452 3335; x_wconf 75' lang='grc' dir='ltr'><strong>ἢ</strong></span> <span class='ocrx_word' id='word_1_248' title='bbox 478 3263 656 3335; x_wconf 69' lang='grc' dir='ltr'>πλήθη</span> <span class='ocrx_word' id='word_1_249' title='bbox 674 3252 998 3343; x_wconf 69' lang='grc' dir='ltr'>ὑποκριτῶν,</span> <span class='ocrx_word' id='word_1_250' title='bbox 1019 3261 1112 3321; x_wconf 73' lang='grc' dir='ltr'><strong>καὶ</strong></span> <span class='ocrx_word' id='word_1_251' title='bbox 1137 3259 1238 3321; x_wconf 80' lang='grc' dir='ltr'><strong>ὅσα</strong></span> <span class='ocrx_word' id='word_1_252' title='bbox 1262 3268 1497 3322; x_wconf 77' lang='grc' dir='ltr'>τοιαῦτα.</span> <span class='ocrx_word' id='word_1_253' title='bbox 1525 3267 1744 3324; x_wconf 84' lang='lat' dir='ltr'><strong>Rursus</strong></span> 
     </span>
     <span class='ocr_line' id='line_1_34' title="bbox 163 3350 1742 3429; baseline 0.001 -18"><span class='ocrx_word' id='word_1_254' title='bbox 163 3360 506 3427; x_wconf 78' lang='lat' dir='ltr'><strong>Anonymns</strong></span> <span class='ocrx_word' id='word_1_255' title='bbox 525 3356 612 3411; x_wconf 89' lang='lat' dir='ltr'><strong>De</strong></span> <span class='ocrx_word' id='word_1_256' title='bbox 635 3372 783 3409; x_wconf 89' lang='lat' dir='ltr'><strong>com.</strong></span> <span class='ocrx_word' id='word_1_257' title='bbox 809 3372 870 3428; x_wconf 90' lang='lat' dir='ltr'><strong>p.</strong></span> <span class='ocrx_word' id='word_1_258' title='bbox 899 3370 1028 3425; x_wconf 75' lang='lat' dir='ltr'><strong>xxv,</strong></span> <span class='ocrx_word' id='word_1_259' title='bbox 1049 3352 1124 3409; x_wconf 88' lang='lat' dir='ltr'><strong>de</strong></span> <span class='ocrx_word' id='word_1_260' title='bbox 1151 3352 1382 3409; x_wconf 88' lang='lat' dir='ltr'><strong>Cratino</strong></span> <span class='ocrx_word' id='word_1_261' title='bbox 1407 3372 1420 3408; x_wconf 73' lang='grc' dir='ltr'>ε</span> <span class='ocrx_word' id='word_1_262' title='bbox 1456 3350 1649 3429; x_wconf 73' lang='grc' dir='ltr'>Γέγονε</span> <span class='ocrx_word' id='word_1_263' title='bbox 1689 3352 1742 3412; x_wconf 78' lang='grc' dir='ltr'><strong>δὲ</strong></span> 
     </span>
     <span class='ocr_line' id='line_1_35' title="bbox 167 3436 1745 3521; baseline 0.001 -22"><span class='ocrx_word' id='word_1_264' title='bbox 167 3438 588 3511; x_wconf 78' lang='grc' dir='ltr'>ποιητικώτατος</span> <span class='ocrx_word' id='word_1_265' title='bbox 607 3484 625 3513; x_wconf 91' lang='grc'><strong>,</strong></span> <span class='ocrx_word' id='word_1_266' title='bbox 667 3439 1079 3507; x_wconf 82' lang='grc' dir='ltr'>κατασκευάζων</span> <span class='ocrx_word' id='word_1_267' title='bbox 1108 3438 1181 3505; x_wconf 79' lang='grc' dir='ltr'>εἰς</span> <span class='ocrx_word' id='word_1_268' title='bbox 1217 3436 1305 3497; x_wconf 79' lang='grc' dir='ltr'><strong>τὸν</strong></span> <span class='ocrx_word' id='word_1_269' title='bbox 1333 3439 1604 3519; x_wconf 70' lang='grc' dir='ltr'>Αἰσχύλου</span> <span class='ocrx_word' id='word_1_270' title='bbox 1641 3465 1745 3521; x_wconf 79' lang='grc' dir='ltr'><strong>χα-</strong></span> 
     </span>
     <span class='ocr_line' id='line_1_36' title="bbox 169 3530 1743 3607; baseline 0.002 -22"><span class='ocrx_word' id='word_1_271' title='bbox 169 3532 446 3607; x_wconf 68' lang='grc' dir='ltr'>ρακτῆρα,</span> <span class='ocrx_word' id='word_1_272' title='bbox 473 3549 646 3604; x_wconf 87' lang='lat' dir='ltr'><strong>quam</strong></span> <span class='ocrx_word' id='word_1_273' title='bbox 669 3530 898 3585; x_wconf 80' lang='lat' dir='ltr'><strong>laudem</strong></span> <span class='ocrx_word' id='word_1_274' title='bbox 930 3530 1148 3605; x_wconf 86' lang='lat' dir='ltr'><strong>pariter</strong></span> <span class='ocrx_word' id='word_1_275' title='bbox 1174 3530 1586 3587; x_wconf 86' lang='lat' dir='ltr'><strong>circumcidens</strong></span> <span class='ocrx_word' id='word_1_276' title='bbox 1610 3532 1743 3589; x_wconf 78' lang='lat' dir='ltr'><strong>Pla-</strong></span> 
     </span>
     <span class='ocr_line' id='line_1_37' title="bbox 165 3613 1746 3693; baseline 0.002 -20"><span class='ocrx_word' id='word_1_277' title='bbox 165 3621 362 3673; x_wconf 81' lang='lat' dir='ltr'><strong>tonins</strong></span> <span class='ocrx_word' id='word_1_278' title='bbox 397 3620 515 3673; x_wconf 89' lang='lat' dir='ltr'><strong>loc.</strong></span> <span class='ocrx_word' id='word_1_279' title='bbox 567 3619 768 3687; x_wconf 88' lang='lat' dir='ltr'><strong>citato,</strong></span> <span class='ocrx_word' id='word_1_280' title='bbox 817 3614 1066 3693; x_wconf 73' lang='grc' dir='ltr'>εὔστοχος</span> <span class='ocrx_word' id='word_1_281' title='bbox 1113 3613 1210 3687; x_wconf 79' lang='grc' dir='ltr'><strong>ὢν,</strong></span> <span class='ocrx_word' id='word_1_282' title='bbox 1269 3619 1478 3691; x_wconf 84' lang='lat' dir='ltr'><strong>inquit,</strong></span> <span class='ocrx_word' id='word_1_283' title='bbox 1529 3617 1584 3674; x_wconf 80' lang='grc' dir='ltr'><strong>ἕν</strong></span> <span class='ocrx_word' id='word_1_284' title='bbox 1631 3626 1746 3686; x_wconf 85' lang='grc' dir='ltr'>ταῖς</span> 
     </span>
     <span class='ocr_line' id='line_1_38' title="bbox 167 3701 1742 3784; baseline 0.001 -22"><span class='ocrx_word' id='word_1_285' title='bbox 167 3704 448 3771; x_wconf 75' lang='grc' dir='ltr'>ἕπιὸολαῖς</span> <span class='ocrx_word' id='word_1_286' title='bbox 493 3707 598 3763; x_wconf 78' lang='grc' dir='ltr'><strong>τῶν</strong></span> <span class='ocrx_word' id='word_1_287' title='bbox 652 3701 937 3784; x_wconf 79' lang='grc' dir='ltr'>δραμάτων</span> <span class='ocrx_word' id='word_1_288' title='bbox 977 3702 1074 3761; x_wconf 80' lang='grc' dir='ltr'><strong>καὶ</strong></span> <span class='ocrx_word' id='word_1_289' title='bbox 1113 3703 1414 3769; x_wconf 80' lang='grc' dir='ltr'>διασκευαῖς</span> <span class='ocrx_word' id='word_1_290' title='bbox 1458 3704 1550 3783; x_wconf 89' lang='lat' dir='ltr'><strong>(in</strong></span> <span class='ocrx_word' id='word_1_291' title='bbox 1585 3708 1742 3765; x_wconf 85' lang='lat' dir='ltr'><strong>inve·</strong></span> 
     </span>
     <span class='ocr_line' id='line_1_39' title="bbox 165 3791 1742 3869; baseline 0.004 -22"><span class='ocrx_word' id='word_1_292' title='bbox 165 3794 394 3849; x_wconf 84' lang='lat' dir='ltr'><strong>niendis</strong></span> <span class='ocrx_word' id='word_1_293' title='bbox 450 3792 934 3868; x_wconf 84' lang='lat' dir='ltr'><strong>disponendisque</strong></span> <span class='ocrx_word' id='word_1_294' title='bbox 989 3791 1314 3848; x_wconf 76' lang='lat' dir='ltr'><strong>fabularum</strong></span> <span class='ocrx_word' id='word_1_295' title='bbox 1372 3798 1742 3869; x_wconf 83' lang='lat' dir='ltr'><strong>argumentis.</strong></span> 
     </span>
     <span class='ocr_line' id='line_1_40' title="bbox 167 3868 1748 3959; baseline 0.001 -22"><span class='ocrx_word' id='word_1_296' title='bbox 167 3878 390 3959; x_wconf 80' lang='lat' dir='ltr'><strong>Mein.)</strong></span> <span class='ocrx_word' id='word_1_297' title='bbox 414 3922 434 3951; x_wconf 91' lang='lat'><strong>,</strong></span> <span class='ocrx_word' id='word_1_298' title='bbox 479 3868 594 3937; x_wconf 75' lang='grc' dir='ltr'>εἶτα</span> <span class='ocrx_word' id='word_1_299' title='bbox 625 3875 820 3957; x_wconf 76' lang='grc' dir='ltr'>προῖὼν</span> <span class='ocrx_word' id='word_1_300' title='bbox 867 3876 958 3937; x_wconf 75' lang='grc' dir='ltr'><strong>καὶ</strong></span> <span class='ocrx_word' id='word_1_301' title='bbox 999 3878 1240 3937; x_wconf 81' lang='grc' dir='ltr'>διασπῶν</span> <span class='ocrx_word' id='word_1_302' title='bbox 1272 3876 1608 3958; x_wconf 83' lang='lat' dir='ltr'><strong>(divellens)</strong></span> <span class='ocrx_word' id='word_1_303' title='bbox 1655 3880 1748 3949; x_wconf 73' lang='grc' dir='ltr'>τὰς</span> 
     </span>
     <span class='ocr_line' id='line_1_41' title="bbox 167 3965 1747 4047; baseline 0.004 -24"><span class='ocrx_word' id='word_1_304' title='bbox 167 3966 442 4033; x_wconf 71' lang='grc' dir='ltr'>ὑποθέσεις</span> <span class='ocrx_word' id='word_1_305' title='bbox 480 3970 578 4025; x_wconf 74' lang='grc' dir='ltr'>οὐκ</span> <span class='ocrx_word' id='word_1_306' title='bbox 605 3965 901 4033; x_wconf 71' lang='grc' dir='ltr'>ἀκολούθως</span> <span class='ocrx_word' id='word_1_307' title='bbox 938 3968 1136 4047; x_wconf 86' lang='grc' dir='ltr'>πληροῖ</span> <span class='ocrx_word' id='word_1_308' title='bbox 1178 3967 1246 4024; x_wconf 76' lang='grc' dir='ltr'>τὰ</span> <span class='ocrx_word' id='word_1_309' title='bbox 1288 3966 1553 4047; x_wconf 80' lang='grc' dir='ltr'>δράματα.</span> <span class='ocrx_word' id='word_1_310' title='bbox 1590 3972 1747 4047; x_wconf 84' lang='grc' dir='ltr'>Λαμ-</span> 
     </span>
     <span class='ocr_line' id='line_1_42' title="bbox 167 4052 1746 4135; baseline 0.001 -24"><span class='ocrx_word' id='word_1_311' title='bbox 167 4052 300 4135; x_wconf 73' lang='grc' dir='ltr'><strong>πρὸν</strong></span> <span class='ocrx_word' id='word_1_312' title='bbox 338 4076 474 4113; x_wconf 85' lang='lat' dir='ltr'><strong>eum</strong></span> <span class='ocrx_word' id='word_1_313' title='bbox 509 4054 598 4112; x_wconf 82' lang='grc' dir='ltr'><strong>τὸν</strong></span> <span class='ocrx_word' id='word_1_314' title='bbox 636 4057 954 4134; x_wconf 75' lang='grc' dir='ltr'>χαρακτῆρα</span> <span class='ocrx_word' id='word_1_315' title='bbox 995 4066 1170 4112; x_wconf 71' lang='lat' dir='ltr'><strong>vocat</strong></span> <span class='ocrx_word' id='word_1_316' title='bbox 1206 4056 1410 4113; x_wconf 86' lang='lat' dir='ltr'><strong>Suidas</strong></span> <span class='ocrx_word' id='word_1_317' title='bbox 1451 4075 1508 4110; x_wconf 83' lang='lat' dir='ltr'><strong>v.</strong></span> <span class='ocrx_word' id='word_1_318' title='bbox 1548 4058 1746 4135; x_wconf 84' lang='grc' dir='ltr'>Κρατ.,</span> 
     </span>
     <span class='ocr_line' id='line_1_43' title="bbox 170 4138 1747 4225; baseline 0.001 -24"><span class='ocrx_word' id='word_1_319' title='bbox 170 4142 504 4225; x_wconf 72' lang='grc' dir='ltr'>ταυροφάγου</span> <span class='ocrx_word' id='word_1_320' title='bbox 552 4144 960 4219; x_wconf 79' lang='lat' dir='ltr'><strong>Aristophanes</strong></span> <span class='ocrx_word' id='word_1_321' title='bbox 994 4144 1143 4203; x_wconf 84' lang='lat' dir='ltr'><strong>Ran.</strong></span> <span class='ocrx_word' id='word_1_322' title='bbox 1184 4144 1324 4220; x_wconf 88' lang='grc'><strong>343,</strong></span> <span class='ocrx_word' id='word_1_323' title='bbox 1351 4138 1432 4201; x_wconf 81' lang='grc' dir='ltr'><strong>ὅτι</strong></span> <span class='ocrx_word' id='word_1_324' title='bbox 1462 4150 1568 4209; x_wconf 92' lang='grc' dir='ltr'>τοῖς</span> <span class='ocrx_word' id='word_1_325' title='bbox 1608 4145 1747 4202; x_wconf 86' lang='grc' dir='ltr'>διθυ-</span> 
     </span>
     <span class='ocr_line' id='line_1_44' title="bbox 175 4220 1746 4310; baseline -0.001 -20"><span class='ocrx_word' id='word_1_326' title='bbox 175 4232 394 4307; x_wconf 74' lang='grc' dir='ltr'>ράμὸοις</span> <span class='ocrx_word' id='word_1_327' title='bbox 435 4221 594 4290; x_wconf 70' lang='grc' dir='ltr'>ἆθλον</span> <span class='ocrx_word' id='word_1_328' title='bbox 623 4220 687 4303; x_wconf 76' lang='grc' dir='ltr'><strong>ἦν</strong></span> <span class='ocrx_word' id='word_1_329' title='bbox 716 4234 750 4301; x_wconf 80' lang='grc' dir='ltr'>ἡ</span> <span class='ocrx_word' id='word_1_330' title='bbox 794 4234 938 4307; x_wconf 79' lang='grc' dir='ltr'>βοῦς,</span> <span class='ocrx_word' id='word_1_331' title='bbox 981 4228 1099 4289; x_wconf 80' lang='grc' dir='ltr'>ὅθεν</span> <span class='ocrx_word' id='word_1_332' title='bbox 1137 4229 1228 4288; x_wconf 74' lang='grc' dir='ltr'><strong>καὶ</strong></span> <span class='ocrx_word' id='word_1_333' title='bbox 1265 4232 1293 4288; x_wconf 85' lang='grc' dir='ltr'><strong>ὁ</strong></span> <span class='ocrx_word' id='word_1_334' title='bbox 1335 4232 1508 4309; x_wconf 82' lang='grc' dir='ltr'>Κρατ.</span> <span class='ocrx_word' id='word_1_335' title='bbox 1559 4252 1746 4310; x_wconf 82' lang='grc' dir='ltr'>ταυρο-</span> 
     </span>
     <span class='ocr_line' id='line_1_45' title="bbox 175 4320 1749 4397; baseline -0.001 -20"><span class='ocrx_word' id='word_1_336' title='bbox 175 4320 336 4397; x_wconf 70' lang='grc' dir='ltr'>φάγος</span> <span class='ocrx_word' id='word_1_337' title='bbox 363 4320 684 4397; x_wconf 80' lang='lat' dir='ltr'><strong>(Apollon.</strong></span> <span class='ocrx_word' id='word_1_338' title='bbox 711 4320 851 4377; x_wconf 84' lang='lat' dir='ltr'><strong>Lex.</strong></span> <span class='ocrx_word' id='word_1_339' title='bbox 873 4320 1111 4377; x_wconf 82' lang='lat' dir='ltr'><strong>Homer.</strong></span> <span class='ocrx_word' id='word_1_340' title='bbox 1131 4338 1192 4395; x_wconf 88' lang='lat' dir='ltr'><strong>p.</strong></span> <span class='ocrx_word' id='word_1_341' title='bbox 1223 4320 1394 4395; x_wconf 83' lang='grc'><strong>156).</strong></span> <span class='ocrx_word' id='word_1_342' title='bbox 1430 4320 1749 4377; x_wconf 77' lang='lat' dir='ltr'><strong>Sectntores</strong></span> 
     </span>
     <span class='ocr_line' id='line_1_46' title="bbox 173 4406 1748 4483; baseline 0 -20"><span class='ocrx_word' id='word_1_343' title='bbox 173 4408 372 4465; x_wconf 79' lang='lat' dir='ltr'><strong>babuit</strong></span> <span class='ocrx_word' id='word_1_344' title='bbox 392 4408 728 4477; x_wconf 52' lang='lat' dir='ltr'><strong>Graecorum</strong></span> <span class='ocrx_word' id='word_1_345' title='bbox 754 4408 1006 4482; x_wconf 86' lang='lat' dir='ltr'><strong>Eupolin</strong></span> <span class='ocrx_word' id='word_1_346' title='bbox 1023 4448 1042 4480; x_wconf 90' lang='lat'>‚</span> <span class='ocrx_word' id='word_1_347' title='bbox 1059 4406 1526 4483; x_wconf 80' lang='lat' dir='ltr'><strong>Aristophanem,</strong></span> <span class='ocrx_word' id='word_1_348' title='bbox 1549 4426 1748 4481; x_wconf 80' lang='lat' dir='ltr'><strong>quam-</strong></span> 
     </span>
     <span class='ocr_line' id='line_1_47' title="bbox 172 4494 1748 4568; baseline 0.001 -20"><span class='ocrx_word' id='word_1_349' title='bbox 172 4498 256 4551; x_wconf 72' lang='lat' dir='ltr'><strong>vis</strong></span> <span class='ocrx_word' id='word_1_350' title='bbox 291 4498 701 4568; x_wconf 71' lang='lat' dir='ltr'><strong>insectantem,</strong></span> <span class='ocrx_word' id='word_1_351' title='bbox 742 4494 1066 4566; x_wconf 81' lang='lat' dir='ltr'><strong>Cratetem,</strong></span> <span class='ocrx_word' id='word_1_352' title='bbox 1107 4494 1480 4565; x_wconf 87' lang='lat' dir='ltr'><strong>Teleclidem,</strong></span> <span class='ocrx_word' id='word_1_353' title='bbox 1515 4496 1748 4551; x_wconf 83' lang='lat' dir='ltr'><strong>Stratti-</strong></span> 
     </span>
     <span class='ocr_line' id='line_1_48' title="bbox 175 4583 1746 4659; baseline -0.001 -22"><span class='ocrx_word' id='word_1_354' title='bbox 175 4584 348 4639; x_wconf 87' lang='lat' dir='ltr'><strong>tidem</strong></span> <span class='ocrx_word' id='word_1_355' title='bbox 368 4626 390 4659; x_wconf 86' lang='lat'>‚</span> <span class='ocrx_word' id='word_1_356' title='bbox 413 4584 591 4653; x_wconf 83' lang='lat' dir='ltr'><strong>alios,</strong></span> <span class='ocrx_word' id='word_1_357' title='bbox 623 4584 1022 4638; x_wconf 81' lang='lat' dir='ltr'><strong>Romanorum</strong></span> <span class='ocrx_word' id='word_1_358' title='bbox 1051 4583 1338 4638; x_wconf 87' lang='lat' dir='ltr'><strong>Lucilium</strong></span> <span class='ocrx_word' id='word_1_359' title='bbox 1369 4592 1507 4637; x_wconf 87' lang='lat' dir='ltr'><strong>teste</strong></span> <span class='ocrx_word' id='word_1_360' title='bbox 1537 4583 1746 4639; x_wconf 84' lang='lat' dir='ltr'><strong>Flacco</strong></span> 
     </span>
     <span class='ocr_line' id='line_1_49' title="bbox 173 4672 530 4740; baseline -0.006 -13"><span class='ocrx_word' id='word_1_361' title='bbox 173 4672 350 4729; x_wconf 87' lang='lat' dir='ltr'><strong>Serm.</strong></span> <span class='ocrx_word' id='word_1_362' title='bbox 383 4690 442 4740; x_wconf 83' lang='lat'><strong>1,</strong></span> <span class='ocrx_word' id='word_1_363' title='bbox 471 4677 530 4735; x_wconf 87' lang='grc'><strong>4.</strong></span> 
     </span>
    </p>
   </div>
   <div class='ocr_carea' id='block_1_5' title="bbox 729 4921 1207 5061">
    <p class='ocr_par' dir='ltr' id='par_1_5' title="bbox 729 4921 1207 5061">
     <span class='ocr_line' id='line_1_50' title="bbox 729 4921 1207 4979; baseline 0 -4"><span class='ocrx_word' id='word_1_364' title='bbox 729 4921 1207 4979; x_wconf 75' lang='lat' dir='ltr'><strong>ARcmLOCm.</strong></span> 
     </span>
     <span class='ocr_line' id='line_1_51' title="bbox 945 5012 966 5061; baseline 0 0"><span class='ocrx_word' id='word_1_365' title='bbox 945 5012 966 5061; x_wconf 87' lang='grc'><strong>1</strong></span> 
     </span>
    </p>
   </div>
   <div class='ocr_carea' id='block_1_6' title="bbox 179 5094 1478 5257">
    <p class='ocr_par' dir='ltr' id='par_1_6' title="bbox 179 5094 1478 5257">
     <span class='ocr_line' id='line_1_52' title="bbox 181 5094 1478 5168; baseline -0.001 -17"><span class='ocrx_word' id='word_1_366' title='bbox 181 5095 442 5167; x_wconf 76' lang='lat' dir='ltr'><strong>Equidem</strong></span> <span class='ocrx_word' id='word_1_367' title='bbox 476 5098 596 5168; x_wconf 80' lang='lat' dir='ltr'><strong>ipse</strong></span> <span class='ocrx_word' id='word_1_368' title='bbox 627 5094 915 5168; x_wconf 80' lang='lat' dir='ltr'><strong>sperabam</strong></span> <span class='ocrx_word' id='word_1_369' title='bbox 951 5096 1254 5153; x_wconf 82' lang='lat' dir='ltr'><strong>Metrobius</strong></span> <span class='ocrx_word' id='word_1_370' title='bbox 1270 5094 1478 5161; x_wconf 81' lang='lat' dir='ltr'><strong>scriba,</strong></span> 
     </span>
     <span class='ocr_line' id='line_1_53' title="bbox 179 5182 1438 5257; baseline 0.001 -20"><span class='ocrx_word' id='word_1_371' title='bbox 179 5200 262 5241; x_wconf 83' lang='lat' dir='ltr'><strong>me</strong></span> <span class='ocrx_word' id='word_1_372' title='bbox 284 5200 412 5242; x_wconf 86' lang='lat' dir='ltr'><strong>cum</strong></span> <span class='ocrx_word' id='word_1_373' title='bbox 439 5185 560 5241; x_wconf 75' lang='lat' dir='ltr'><strong>viro</strong></span> <span class='ocrx_word' id='word_1_374' title='bbox 581 5183 776 5240; x_wconf 73' lang='lat' dir='ltr'><strong>divino</strong></span> <span class='ocrx_word' id='word_1_375' title='bbox 799 5191 962 5256; x_wconf 82' lang='lat' dir='ltr'><strong>atque</strong></span> <span class='ocrx_word' id='word_1_376' title='bbox 986 5182 1407 5257; x_wconf 76' lang='lat' dir='ltr'><strong>hospitalissimo</strong></span> <span class='ocrx_word' id='word_1_377' title='bbox 1423 5222 1438 5247; x_wconf 81' lang='lat'><strong>,</strong></span> 
     </span>
    </p>
   </div>
   <div class='ocr_carea' id='block_1_7' title="bbox 1790 3957 1802 4412">
    <p class='ocr_par' dir='ltr' id='par_1_7' title="bbox 1790 3957 1802 4412">
     <span class='ocr_line' id='line_1_54' title="bbox 1790 3957 1802 4412; baseline 0 1438"><span class='ocrx_word' id='word_1_378' title='bbox 1790 3957 1802 4412; x_wconf 95' lang='lat' dir='ltr'><strong> </strong></span> 
     </span>
    </p>
   </div>
   <div class='ocr_carea' id='block_1_8' title="bbox 1788 4492 1798 4711">
    <p class='ocr_par' dir='ltr' id='par_1_8' title="bbox 1788 4492 1798 4711">
     <span class='ocr_line' id='line_1_55' title="bbox 1788 4492 1798 4711; baseline 0 1139"><span class='ocrx_word' id='word_1_379' title='bbox 1788 4492 1798 4711; x_wconf 95' lang='lat' dir='ltr'><strong> </strong></span> 
     </span>
    </p>
   </div>
   <div class='ocr_carea' id='block_1_9' title="bbox 1792 4924 1804 5197">
    <p class='ocr_par' dir='ltr' id='par_1_9' title="bbox 1792 4924 1804 5197">
     <span class='ocr_line' id='line_1_56' title="bbox 1792 4924 1804 5197; baseline 0 653"><span class='ocrx_word' id='word_1_380' title='bbox 1792 4924 1804 5197; x_wconf 95' lang='lat' dir='ltr'><strong> </strong></span> 
     </span>
    </p>
   </div>
   <div class='ocr_carea' id='block_1_10' title="bbox 2386 549 2827 610">
    <p class='ocr_par' dir='ltr' id='par_1_10' title="bbox 2386 549 2827 610">
     <span class='ocr_line' id='line_1_57' title="bbox 2386 549 2827 610; baseline 0.005 -3"><span class='ocrx_word' id='word_1_381' title='bbox 2386 549 2827 610; x_wconf 80' lang='lat' dir='ltr'><strong>APXIAOXOI.</strong></span> 
     </span>
    </p>
   </div>
   <div class='ocr_carea' id='block_1_11' title="bbox 1819 657 3392 1437">
    <p class='ocr_par' dir='ltr' id='par_1_11' title="bbox 1819 657 3392 1437">
     <span class='ocr_line' id='line_1_58' title="bbox 1901 657 3389 735; baseline 0.005 -22"><span class='ocrx_word' id='word_1_382' title='bbox 1901 661 2313 732; x_wconf 80' lang='lat' dir='ltr'><strong>Argumentum</strong></span> <span class='ocrx_word' id='word_1_383' title='bbox 2340 657 2511 730; x_wconf 87' lang='lat' dir='ltr'><strong>hujus</strong></span> <span class='ocrx_word' id='word_1_384' title='bbox 2549 659 2751 715; x_wconf 72' lang='lat' dir='ltr'><strong>fabulae</strong></span> <span class='ocrx_word' id='word_1_385' title='bbox 2780 664 3109 735; x_wconf 80' lang='lat' dir='ltr'><strong>ignoratur3</strong></span> <span class='ocrx_word' id='word_1_386' title='bbox 3136 662 3237 718; x_wconf 74' lang='lat' dir='ltr'><strong>sed</strong></span> <span class='ocrx_word' id='word_1_387' title='bbox 3264 683 3389 720; x_wconf 80' lang='lat' dir='ltr'><strong>ma-</strong></span> 
     </span>
     <span class='ocr_line' id='line_1_59' title="bbox 1819 745 3389 825; baseline 0.006 -26"><span class='ocrx_word' id='word_1_388' title='bbox 1819 747 1919 819; x_wconf 87' lang='lat' dir='ltr'><strong>gni</strong></span> <span class='ocrx_word' id='word_1_389' title='bbox 1954 745 2151 802; x_wconf 81' lang='lat' dir='ltr'><strong>fecisse</strong></span> <span class='ocrx_word' id='word_1_390' title='bbox 2176 747 2385 802; x_wconf 88' lang='lat' dir='ltr'><strong>dicitur</strong></span> <span class='ocrx_word' id='word_1_391' title='bbox 2412 746 2677 804; x_wconf 82' lang='lat' dir='ltr'><strong>Cratinus</strong></span> <span class='ocrx_word' id='word_1_392' title='bbox 2716 749 3125 806; x_wconf 84' lang='lat' dir='ltr'><strong>Archilochum</strong></span> <span class='ocrx_word' id='word_1_393' title='bbox 3163 770 3178 806; x_wconf 74' lang='lat' dir='ltr'>z</span> <span class='ocrx_word' id='word_1_394' title='bbox 3212 771 3389 825; x_wconf 75' lang='lat' dir='ltr'><strong>qual-c</strong></span> 
     </span>
     <span class='ocr_line' id='line_1_60' title="bbox 1819 833 3392 910; baseline 0.005 -23"><span class='ocrx_word' id='word_1_395' title='bbox 1819 850 1943 888; x_wconf 89' lang='lat' dir='ltr'><strong>non</strong></span> <span class='ocrx_word' id='word_1_396' title='bbox 1965 844 2050 888; x_wconf 82' lang='lat' dir='ltr'><strong>est</strong></span> <span class='ocrx_word' id='word_1_397' title='bbox 2074 834 2235 907; x_wconf 87' lang='lat' dir='ltr'><strong>quod</strong></span> <span class='ocrx_word' id='word_1_398' title='bbox 2270 833 2593 890; x_wconf 85' lang='lat' dir='ltr'><strong>dubitemus</strong></span> <span class='ocrx_word' id='word_1_399' title='bbox 2610 876 2628 905; x_wconf 90' lang='lat'><strong>,</strong></span> <span class='ocrx_word' id='word_1_400' title='bbox 2660 838 2801 910; x_wconf 88' lang='lat' dir='ltr'><strong>quin</strong></span> <span class='ocrx_word' id='word_1_401' title='bbox 2829 837 3039 894; x_wconf 88' lang='lat' dir='ltr'><strong>chorus</strong></span> <span class='ocrx_word' id='word_1_402' title='bbox 3070 841 3392 895; x_wconf 78' lang='lat' dir='ltr'><strong>constiterit</strong></span> 
     </span>
     <span class='ocr_line' id='line_1_61' title="bbox 1823 921 3383 998; baseline 0.003 -21"><span class='ocrx_word' id='word_1_403' title='bbox 1823 921 2183 979; x_wconf 83' lang='lat' dir='ltr'><strong>Archilochis</strong></span> <span class='ocrx_word' id='word_1_404' title='bbox 2192 925 2531 998; x_wconf 85' lang='lat' dir='ltr'><strong>personatis,</strong></span> <span class='ocrx_word' id='word_1_405' title='bbox 2544 941 2691 997; x_wconf 87' lang='lat' dir='ltr'><strong>quos</strong></span> <span class='ocrx_word' id='word_1_406' title='bbox 2710 924 2987 998; x_wconf 82' lang='lat' dir='ltr'><strong>Bergkius</strong></span> <span class='ocrx_word' id='word_1_407' title='bbox 3008 925 3025 998; x_wconf 91' lang='lat'>(</span> <span class='ocrx_word' id='word_1_408' title='bbox 3042 925 3383 984; x_wconf 84' lang='lat' dir='ltr'><strong>Commentt.</strong></span> 
     </span>
     <span class='ocr_line' id='line_1_62' title="bbox 1822 1010 3391 1086; baseline 0.001 -18"><span class='ocrx_word' id='word_1_409' title='bbox 1822 1029 1884 1085; x_wconf 84' lang='lat' dir='ltr'><strong>p.</strong></span> <span class='ocrx_word' id='word_1_410' title='bbox 1925 1019 1958 1078; x_wconf 98' lang='grc'><strong>4</strong></span> <span class='ocrx_word' id='word_1_411' title='bbox 2004 1010 2121 1086; x_wconf 83' lang='lat' dir='ltr'><strong>sq.)</strong></span> <span class='ocrx_word' id='word_1_412' title='bbox 2182 1035 2204 1060; x_wconf 73' lang='grc' dir='ltr'>α</span> <span class='ocrx_word' id='word_1_413' title='bbox 2250 1011 2593 1069; x_wconf 80' lang='lat' dir='ltr'><strong>acerborum</strong></span> <span class='ocrx_word' id='word_1_414' title='bbox 2634 1029 2934 1067; x_wconf 84' lang='lat' dir='ltr'><strong>censorum</strong></span> <span class='ocrx_word' id='word_1_415' title='bbox 2972 1024 3165 1086; x_wconf 82' lang='lat' dir='ltr'><strong>partes</strong></span> <span class='ocrx_word' id='word_1_416' title='bbox 3209 1017 3391 1069; x_wconf 84' lang='lat' dir='ltr'><strong>susti-</strong></span> 
     </span>
     <span class='ocr_line' id='line_1_63' title="bbox 1822 1097 3391 1173; baseline 0.002 -20"><span class='ocrx_word' id='word_1_417' title='bbox 1822 1099 2010 1154; x_wconf 87' lang='lat' dir='ltr'><strong>nuisse</strong></span> <span class='ocrx_word' id='word_1_418' title='bbox 2054 1099 2367 1170; x_wconf 81' lang='lat' dir='ltr'><strong>existimat,</strong></span> <span class='ocrx_word' id='word_1_419' title='bbox 2411 1100 2512 1173; x_wconf 88' lang='lat' dir='ltr'><strong>qui</strong></span> <span class='ocrx_word' id='word_1_420' title='bbox 2538 1097 2739 1154; x_wconf 77' lang='lat' dir='ltr'><strong>validis</strong></span> <span class='ocrx_word' id='word_1_421' title='bbox 2776 1109 2833 1154; x_wconf 85' lang='lat' dir='ltr'><strong>et</strong></span> <span class='ocrx_word' id='word_1_422' title='bbox 2858 1099 3220 1158; x_wconf 80' lang='lat' dir='ltr'><strong>vibrantibus</strong></span> <span class='ocrx_word' id='word_1_423' title='bbox 3262 1120 3391 1158; x_wconf 89' lang='lat' dir='ltr'><strong>sen-</strong></span> 
     </span>
     <span class='ocr_line' id='line_1_64' title="bbox 1825 1187 3383 1262; baseline 0.002 -21"><span class='ocrx_word' id='word_1_424' title='bbox 1825 1188 2020 1242; x_wconf 87' lang='lat' dir='ltr'><strong>tentiis</strong></span> <span class='ocrx_word' id='word_1_425' title='bbox 2044 1188 2183 1244; x_wconf 71' lang='lat' dir='ltr'><strong>vitia</strong></span> <span class='ocrx_word' id='word_1_426' title='bbox 2217 1187 2476 1261; x_wconf 84' lang='lat' dir='ltr'><strong>quaedam</strong></span> <span class='ocrx_word' id='word_1_427' title='bbox 2504 1187 2639 1242; x_wconf 81' lang='lat' dir='ltr'><strong>satis</strong></span> <span class='ocrx_word' id='word_1_428' title='bbox 2672 1189 2873 1260; x_wconf 81' lang='lat' dir='ltr'><strong>gravia</strong></span> <span class='ocrx_word' id='word_1_429' title='bbox 2903 1189 3329 1262; x_wconf 78' lang='lat' dir='ltr'><strong>exagitaverint.</strong></span> <span class='ocrx_word' id='word_1_430' title='bbox 3360 1215 3383 1238; x_wconf 81' lang='grc' dir='ltr'>υ</span> 
     </span>
     <span class='ocr_line' id='line_1_65' title="bbox 1827 1273 3389 1350; baseline 0.001 -20"><span class='ocrx_word' id='word_1_431' title='bbox 1827 1304 1904 1316; x_wconf 91' lang='grc'>-</span> <span class='ocrx_word' id='word_1_432' title='bbox 1930 1279 2135 1332; x_wconf 72' lang='lat' dir='ltr'><strong>Aetam</strong></span> <span class='ocrx_word' id='word_1_433' title='bbox 2153 1293 2273 1332; x_wconf 88' lang='lat' dir='ltr'><strong>esse</strong></span> <span class='ocrx_word' id='word_1_434' title='bbox 2302 1275 2553 1330; x_wconf 82' lang='lat' dir='ltr'><strong>fabulam</strong></span> <span class='ocrx_word' id='word_1_435' title='bbox 2580 1275 2733 1330; x_wconf 89' lang='lat' dir='ltr'><strong>circa</strong></span> <span class='ocrx_word' id='word_1_436' title='bbox 2752 1273 2923 1331; x_wconf 79' lang='lat' dir='ltr'><strong>finem</strong></span> <span class='ocrx_word' id='word_1_437' title='bbox 2946 1276 3287 1350; x_wconf 78' lang='lat' dir='ltr'><strong>olympiadis</strong></span> <span class='ocrx_word' id='word_1_438' title='bbox 3317 1276 3389 1332; x_wconf 81' lang='lat'><strong>82</strong></span> 
     </span>
     <span class='ocr_line' id='line_1_66' title="bbox 1831 1361 2735 1437; baseline 0 -17"><span class='ocrx_word' id='word_1_439' title='bbox 1831 1361 1977 1437; x_wconf 87' lang='grc'><strong>(448</strong></span> <span class='ocrx_word' id='word_1_440' title='bbox 2007 1381 2062 1418; x_wconf 83' lang='lat' dir='ltr'><strong>a.</strong></span> <span class='ocrx_word' id='word_1_441' title='bbox 2088 1362 2181 1436; x_wconf 87' lang='lat' dir='ltr'><strong>C.)</strong></span> <span class='ocrx_word' id='word_1_442' title='bbox 2212 1361 2457 1418; x_wconf 83' lang='lat' dir='ltr'><strong>efficitur</strong></span> <span class='ocrx_word' id='word_1_443' title='bbox 2484 1380 2555 1418; x_wconf 82' lang='lat' dir='ltr'><strong>ex</strong></span> <span class='ocrx_word' id='word_1_444' title='bbox 2579 1362 2649 1416; x_wconf 85' lang='lat' dir='ltr'><strong>fr.</strong></span> <span class='ocrx_word' id='word_1_445' title='bbox 2686 1382 2735 1420; x_wconf 90' lang='lat'><strong>1.</strong></span> 
     </span>
    </p>
   </div>
   <div class='ocr_carea' id='block_1_12' title="bbox 2590 1486 2639 1523">
    <p class='ocr_par' dir='ltr' id='par_1_12' title="bbox 2590 1486 2639 1523">
     <span class='ocr_line' id='line_1_67' title="bbox 2590 1486 2639 1523; baseline 0.061 -3"><span class='ocrx_word' id='word_1_446' title='bbox 2590 1486 2639 1523; x_wconf 80' lang='lat'><strong>1.</strong></span> 
     </span>
    </p>
   </div>
   <div class='ocr_carea' id='block_1_13' title="bbox 1828 1574 3396 2440">
    <p class='ocr_par' dir='ltr' id='par_1_13' title="bbox 1828 1574 3396 2440">
     <span class='ocr_line' id='line_1_68' title="bbox 1907 1574 3391 1645; baseline 0 -13"><span class='ocrx_word' id='word_1_447' title='bbox 1907 1578 2054 1632; x_wconf 86' lang='lat' dir='ltr'><strong>Plut.</strong></span> <span class='ocrx_word' id='word_1_448' title='bbox 2093 1577 2225 1632; x_wconf 89' lang='lat' dir='ltr'><strong>Vita</strong></span> <span class='ocrx_word' id='word_1_449' title='bbox 2276 1577 2527 1634; x_wconf 86' lang='lat' dir='ltr'><strong>Cimonis</strong></span> <span class='ocrx_word' id='word_1_450' title='bbox 2591 1594 2683 1645; x_wconf 88' lang='lat'><strong>10,</strong></span> <span class='ocrx_word' id='word_1_451' title='bbox 2730 1577 2801 1632; x_wconf 89' lang='lat' dir='ltr'><strong>de</strong></span> <span class='ocrx_word' id='word_1_452' title='bbox 2837 1574 3227 1632; x_wconf 87' lang='lat' dir='ltr'><strong>munificentia</strong></span> <span class='ocrx_word' id='word_1_453' title='bbox 3285 1579 3391 1633; x_wconf 79' lang='lat' dir='ltr'><strong>viri</strong></span> 
     </span>
     <span class='ocr_line' id='line_1_69' title="bbox 1830 1659 3392 1740; baseline -0.001 -20"><span class='ocrx_word' id='word_1_454' title='bbox 1830 1683 2126 1740; x_wconf 83' lang='lat' dir='ltr'><strong>exponens</strong></span> <span class='ocrx_word' id='word_1_455' title='bbox 2156 1684 2170 1719; x_wconf 74' lang='grc' dir='ltr'><strong>ι</strong></span> <span class='ocrx_word' id='word_1_456' title='bbox 2201 1663 2361 1740; x_wconf 80' lang='grc' dir='ltr'>Αὐτῷ</span> <span class='ocrx_word' id='word_1_457' title='bbox 2404 1659 2459 1719; x_wconf 77' lang='grc' dir='ltr'><strong>δὲ</strong></span> <span class='ocrx_word' id='word_1_458' title='bbox 2492 1659 2751 1720; x_wconf 77' lang='grc' dir='ltr'>νεανίσκοι</span> <span class='ocrx_word' id='word_1_459' title='bbox 2792 1659 3113 1740; x_wconf 83' lang='grc' dir='ltr'>παρείποντο</span> <span class='ocrx_word' id='word_1_460' title='bbox 3161 1661 3392 1733; x_wconf 82' lang='grc' dir='ltr'>συνήθως</span> 
     </span>
     <span class='ocr_line' id='line_1_70' title="bbox 1828 1739 3394 1830; baseline -0.001 -22"><span class='ocrx_word' id='word_1_461' title='bbox 1828 1749 2189 1830; x_wconf 75' lang='grc' dir='ltr'>ἀμπεχόμενοι</span> <span class='ocrx_word' id='word_1_462' title='bbox 2217 1750 2419 1822; x_wconf 80' lang='grc' dir='ltr'>καλῶς,</span> <span class='ocrx_word' id='word_1_463' title='bbox 2448 1739 2521 1808; x_wconf 68' lang='grc' dir='ltr'><strong>ὧν</strong></span> <span class='ocrx_word' id='word_1_464' title='bbox 2551 1746 2797 1821; x_wconf 77' lang='grc' dir='ltr'>ἕκαστος,</span> <span class='ocrx_word' id='word_1_465' title='bbox 2822 1745 2872 1806; x_wconf 75' lang='grc' dir='ltr'>εἴ</span> <span class='ocrx_word' id='word_1_466' title='bbox 2912 1771 2991 1816; x_wconf 85' lang='grc' dir='ltr'><strong>τις</strong></span> <span class='ocrx_word' id='word_1_467' title='bbox 3030 1747 3279 1829; x_wconf 78' lang='grc' dir='ltr'>συντύχοι</span> <span class='ocrx_word' id='word_1_468' title='bbox 3315 1755 3394 1830; x_wconf 77' lang='grc' dir='ltr'>τῷ</span> 
     </span>
     <span class='ocr_line' id='line_1_71' title="bbox 1831 1834 3395 1917; baseline -0.002 -18"><span class='ocrx_word' id='word_1_469' title='bbox 1831 1837 2043 1915; x_wconf 82' lang='grc' dir='ltr'>Κίμωνι</span> <span class='ocrx_word' id='word_1_470' title='bbox 2068 1841 2173 1896; x_wconf 87' lang='grc' dir='ltr'><strong>τῶν</strong></span> <span class='ocrx_word' id='word_1_471' title='bbox 2202 1839 2377 1896; x_wconf 79' lang='grc' dir='ltr'>ἀστῶν</span> <span class='ocrx_word' id='word_1_472' title='bbox 2410 1834 2763 1916; x_wconf 74' lang='grc' dir='ltr'>πρεσδύτερος</span> <span class='ocrx_word' id='word_1_473' title='bbox 2797 1836 3149 1917; x_wconf 75' lang='grc' dir='ltr'>ἠμφιεσμένος</span> <span class='ocrx_word' id='word_1_474' title='bbox 3186 1839 3366 1906; x_wconf 81' lang='grc' dir='ltr'>ἐνδεῶς</span> <span class='ocrx_word' id='word_1_475' title='bbox 3378 1885 3395 1914; x_wconf 87' lang='grc'><strong>,</strong></span> 
     </span>
     <span class='ocr_line' id='line_1_72' title="bbox 1829 1921 3393 2003; baseline 0.001 -19"><span class='ocrx_word' id='word_1_476' title='bbox 1829 1924 2161 2002; x_wconf 77' lang='grc' dir='ltr'>διημείὸοντο</span> <span class='ocrx_word' id='word_1_477' title='bbox 2199 1923 2328 2003; x_wconf 75' lang='grc' dir='ltr'>πρὸς</span> <span class='ocrx_word' id='word_1_478' title='bbox 2356 1923 2513 1984; x_wconf 77' lang='grc' dir='ltr'>αὐτὸν</span> <span class='ocrx_word' id='word_1_479' title='bbox 2550 1921 2617 1982; x_wconf 75' lang='grc' dir='ltr'>τὰ</span> <span class='ocrx_word' id='word_1_480' title='bbox 2652 1923 2869 2000; x_wconf 75' lang='grc' dir='ltr'>ἱμάτια·</span> <span class='ocrx_word' id='word_1_481' title='bbox 2902 1923 2997 1984; x_wconf 76' lang='grc' dir='ltr'><strong>καὶ</strong></span> <span class='ocrx_word' id='word_1_482' title='bbox 3030 1923 3091 1982; x_wconf 79' lang='grc' dir='ltr'>τὸ</span> <span class='ocrx_word' id='word_1_483' title='bbox 3128 1924 3393 2002; x_wconf 82' lang='grc' dir='ltr'>γινόμενον</span> 
     </span>
     <span class='ocr_line' id='line_1_73' title="bbox 1829 2009 3394 2092; baseline 0.001 -22"><span class='ocrx_word' id='word_1_484' title='bbox 1829 2011 2066 2092; x_wconf 72' lang='grc' dir='ltr'>ἐφαίνετο</span> <span class='ocrx_word' id='word_1_485' title='bbox 2093 2011 2281 2090; x_wconf 84' lang='grc' dir='ltr'>σεμνόν</span> <span class='ocrx_word' id='word_1_486' title='bbox 2300 2034 2314 2048; x_wconf 93' lang='grc'>·</span> <span class='ocrx_word' id='word_1_487' title='bbox 2358 2013 2405 2070; x_wconf 80' lang='grc' dir='ltr'>οἱ</span> <span class='ocrx_word' id='word_1_488' title='bbox 2434 2010 2480 2068; x_wconf 86' lang='grc' dir='ltr'><strong>δ’</strong></span> <span class='ocrx_word' id='word_1_489' title='bbox 2518 2010 2669 2070; x_wconf 73' lang='grc' dir='ltr'>αὐτοὶ</span> <span class='ocrx_word' id='word_1_490' title='bbox 2704 2009 2794 2069; x_wconf 74' lang='grc' dir='ltr'><strong>καὶ</strong></span> <span class='ocrx_word' id='word_1_491' title='bbox 2834 2010 3067 2088; x_wconf 88' lang='grc' dir='ltr'>νόμισμα</span> <span class='ocrx_word' id='word_1_492' title='bbox 3101 2011 3394 2088; x_wconf 84' lang='grc' dir='ltr'>κομίζοντες</span> 
     </span>
     <span class='ocr_line' id='line_1_74' title="bbox 1830 2097 3394 2180; baseline -0.001 -23"><span class='ocrx_word' id='word_1_493' title='bbox 1830 2098 2073 2178; x_wconf 79' lang='grc' dir='ltr'>ἄφθονον,</span> <span class='ocrx_word' id='word_1_494' title='bbox 2117 2097 2497 2180; x_wconf 82' lang='grc' dir='ltr'>παριστάμενοι</span> <span class='ocrx_word' id='word_1_495' title='bbox 2534 2101 2642 2164; x_wconf 86' lang='grc' dir='ltr'>τοῖς</span> <span class='ocrx_word' id='word_1_496' title='bbox 2676 2100 2897 2176; x_wconf 82' lang='grc' dir='ltr'>κομψοῖς</span> <span class='ocrx_word' id='word_1_497' title='bbox 2936 2099 3041 2156; x_wconf 84' lang='grc' dir='ltr'><strong>τῶν</strong></span> <span class='ocrx_word' id='word_1_498' title='bbox 3072 2097 3311 2170; x_wconf 79' lang='grc' dir='ltr'>πενήτων</span> <span class='ocrx_word' id='word_1_499' title='bbox 3342 2103 3394 2158; x_wconf 79' lang='grc' dir='ltr'><strong>ἐν</strong></span> 
     </span>
     <span class='ocr_line' id='line_1_75' title="bbox 1829 2183 3396 2269; baseline 0.001 -24"><span class='ocrx_word' id='word_1_500' title='bbox 1829 2188 2025 2269; x_wconf 57' lang='grc' dir='ltr'>ἀγορᾷ,</span> <span class='ocrx_word' id='word_1_501' title='bbox 2057 2189 2232 2266; x_wconf 81' lang='grc' dir='ltr'>σιωπῇ</span> <span class='ocrx_word' id='word_1_502' title='bbox 2259 2189 2363 2244; x_wconf 87' lang='grc' dir='ltr'><strong>τῶν</strong></span> <span class='ocrx_word' id='word_1_503' title='bbox 2390 2183 2691 2263; x_wconf 85' lang='grc' dir='ltr'>κερματίων</span> <span class='ocrx_word' id='word_1_504' title='bbox 2726 2184 3010 2243; x_wconf 77' lang='grc' dir='ltr'>ἐνέὃαλλον</span> <span class='ocrx_word' id='word_1_505' title='bbox 3046 2187 3119 2253; x_wconf 79' lang='grc' dir='ltr'>εἰς</span> <span class='ocrx_word' id='word_1_506' title='bbox 3153 2185 3249 2254; x_wconf 76' lang='grc' dir='ltr'>τὰς</span> <span class='ocrx_word' id='word_1_507' title='bbox 3284 2195 3396 2267; x_wconf 82' lang='grc' dir='ltr'>χεῖ-</span> 
     </span>
     <span class='ocr_line' id='line_1_76' title="bbox 1832 2267 3395 2355; baseline 0 -21"><span class='ocrx_word' id='word_1_508' title='bbox 1832 2295 1945 2355; x_wconf 86' lang='grc' dir='ltr'>ρας·</span> <span class='ocrx_word' id='word_1_509' title='bbox 1976 2267 2049 2334; x_wconf 69' lang='grc' dir='ltr'><strong>ὃν</strong></span> <span class='ocrx_word' id='word_1_510' title='bbox 2081 2273 2149 2346; x_wconf 76' lang='grc' dir='ltr'><strong>δὴ</strong></span> <span class='ocrx_word' id='word_1_511' title='bbox 2184 2273 2277 2333; x_wconf 78' lang='grc' dir='ltr'><strong>καὶ</strong></span> <span class='ocrx_word' id='word_1_512' title='bbox 2320 2276 2425 2353; x_wconf 80' lang='lat' dir='ltr'><strong>Kp.</strong></span> <span class='ocrx_word' id='word_1_513' title='bbox 2470 2276 2501 2330; x_wconf 78' lang='grc' dir='ltr'><strong>ὃ</strong></span> <span class='ocrx_word' id='word_1_514' title='bbox 2546 2271 2776 2349; x_wconf 71' lang='grc' dir='ltr'>κωμικὸς</span> <span class='ocrx_word' id='word_1_515' title='bbox 2802 2274 2855 2332; x_wconf 71' lang='grc' dir='ltr'>ἔν</span> <span class='ocrx_word' id='word_1_516' title='bbox 2896 2272 3220 2354; x_wconf 73' lang='grc' dir='ltr'>Ἀρχιλόχοις</span> <span class='ocrx_word' id='word_1_517' title='bbox 3262 2275 3395 2334; x_wconf 74' lang='grc' dir='ltr'>ἔοικε</span> 
     </span>
     <span class='ocr_line' id='line_1_77' title="bbox 1829 2360 2477 2440; baseline -0.006 -18"><span class='ocrx_word' id='word_1_518' title='bbox 1829 2367 2126 2440; x_wconf 68' lang='grc' dir='ltr'>μεμνῆσθαι</span> <span class='ocrx_word' id='word_1_519' title='bbox 2152 2360 2238 2422; x_wconf 77' lang='grc' dir='ltr'><strong>διὰ</strong></span> <span class='ocrx_word' id='word_1_520' title='bbox 2258 2360 2477 2421; x_wconf 74' lang='grc' dir='ltr'>τούτων·</span> 
     </span>
    </p>
   </div>
   <div class='ocr_carea' id='block_1_14' title="bbox 1831 2471 3405 4268">
    <p class='ocr_par' dir='ltr' id='par_1_14' title="bbox 1928 2471 3348 2573">
     <span class='ocr_line' id='line_1_78' title="bbox 1928 2471 3348 2573; baseline -0.001 -27"><span class='ocrx_word' id='word_1_521' title='bbox 1928 2481 2119 2573; x_wconf 81' lang='grc' dir='ltr'><strong>Κάγὼ</strong></span> <span class='ocrx_word' id='word_1_522' title='bbox 2146 2476 2259 2572; x_wconf 77' lang='grc' dir='ltr'>γὰρ</span> <span class='ocrx_word' id='word_1_523' title='bbox 2284 2480 2504 2572; x_wconf 79' lang='grc' dir='ltr'>ηὔχουν</span> <span class='ocrx_word' id='word_1_524' title='bbox 2534 2471 2875 2568; x_wconf 70' lang='grc' dir='ltr'>Μητρόὸιος</span> <span class='ocrx_word' id='word_1_525' title='bbox 2904 2481 2937 2543; x_wconf 82' lang='grc' dir='ltr'>ὁ</span> <span class='ocrx_word' id='word_1_526' title='bbox 2959 2479 3348 2571; x_wconf 81' lang='grc' dir='ltr'>γραμματεὺς</span> 
     </span>
    </p>

    <p class='ocr_par' dir='ltr' id='par_1_15' title="bbox 1929 2577 3053 2678">
     <span class='ocr_line' id='line_1_79' title="bbox 1929 2577 3053 2678; baseline -0.004 -26"><span class='ocrx_word' id='word_1_527' title='bbox 1929 2586 2031 2652; x_wconf 85' lang='grc' dir='ltr'><strong>σὺν</strong></span> <span class='ocrx_word' id='word_1_528' title='bbox 2066 2577 2242 2678; x_wconf 84' lang='grc' dir='ltr'>ἀνδρὶ</span> <span class='ocrx_word' id='word_1_529' title='bbox 2277 2581 2415 2670; x_wconf 83' lang='grc' dir='ltr'>θείῳ</span> <span class='ocrx_word' id='word_1_530' title='bbox 2448 2581 2554 2649; x_wconf 84' lang='grc' dir='ltr'><strong>καὶ</strong></span> <span class='ocrx_word' id='word_1_531' title='bbox 2585 2581 3053 2674; x_wconf 77' lang='grc' dir='ltr'>φιλοξενωτάτῳ</span> 
     </span>
    </p>

    <p class='ocr_par' dir='ltr' id='par_1_16' title="bbox 1929 2685 3395 2783">
     <span class='ocr_line' id='line_1_80' title="bbox 1929 2685 3395 2783; baseline -0.001 -26"><span class='ocrx_word' id='word_1_532' title='bbox 1929 2690 2033 2757; x_wconf 81' lang='grc' dir='ltr'><strong>καὶ</strong></span> <span class='ocrx_word' id='word_1_533' title='bbox 2071 2685 2251 2758; x_wconf 84' lang='grc' dir='ltr'>πάντ’</span> <span class='ocrx_word' id='word_1_534' title='bbox 2288 2689 2519 2783; x_wconf 81' lang='grc' dir='ltr'>ἀρίστῳ</span> <span class='ocrx_word' id='word_1_535' title='bbox 2544 2699 2673 2756; x_wconf 83' lang='grc' dir='ltr'><strong>τῶν</strong></span> <span class='ocrx_word' id='word_1_536' title='bbox 2710 2692 3111 2764; x_wconf 72' lang='grc' dir='ltr'>Πανελλήνων</span> <span class='ocrx_word' id='word_1_537' title='bbox 3144 2701 3395 2782; x_wconf 68' lang='grc' dir='ltr'>προτοῦ,</span> 
     </span>
    </p>

    <p class='ocr_par' dir='ltr' id='par_1_17' title="bbox 1932 2795 3109 2888">
     <span class='ocr_line' id='line_1_81' title="bbox 1932 2795 3109 2888; baseline -0.002 -25"><span class='ocrx_word' id='word_1_538' title='bbox 1932 2797 2177 2888; x_wconf 80' lang='grc' dir='ltr'>Κίμωνι</span> <span class='ocrx_word' id='word_1_539' title='bbox 2206 2795 2467 2888; x_wconf 85' lang='grc' dir='ltr'>λιπαρὸν</span> <span class='ocrx_word' id='word_1_540' title='bbox 2493 2805 2673 2888; x_wconf 81' lang='grc' dir='ltr'>γῆρας</span> <span class='ocrx_word' id='word_1_541' title='bbox 2706 2796 3109 2888; x_wconf 76' lang='grc' dir='ltr'>εὐωχούμενος</span> 
     </span>
    </p>

    <p class='ocr_par' dir='ltr' id='par_1_18' title="bbox 1930 2893 3397 2993">
     <span class='ocr_line' id='line_1_82' title="bbox 1930 2893 3397 2993; baseline -0.001 -24"><span class='ocrx_word' id='word_1_542' title='bbox 1930 2903 2123 2969; x_wconf 77' lang='grc' dir='ltr'>αἰῶνα</span> <span class='ocrx_word' id='word_1_543' title='bbox 2148 2902 2355 2970; x_wconf 84' lang='grc' dir='ltr'>πάντα</span> <span class='ocrx_word' id='word_1_544' title='bbox 2390 2893 2873 2993; x_wconf 80' lang='grc' dir='ltr'>συνδιατρίψειν·</span> <span class='ocrx_word' id='word_1_545' title='bbox 2899 2903 2931 2965; x_wconf 85' lang='grc' dir='ltr'><strong><em>ὁ</em></strong></span> <span class='ocrx_word' id='word_1_546' title='bbox 2966 2895 3037 2967; x_wconf 80' lang='grc' dir='ltr'><strong>δὲ</strong></span> <span class='ocrx_word' id='word_1_547' title='bbox 3070 2901 3269 2967; x_wconf 82' lang='grc' dir='ltr'>λιπὼν</span> <span class='ocrx_word' id='word_1_548' title='bbox 3388 2903 3397 2912; x_wconf 79' lang='grc'><strong><em>’</em></strong></span> 
     </span>
    </p>

    <p class='ocr_par' dir='ltr' id='par_1_19' title="bbox 1831 3004 3405 4268">
     <span class='ocr_line' id='line_1_83' title="bbox 1934 3004 2487 3102; baseline 0.002 -28"><span class='ocrx_word' id='word_1_549' title='bbox 1934 3004 2150 3091; x_wconf 67' lang='grc' dir='ltr'>βέὸηκε</span> <span class='ocrx_word' id='word_1_550' title='bbox 2179 3011 2487 3102; x_wconf 79' lang='grc' dir='ltr'>πρότερος.</span> 
     </span>
     <span class='ocr_line' id='line_1_84' title="bbox 1831 3128 3399 3213; baseline -0.003 -20"><span class='ocrx_word' id='word_1_551' title='bbox 1831 3138 2171 3213; x_wconf 88' lang='lat' dir='ltr'><strong>Scripsimus</strong></span> <span class='ocrx_word' id='word_1_552' title='bbox 2194 3137 2348 3213; x_wconf 82' lang='lat' dir='ltr'><strong>apud</strong></span> <span class='ocrx_word' id='word_1_553' title='bbox 2384 3136 2747 3193; x_wconf 86' lang='lat' dir='ltr'><strong>Plutarchum</strong></span> <span class='ocrx_word' id='word_1_554' title='bbox 2779 3128 3112 3208; x_wconf 77' lang='grc' dir='ltr'>διημείὸοντο</span> <span class='ocrx_word' id='word_1_555' title='bbox 3141 3152 3251 3208; x_wconf 87' lang='lat' dir='ltr'><strong>pro</strong></span> <span class='ocrx_word' id='word_1_556' title='bbox 3280 3132 3399 3202; x_wconf 86' lang='grc' dir='ltr'>διη-</span> 
     </span>
     <span class='ocr_line' id='line_1_85' title="bbox 1833 3218 3399 3300; baseline -0.003 -19"><span class='ocrx_word' id='word_1_557' title='bbox 1833 3222 2079 3300; x_wconf 56' lang='lat' dir='ltr'><strong>netem,</strong></span> <span class='ocrx_word' id='word_1_558' title='bbox 2108 3245 2287 3300; x_wconf 89' lang='lat' dir='ltr'><strong>quum</strong></span> <span class='ocrx_word' id='word_1_559' title='bbox 2326 3235 2598 3300; x_wconf 86' lang='lat' dir='ltr'><strong>sequatur</strong></span> <span class='ocrx_word' id='word_1_560' title='bbox 2624 3220 2692 3280; x_wconf 75' lang='grc' dir='ltr'>τὰ</span> <span class='ocrx_word' id='word_1_561' title='bbox 2714 3218 2903 3298; x_wconf 79' lang='grc' dir='ltr'>ἱμάτια</span> <span class='ocrx_word' id='word_1_562' title='bbox 2920 3265 2938 3296; x_wconf 90' lang='grc'><strong>,</strong></span> <span class='ocrx_word' id='word_1_563' title='bbox 2970 3222 3129 3295; x_wconf 89' lang='lat' dir='ltr'><strong>quod</strong></span> <span class='ocrx_word' id='word_1_564' title='bbox 3149 3222 3233 3277; x_wconf 84' lang='lat' dir='ltr'><strong>illi</strong></span> <span class='ocrx_word' id='word_1_565' title='bbox 3260 3241 3399 3277; x_wconf 90' lang='lat' dir='ltr'><strong>con-</strong></span> 
     </span>
     <span class='ocr_line' id='line_1_86' title="bbox 1834 3310 3401 3385; baseline -0.003 -16"><span class='ocrx_word' id='word_1_566' title='bbox 1834 3316 1994 3371; x_wconf 78' lang='lat' dir='ltr'><strong>venit</strong></span> <span class='ocrx_word' id='word_1_567' title='bbox 2021 3335 2035 3370; x_wconf 85' lang='lat'>:</span> <span class='ocrx_word' id='word_1_568' title='bbox 2068 3335 2126 3372; x_wconf 81' lang='lat' dir='ltr'><strong>v.</strong></span> <span class='ocrx_word' id='word_1_569' title='bbox 2155 3314 2225 3371; x_wconf 90' lang='lat' dir='ltr'><strong>de</strong></span> <span class='ocrx_word' id='word_1_570' title='bbox 2252 3314 2364 3370; x_wconf 88' lang='lat' dir='ltr'><strong>hoc</strong></span> <span class='ocrx_word' id='word_1_571' title='bbox 2394 3332 2501 3369; x_wconf 86' lang='lat' dir='ltr'><strong>usu</strong></span> <span class='ocrx_word' id='word_1_572' title='bbox 2525 3312 2835 3369; x_wconf 80' lang='lat' dir='ltr'><strong>verborum</strong></span> <span class='ocrx_word' id='word_1_573' title='bbox 2874 3310 3111 3385; x_wconf 86' lang='lat' dir='ltr'><strong>pluralis</strong></span> <span class='ocrx_word' id='word_1_574' title='bbox 3134 3311 3357 3366; x_wconf 88' lang='lat' dir='ltr'><strong>numeri</strong></span> <span class='ocrx_word' id='word_1_575' title='bbox 3381 3351 3401 3385; x_wconf 84' lang='lat'><strong>,</strong></span> 
     </span>
     <span class='ocr_line' id='line_1_87' title="bbox 1835 3398 3399 3471; baseline -0.001 -12"><span class='ocrx_word' id='word_1_576' title='bbox 1835 3414 2295 3459; x_wconf 84' lang='lat' dir='ltr'><strong>constructorum</strong></span> <span class='ocrx_word' id='word_1_577' title='bbox 2328 3421 2460 3457; x_wconf 88' lang='lat' dir='ltr'><strong>cum</strong></span> <span class='ocrx_word' id='word_1_578' title='bbox 2482 3402 2813 3456; x_wconf 89' lang='lat' dir='ltr'><strong>nominibus</strong></span> <span class='ocrx_word' id='word_1_579' title='bbox 2836 3400 3172 3471; x_wconf 84' lang='lat' dir='ltr'><strong>collectivis,</strong></span> <span class='ocrx_word' id='word_1_580' title='bbox 3196 3398 3399 3458; x_wconf 78' lang='lat' dir='ltr'><strong>Matth.</strong></span> 
     </span>
     <span class='ocr_line' id='line_1_88' title="bbox 1835 3486 3399 3567; baseline -0.002 -20"><span class='ocrx_word' id='word_1_581' title='bbox 1835 3491 1937 3551; x_wconf 90' lang='lat' dir='ltr'><strong>Gr.</strong></span> <span class='ocrx_word' id='word_1_582' title='bbox 1980 3490 2035 3567; x_wconf 78' lang='lat' dir='ltr'><strong>S.</strong></span> <span class='ocrx_word' id='word_1_583' title='bbox 2107 3490 2251 3563; x_wconf 85' lang='lat'><strong>301,</strong></span> <span class='ocrx_word' id='word_1_584' title='bbox 2292 3489 2457 3545; x_wconf 84' lang='lat' dir='ltr'><strong>Iliad.</strong></span> <span class='ocrx_word' id='word_1_585' title='bbox 2506 3486 2601 3560; x_wconf 77' lang='lat'><strong>15,</strong></span> <span class='ocrx_word' id='word_1_586' title='bbox 2654 3486 2805 3556; x_wconf 75' lang='lat'><strong>265,</strong></span> <span class='ocrx_word' id='word_1_587' title='bbox 2854 3488 3115 3559; x_wconf 78' lang='lat' dir='ltr'><strong>Thucyd.</strong></span> <span class='ocrx_word' id='word_1_588' title='bbox 3158 3490 3209 3557; x_wconf 88' lang='grc' dir='ltr'><strong>Ι,</strong></span> <span class='ocrx_word' id='word_1_589' title='bbox 3266 3490 3399 3557; x_wconf 73' lang='grc'><strong>106,</strong></span> 
     </span>
     <span class='ocr_line' id='line_1_89' title="bbox 1837 3575 3402 3654; baseline -0.003 -19"><span class='ocrx_word' id='word_1_590' title='bbox 1837 3584 1894 3647; x_wconf 88' lang='grc'><strong>4,</strong></span> <span class='ocrx_word' id='word_1_591' title='bbox 1932 3599 2043 3654; x_wconf 90' lang='lat'><strong>99;</strong></span> <span class='ocrx_word' id='word_1_592' title='bbox 2068 3577 2129 3647; x_wconf 88' lang='grc'><strong>6,</strong></span> <span class='ocrx_word' id='word_1_593' title='bbox 2160 3577 2255 3635; x_wconf 86' lang='grc'><strong>35.</strong></span> <span class='ocrx_word' id='word_1_594' title='bbox 2297 3576 2646 3633; x_wconf 80' lang='lat' dir='ltr'><strong>Meti-obium</strong></span> <span class='ocrx_word' id='word_1_595' title='bbox 2672 3575 3145 3631; x_wconf 78' lang='lat' dir='ltr'><strong>Winkelrnannus</strong></span> <span class='ocrx_word' id='word_1_596' title='bbox 3177 3576 3402 3649; x_wconf 83' lang='lat' dir='ltr'><strong>Proleg.</strong></span> 
     </span>
     <span class='ocr_line' id='line_1_90' title="bbox 1835 3662 3401 3739; baseline -0.003 -17"><span class='ocrx_word' id='word_1_597' title='bbox 1835 3667 1911 3722; x_wconf 80' lang='lat' dir='ltr'><strong>ad</strong></span> <span class='ocrx_word' id='word_1_598' title='bbox 1972 3664 2123 3722; x_wconf 85' lang='lat' dir='ltr'><strong>Plat.</strong></span> <span class='ocrx_word' id='word_1_599' title='bbox 2172 3664 2423 3739; x_wconf 83' lang='lat' dir='ltr'><strong>Euthyd.</strong></span> <span class='ocrx_word' id='word_1_600' title='bbox 2473 3684 2536 3739; x_wconf 88' lang='lat' dir='ltr'><strong>p.</strong></span> <span class='ocrx_word' id='word_1_601' title='bbox 2583 3671 2685 3738; x_wconf 88' lang='grc' dir='ltr'><strong>4ο,</strong></span> <span class='ocrx_word' id='word_1_602' title='bbox 2724 3662 3110 3719; x_wconf 85' lang='lat' dir='ltr'><strong>consentiente</strong></span> <span class='ocrx_word' id='word_1_603' title='bbox 3157 3662 3401 3737; x_wconf 82' lang='lat' dir='ltr'><strong>Bergkio</strong></span> 
     </span>
     <span class='ocr_line' id='line_1_91' title="bbox 1834 3748 3403 3827; baseline -0.004 -17"><span class='ocrx_word' id='word_1_604' title='bbox 1834 3754 2177 3810; x_wconf 88' lang='lat' dir='ltr'><strong>Commentt.</strong></span> <span class='ocrx_word' id='word_1_605' title='bbox 2203 3771 2269 3827; x_wconf 89' lang='lat' dir='ltr'><strong>p.</strong></span> <span class='ocrx_word' id='word_1_606' title='bbox 2306 3771 2401 3826; x_wconf 87' lang='lat'><strong>19,</strong></span> <span class='ocrx_word' id='word_1_607' title='bbox 2426 3749 2671 3807; x_wconf 81' lang='lat' dir='ltr'><strong>eundem</strong></span> <span class='ocrx_word' id='word_1_608' title='bbox 2693 3758 3012 3824; x_wconf 84' lang='lat' dir='ltr'><strong>esseputat,</strong></span> <span class='ocrx_word' id='word_1_609' title='bbox 3040 3766 3210 3822; x_wconf 89' lang='lat' dir='ltr'><strong>quem</strong></span> <span class='ocrx_word' id='word_1_610' title='bbox 3240 3748 3403 3804; x_wconf 85' lang='lat' dir='ltr'><strong>Plato</strong></span> 
     </span>
     <span class='ocr_line' id='line_1_92' title="bbox 1837 3836 3403 3917; baseline -0.004 -19"><span class='ocrx_word' id='word_1_611' title='bbox 1837 3840 2090 3917; x_wconf 79' lang='lat' dir='ltr'><strong>Euthyd.</strong></span> <span class='ocrx_word' id='word_1_612' title='bbox 2120 3860 2182 3915; x_wconf 92' lang='lat' dir='ltr'><strong>p.</strong></span> <span class='ocrx_word' id='word_1_613' title='bbox 2216 3858 2355 3912; x_wconf 74' lang='lat'><strong>272,</strong></span> <span class='ocrx_word' id='word_1_614' title='bbox 2376 3840 2442 3908; x_wconf 93' lang='lat' dir='ltr'><strong>C,</strong></span> <span class='ocrx_word' id='word_1_615' title='bbox 2471 3851 2530 3895; x_wconf 87' lang='lat' dir='ltr'><strong>et</strong></span> <span class='ocrx_word' id='word_1_616' title='bbox 2554 3840 2782 3895; x_wconf 85' lang='lat' dir='ltr'><strong>Menex.</strong></span> <span class='ocrx_word' id='word_1_617' title='bbox 2812 3856 2875 3912; x_wconf 90' lang='lat' dir='ltr'><strong>p.</strong></span> <span class='ocrx_word' id='word_1_618' title='bbox 2915 3836 3048 3908; x_wconf 80' lang='lat'><strong>236,</strong></span> <span class='ocrx_word' id='word_1_619' title='bbox 3073 3838 3115 3892; x_wconf 79' lang='lat' dir='ltr'><strong>A</strong></span> <span class='ocrx_word' id='word_1_620' title='bbox 3134 3877 3153 3906; x_wconf 94' lang='lat'><strong>,</strong></span> <span class='ocrx_word' id='word_1_621' title='bbox 3181 3846 3403 3911; x_wconf 84' lang='lat' dir='ltr'><strong>patrem</strong></span> 
     </span>
     <span class='ocr_line' id='line_1_93' title="bbox 1837 3924 3403 3985; baseline -0.004 -2"><span class='ocrx_word' id='word_1_622' title='bbox 1837 3928 1979 3985; x_wconf 84' lang='lat' dir='ltr'><strong>dicit</strong></span> <span class='ocrx_word' id='word_1_623' title='bbox 2026 3928 2211 3985; x_wconf 88' lang='lat' dir='ltr'><strong>Conni</strong></span> <span class='ocrx_word' id='word_1_624' title='bbox 2264 3926 2533 3983; x_wconf 82' lang='lat' dir='ltr'><strong>fidicinis.</strong></span> <span class='ocrx_word' id='word_1_625' title='bbox 2587 3928 2675 3981; x_wconf 91' lang='lat' dir='ltr'><strong>De</strong></span> <span class='ocrx_word' id='word_1_626' title='bbox 2726 3924 2931 3981; x_wconf 86' lang='lat' dir='ltr'><strong>scribis</strong></span> <span class='ocrx_word' id='word_1_627' title='bbox 2974 3924 3403 3981; x_wconf 84' lang='lat' dir='ltr'><strong>Atheniensium</strong></span> 
     </span>
     <span class='ocr_line' id='line_1_94' title="bbox 1835 4012 3405 4088; baseline -0.001 -16"><span class='ocrx_word' id='word_1_628' title='bbox 1835 4037 1889 4072; x_wconf 81' lang='lat' dir='ltr'><strong>v.</strong></span> <span class='ocrx_word' id='word_1_629' title='bbox 1934 4014 2295 4073; x_wconf 86' lang='lat' dir='ltr'><strong>Sehoemann.</strong></span> <span class='ocrx_word' id='word_1_630' title='bbox 2335 4018 2421 4071; x_wconf 91' lang='lat' dir='ltr'><strong>De</strong></span> <span class='ocrx_word' id='word_1_631' title='bbox 2460 4014 2657 4073; x_wconf 86' lang='lat' dir='ltr'><strong>comit.</strong></span> <span class='ocrx_word' id='word_1_632' title='bbox 2694 4032 2755 4088; x_wconf 89' lang='lat' dir='ltr'><strong>p.</strong></span> <span class='ocrx_word' id='word_1_633' title='bbox 2798 4012 2911 4069; x_wconf 88' lang='grc'><strong>318</strong></span> <span class='ocrx_word' id='word_1_634' title='bbox 2948 4030 3132 4086; x_wconf 64' lang='lat' dir='ltr'><strong>seqq„</strong></span> <span class='ocrx_word' id='word_1_635' title='bbox 3172 4012 3405 4070; x_wconf 79' lang='lat' dir='ltr'><strong>Boeekh.</strong></span> 
     </span>
     <span class='ocr_line' id='line_1_95' title="bbox 1837 4095 3403 4179; baseline -0.004 -18"><span class='ocrx_word' id='word_1_636' title='bbox 1837 4104 2011 4177; x_wconf 79' lang='lat' dir='ltr'><strong>corp.</strong></span> <span class='ocrx_word' id='word_1_637' title='bbox 2046 4105 2330 4179; x_wconf 85' lang='lat' dir='ltr'><strong>inscriptt.</strong></span> <span class='ocrx_word' id='word_1_638' title='bbox 2372 4123 2427 4176; x_wconf 83' lang='grc'><strong>1,</strong></span> <span class='ocrx_word' id='word_1_639' title='bbox 2450 4122 2515 4177; x_wconf 91' lang='lat' dir='ltr'><strong>p.</strong></span> <span class='ocrx_word' id='word_1_640' title='bbox 2544 4120 2679 4172; x_wconf 73' lang='lat'><strong>200,</strong></span> <span class='ocrx_word' id='word_1_641' title='bbox 2704 4112 2814 4157; x_wconf 82' lang='lat' dir='ltr'><strong>etc.</strong></span> <span class='ocrx_word' id='word_1_642' title='bbox 2857 4102 2926 4156; x_wconf 88' lang='lat' dir='ltr'><strong>V.</strong></span> <span class='ocrx_word' id='word_1_643' title='bbox 2962 4099 2995 4155; x_wconf 88' lang='grc'><strong>3</strong></span> <span class='ocrx_word' id='word_1_644' title='bbox 3026 4100 3159 4155; x_wconf 87' lang='lat' dir='ltr'><strong>libri</strong></span> <span class='ocrx_word' id='word_1_645' title='bbox 3182 4095 3403 4177; x_wconf 85' lang='grc' dir='ltr'>πρώτῳ,</span> 
     </span>
     <span class='ocr_line' id='line_1_96' title="bbox 1836 4187 3402 4268; baseline -0.004 -23"><span class='ocrx_word' id='word_1_646' title='bbox 1836 4190 2033 4248; x_wconf 86' lang='lat' dir='ltr'><strong>Reisk.</strong></span> <span class='ocrx_word' id='word_1_647' title='bbox 2082 4188 2293 4268; x_wconf 85' lang='grc' dir='ltr'>πρόμῳ,</span> <span class='ocrx_word' id='word_1_648' title='bbox 2343 4191 2703 4245; x_wconf 83' lang='lat' dir='ltr'><strong>Hermannus</strong></span> <span class='ocrx_word' id='word_1_649' title='bbox 2746 4187 3127 4263; x_wconf 82' lang='lat' dir='ltr'><strong>probabiliter</strong></span> <span class='ocrx_word' id='word_1_650' title='bbox 3172 4188 3402 4263; x_wconf 78' lang='grc' dir='ltr'>προτοῦ,</span> 
     </span>
    </p>
   </div>
   <div class='ocr_carea' id='block_1_15' title="bbox 1835 4274 3407 4438">
    <p class='ocr_par' dir='ltr' id='par_1_20' title="bbox 1835 4274 3407 4438">
     <span class='ocr_line' id='line_1_97' title="bbox 1835 4274 3407 4350; baseline -0.004 -16"><span class='ocrx_word' id='word_1_651' title='bbox 1835 4280 1994 4334; x_wconf 79' lang='lat' dir='ltr'><strong>olim.</strong></span> <span class='ocrx_word' id='word_1_652' title='bbox 2018 4309 2099 4321; x_wconf 97' lang='lat'><strong>—</strong></span> <span class='ocrx_word' id='word_1_653' title='bbox 2135 4279 2296 4335; x_wconf 88' lang='lat' dir='ltr'><strong>Obiit</strong></span> <span class='ocrx_word' id='word_1_654' title='bbox 2325 4278 2532 4334; x_wconf 88' lang='lat' dir='ltr'><strong>Cimon</strong></span> <span class='ocrx_word' id='word_1_655' title='bbox 2578 4276 2797 4350; x_wconf 79' lang='lat' dir='ltr'><strong>olymp.</strong></span> <span class='ocrx_word' id='word_1_656' title='bbox 2834 4274 2931 4345; x_wconf 75' lang='lat'><strong>82,</strong></span> <span class='ocrx_word' id='word_1_657' title='bbox 2968 4275 2999 4331; x_wconf 84' lang='lat'>3</span> <span class='ocrx_word' id='word_1_658' title='bbox 3034 4292 3048 4331; x_wconf 72' lang='grc' dir='ltr'><em>τ</em></span> <span class='ocrx_word' id='word_1_659' title='bbox 3094 4274 3208 4328; x_wconf 88' lang='lat' dir='ltr'><strong>hoc</strong></span> <span class='ocrx_word' id='word_1_660' title='bbox 3255 4292 3407 4330; x_wconf 77' lang='lat' dir='ltr'><strong>anno</strong></span> 
     </span>
     <span class='ocr_line' id='line_1_98' title="bbox 1837 4360 2963 4438; baseline -0.003 -21"><span class='ocrx_word' id='word_1_661' title='bbox 1837 4365 2013 4437; x_wconf 83' lang='lat' dir='ltr'><strong>igitur</strong></span> <span class='ocrx_word' id='word_1_662' title='bbox 2036 4366 2125 4419; x_wconf 80' lang='lat' dir='ltr'><strong>vel</strong></span> <span class='ocrx_word' id='word_1_663' title='bbox 2148 4364 2411 4438; x_wconf 84' lang='lat' dir='ltr'><strong>sequenti</strong></span> <span class='ocrx_word' id='word_1_664' title='bbox 2433 4362 2555 4417; x_wconf 82' lang='lat' dir='ltr'><strong>haec</strong></span> <span class='ocrx_word' id='word_1_665' title='bbox 2590 4360 2789 4419; x_wconf 80' lang='lat' dir='ltr'><strong>fabula</strong></span> <span class='ocrx_word' id='word_1_666' title='bbox 2818 4372 2963 4415; x_wconf 76' lang='lat' dir='ltr'><strong>acta.</strong></span> 
     </span>
    </p>
   </div>
   <div class='ocr_carea' id='block_1_16' title="bbox 2600 4486 2652 4519">
    <p class='ocr_par' dir='ltr' id='par_1_21' title="bbox 2600 4486 2652 4519">
     <span class='ocr_line' id='line_1_99' title="bbox 2600 4486 2652 4519; baseline -0.038 0"><span class='ocrx_word' id='word_1_667' title='bbox 2600 4486 2652 4519; x_wconf 76' lang='lat'><strong>2.</strong></span> 
     </span>
    </p>
   </div>
   <div class='ocr_carea' id='block_1_17' title="bbox 1843 4576 3403 4747">
    <p class='ocr_par' dir='ltr' id='par_1_22' title="bbox 1843 4576 3403 4747">
     <span class='ocr_line' id='line_1_100' title="bbox 1919 4576 3403 4653; baseline -0.007 -13"><span class='ocrx_word' id='word_1_668' title='bbox 1919 4582 2174 4640; x_wconf 86' lang='lat' dir='ltr'><strong>Clemens</strong></span> <span class='ocrx_word' id='word_1_669' title='bbox 2219 4582 2379 4637; x_wconf 81' lang='lat' dir='ltr'><strong>Alex.</strong></span> <span class='ocrx_word' id='word_1_670' title='bbox 2422 4583 2631 4637; x_wconf 89' lang='lat' dir='ltr'><strong>Strom.</strong></span> <span class='ocrx_word' id='word_1_671' title='bbox 2681 4600 2734 4646; x_wconf 87' lang='lat'><strong>1,</strong></span> <span class='ocrx_word' id='word_1_672' title='bbox 2776 4599 2833 4653; x_wconf 86' lang='lat' dir='ltr'><strong>p.</strong></span> <span class='ocrx_word' id='word_1_673' title='bbox 2873 4578 2988 4632; x_wconf 82' lang='lat'><strong>280</strong></span> <span class='ocrx_word' id='word_1_674' title='bbox 3020 4576 3192 4650; x_wconf 65' lang='lat'>(329)</span> <span class='ocrx_word' id='word_1_675' title='bbox 3237 4594 3250 4632; x_wconf 91' lang='lat'><strong>:</strong></span> <span class='ocrx_word' id='word_1_676' title='bbox 3302 4576 3403 4653; x_wconf 86' lang='grc' dir='ltr'><strong>Κρ.</strong></span> 
     </span>
     <span class='ocr_line' id='line_1_101' title="bbox 1843 4660 3225 4747; baseline -0.005 -21"><span class='ocrx_word' id='word_1_677' title='bbox 1843 4672 1967 4747; x_wconf 76' lang='grc' dir='ltr'>γοῦν</span> <span class='ocrx_word' id='word_1_678' title='bbox 1992 4668 2045 4725; x_wconf 79' lang='grc' dir='ltr'><strong>ἐν</strong></span> <span class='ocrx_word' id='word_1_679' title='bbox 2073 4674 2179 4733; x_wconf 87' lang='grc' dir='ltr'>τοῖς</span> <span class='ocrx_word' id='word_1_680' title='bbox 2204 4665 2527 4747; x_wconf 77' lang='grc' dir='ltr'>Ἀρχιλόχοις</span> <span class='ocrx_word' id='word_1_681' title='bbox 2554 4662 2775 4733; x_wconf 77' lang='grc' dir='ltr'>ποιητὰς</span> <span class='ocrx_word' id='word_1_682' title='bbox 2802 4660 3092 4731; x_wconf 81' lang='grc' dir='ltr'>καταλέξας</span> <span class='ocrx_word' id='word_1_683' title='bbox 3127 4662 3225 4742; x_wconf 72' lang='grc' dir='ltr'><strong>ἔφη</strong></span> 
     </span>
    </p>
   </div>
   <div class='ocr_carea' id='block_1_18' title="bbox 1840 4916 3341 5252">
    <p class='ocr_par' dir='ltr' id='par_1_23' title="bbox 1840 4916 2971 4991">
     <span class='ocr_line' id='line_1_102' title="bbox 1840 4916 2971 4991; baseline -0.005 -15"><span class='ocrx_word' id='word_1_684' title='bbox 1840 4918 2203 4991; x_wconf 86' lang='lat' dir='ltr'><strong>omniumque</strong></span> <span class='ocrx_word' id='word_1_685' title='bbox 2224 4919 2355 4974; x_wconf 84' lang='lat' dir='ltr'><strong>olim</strong></span> <span class='ocrx_word' id='word_1_686' title='bbox 2386 4918 2703 4975; x_wconf 65' lang='lat' dir='ltr'><strong>Graecorum</strong></span> <span class='ocrx_word' id='word_1_687' title='bbox 2732 4916 2971 4989; x_wconf 79' lang='lat' dir='ltr'><strong>optimc,</strong></span> 
     </span>
    </p>

    <p class='ocr_par' dir='ltr' id='par_1_24' title="bbox 1841 5003 3033 5069">
     <span class='ocr_line' id='line_1_103' title="bbox 1841 5003 3033 5069; baseline -0.005 -7"><span class='ocrx_word' id='word_1_688' title='bbox 1841 5007 2071 5063; x_wconf 86' lang='lat' dir='ltr'><strong>Cimone</strong></span> <span class='ocrx_word' id='word_1_689' title='bbox 2092 5045 2107 5069; x_wconf 85' lang='lat'>‚</span> <span class='ocrx_word' id='word_1_690' title='bbox 2138 5003 2283 5061; x_wconf 76' lang='lat' dir='ltr'><strong>felici</strong></span> <span class='ocrx_word' id='word_1_691' title='bbox 2311 5012 2594 5061; x_wconf 83' lang='lat' dir='ltr'><strong>senectute</strong></span> <span class='ocrx_word' id='word_1_692' title='bbox 2616 5004 2995 5061; x_wconf 84' lang='lat' dir='ltr'><strong>convivantem</strong></span> <span class='ocrx_word' id='word_1_693' title='bbox 3019 5043 3033 5067; x_wconf 88' lang='lat'>‚</span> 
     </span>
    </p>

    <p class='ocr_par' dir='ltr' id='par_1_25' title="bbox 1842 5086 3341 5252">
     <span class='ocr_line' id='line_1_104' title="bbox 1842 5086 3341 5159; baseline -0.005 -9"><span class='ocrx_word' id='word_1_694' title='bbox 1842 5102 2014 5150; x_wconf 83' lang='lat' dir='ltr'><strong>totam</strong></span> <span class='ocrx_word' id='word_1_695' title='bbox 2039 5100 2203 5149; x_wconf 70' lang='lat' dir='ltr'><strong>vitam</strong></span> <span class='ocrx_word' id='word_1_696' title='bbox 2231 5091 2525 5149; x_wconf 82' lang='lat' dir='ltr'><strong>ducturum</strong></span> <span class='ocrx_word' id='word_1_697' title='bbox 2554 5107 2700 5159; x_wconf 81' lang='lat' dir='ltr'><strong>esse3</strong></span> <span class='ocrx_word' id='word_1_698' title='bbox 2727 5090 2825 5149; x_wconf 88' lang='lat' dir='ltr'><strong>sed</strong></span> <span class='ocrx_word' id='word_1_699' title='bbox 2855 5090 2945 5147; x_wconf 87' lang='lat' dir='ltr'><strong>ille</strong></span> <span class='ocrx_word' id='word_1_700' title='bbox 2973 5104 3059 5145; x_wconf 84' lang='lat' dir='ltr'><strong>me</strong></span> <span class='ocrx_word' id='word_1_701' title='bbox 3086 5086 3341 5143; x_wconf 77' lang='lat' dir='ltr'><strong>deserens</strong></span> 
     </span>
     <span class='ocr_line' id='line_1_105' title="bbox 1843 5179 2165 5252; baseline -0.012 -15"><span class='ocrx_word' id='word_1_702' title='bbox 1843 5179 1977 5237; x_wconf 76' lang='lat' dir='ltr'><strong>abiit</strong></span> <span class='ocrx_word' id='word_1_703' title='bbox 2004 5180 2165 5252; x_wconf 78' lang='lat' dir='ltr'><strong>prior.</strong></span> 
     </span>
    </p>
   </div>
  </div>
 </body>
</html>
