3809 5850
465 494 574 546 178

1448 468 1855 530 coMOEmAE
1899 465 2226 528 VETEms
2269 463 2683 538 RELIQUIAE.

464 645 487 668 .-
524 621 653 672 Duo
674 610 932 668 Pisandri
952 610 1005 662 in
1024 608 1251 662 illorum
1273 615 1595 680 temporum
1607 603 1843 658 historia
1862 621 2023 657 com·
2112 600 2164 657 ἐν
2178 597 2258 660 Μ.
2279 596 2569 664 Εὐπόλιδος
2585 585 2723 656 οἶδα.
2745 596 2898 654 κάκεῖ
2907 593 3006 674 γὰρ
3024 595 3115 664 τὴν
3135 593 3439 674 Ὑπερΰόλου
3453 596 3618 676 μητέρι

394 741 400 746 -
452 711 867 768 memorantur,
904 714 1151 772 quorum
1180 694 1322 749 alter
1367 693 1577 747 nullius
1610 691 1786 746 homo
1832 689 2024 765 digni·
2109 685 2268 764 τηλία
2298 684 2523 761 εἰκάζει,
2560 689 2627 765 τῇ
2655 683 2883 765 πλατείᾳ
2911 683 3106 746 σανίδι.
3133 680 3263 749 τινὲς
3290 681 3340 741 δὲ
3362 684 3522 755 τηλίαν
3545 685 3620 752 ξύ-

459 795 602 862 tatis,
630 785 877 868 στρεὸλὸς
906 787 1117 842 dicitur
1156 779 1440 858 (Photius
1480 799 1537 853 p.
1567 777 1706 847 543,
1745 797 1799 848 1,
1828 797 2024 852 στρε-
2110 777 2200 834 λον
2226 776 2354 856 φασὶ
2379 772 2580 846 πλατὺ,
2603 775 2674 837 εἰς
2696 770 2726 832 ὃ
2755 773 2805 831 οἱ
2833 771 3116 851 ἀρτοκόποι
3151 769 3269 838 τοὺς
3293 771 3460 850 ἄρτους
3479 773 3620 845 emer,-

458 880 620 939 ὅλὸν
648 875 735 935 τὸν
763 870 990 952 στραὸὸν
1023 869 1296 947 λέγουσιν,
1330 869 1400 932 ὡς
1435 868 1523 936 Ε.,
1566 877 1623 922 et
1646 867 1854 924 Zonar.
1882 868 2021 937 Lex.

456 990 516 1045 p.
549 965 697 1039 1675
715 963 769 1042 );
802 964 873 1019 de
901 962 1082 1017 altero
1112 958 1484 1014 celeberrimo
1508 956 1687 1012 schol.
1713 955 1783 1009 ad
1808 951 2024 1010 1111501ιί-

456 1077 589 1114 nem
635 1059 721 1112 De
764 1054 899 1109 falsa
937 1052 1044 1123 leg.
1084 1047 1117 1122 §
1160 1045 1227 1102 51
1268 1065 1283 1104 :
1320 1045 1369 1102 οἳ
1404 1042 1523 1122 περὶ
1570 1041 1891 1118 Πείσανδρον
1939 1039 2026 1097 τὸν

458 1141 715 1226 Ἀχαρνέα
732 1187 747 1215 ,
778 1135 1087 1216 δημαγωγὸν
1104 1181 1119 1210 ,
1148 1133 1360 1193 ἔπεισαν
1385 1131 1472 1192 τὸν
1498 1132 1694 1206 δῆμον,
1722 1128 1833 1186 ἐπεὶ
1862 1129 2028 1186 δεῖται

456 1235 525 1294 τὰ
562 1233 856 1314 πράγματα
884 1227 1111 1296 σπουδῆς
1140 1222 1231 1282 καὶ
1260 1221 1485 1288 ἐπινοίας
1516 1217 1762 1300 ταχείας,
1799 1215 2030 1287 ποιήσα-

458 1330 579 1383 σθαι
600 1319 803 1400 κυρίους
828 1313 1069 1375 ἁπάντων
1099 1309 1481 1392 Τετρακοσίους
1506 1307 1524 1388 (
1548 1311 1763 1384 olymp.
1796 1327 1897 1384 92,
1931 1305 2026 1380 ι’).

458 1413 653 1472 Schol.
692 1407 983 1481 Aristoph.
1026 1405 1257 1478 Lysistr.
1290 1409 1405 1476 [⁸90
1448 1421 1461 1455 :
1498 1395 1608 1456 ἔστι
1646 1397 1700 1454 δὲ
1745 1395 1833 1453 καὶ
1876 1393 2032 1457 ἄλλος

460 1499 813 1576 Πείσανδρος,
843 1497 871 1552 ὁ
910 1489 1255 1564 Ὀνοκίνδιος,
1286 1491 1356 1554 ὡς
1382 1489 1451 1547 Ε.
1486 1483 1737 1564 διακρίνει
1764 1481 1859 1552 τὴν
1888 1485 2032 1558 ὁμω-

460 1588 645 1667 νυμίαν
691 1589 743 1646 ἐν
788 1587 1029 1661 Μαρικᾷ.
1089 1584 1175 1637 De
1225 1579 1525 1636 venalitate
1569 1576 1691 1648 ejus
1734 1594 1790 1632 v.
1844 1573 2026 1630 schol.

460 1681 665 1738 Avium
690 1689 747 1733 et
775 1675 1009 1748 Lysistr.
1042 1670 1105 1728 11.
1140 1687 1277 1725 cc..·
1308 1668 1361 1724 E
1388 1667 1473 1724 M.
1506 1665 1651 1722 Hist.
1704 1664 1836 1718 erit.
1866 1662 2029 1718 Com.

458 1788 521 1842 p.
556 1765 665 1837 176
700 1781 819 1837 seq.
844 1763 1109 1818 Ceterum
1130 1773 1295 1810 versu
1321 1774 1355 1812 2
1392 1753 1525 1808 libri
1558 1746 1619 1808 οὔ
1650 1748 1765 1806 ἀλλ’
1783 1793 1802 1826 ,
1835 1749 2036 1804 hausta

462 1879 494 1912 κ
524 1857 711 1910 littera
732 1852 806 1907 ab
831 1871 864 1906 α
888 1847 1078 1912 simili,
1105 1863 1231 1917 quae
1255 1842 1529 1916 sequitur.
1560 1838 1824 1894 Correxit
1844 1839 2033 1912 Toup.

465 1942 702 2002 1111101111.
728 1960 787 2010 α,
807 1957 869 2014 p.
894 1937 989 2007 67.
1008 1930 1365 2000 Οδνοκίνδιος,
1390 1933 1684 1994 asinar-ins,
1715 1943 2038 2000 cognomen

464 2031 769 2087 ridiculum
797 2023 1055 2082 Pisandri
1086 2021 1243 2098 apud
1277 2019 1569 2078 Comicosz
1613 2040 1635 2065 ιι
1666 2025 1723 2071 et
1750 2014 2038 2088 praecipua

466 2120 711 2194 quadam
766 2113 933 2173 laude
979 2111 1310 2169 serebantur
1362 2107 1504 2164 asini
1564 2101 2036 2160 Acharnensium.

468 2211 708 2283 Diogen.
736 2201 1013 2260 Proverb.
1048 2219 1103 2276 1,
1135 2198 1233 2268 26,
1281 2191 1580 2270 Ἀντρώνιος
1608 2191 1719 2257 ὄνος
1754 2211 1767 2247 :
1810 2188 1897 2248 ἐπὶ
1935 2191 2038 2246 τῶν

466 2296 707 2373 μεγάλων
727 2290 819 2352 καὶ
842 2287 1034 2370 ἀγρίων
1054 2285 1147 2344 καὶ
1172 2281 1542 2362 ἄνενεργήτων.
1568 2283 1621 2338 ἐν
1648 2279 1889 2357 Ἄντρῶνι
1914 2275 2036 2355 γὰρ,

464 2383 533 2450 ὥς
568 2405 697 2463 φησι
722 2374 1097 2457 Φερεκράτης,
1128 2371 1351 2451 μεγάλοι
1384 2369 1493 2430 ὄνοι
1522 2369 1771 2446 ἐγίνοντο.
1806 2365 1857 2425 Ἀ
1876 2387 1917 2442 χ
1928 2388 2038 2444 αρ-

465 2471 643 2529 νικοὶ
686 2467 828 2526 ὄνοι
855 2464 943 2522 ἐπὶ
988 2464 1092 2520 τῶν
1121 2462 1311 2520 αὐτῶν.
1362 2459 1610 2534 Hesych.
1642 2451 2041 2532 Ἀχαρνικοί

466 2560 571 2619 ὄνοι
596 2578 610 2619 :
637 2555 723 2615 ἐπὶ
744 2557 846 2613 τῶν
890 2549 1131 2629 μεγάλων
1151 2547 1315 2615 οὕτως
1334 2546 1527 2621 ἔλεγον.
1556 2571 1579 2596 ιι
1600 2547 1683 2603 Μ.
1708 2543 1795 2602 Cf.
1818 2543 2042 2600 Schnei-

468 2651 587 2708 der.
615 2647 749 2707 Lex.
774 2663 833 2700 v.
861 2637 1198 2704 Ὀνοκίνδιος.

1218 2755 1276 2806 7.

548 2861 741 2920 Schol.
774 2857 950 2934 Soph.
980 2851 1193 2927 OEdip.
1228 2849 1358 2908 Col.
1400 2849 1548 2904 1600
1574 2863 1589 2905 :
1618 2841 1837 2922 εὖχλόου
1857 2841 2046 2919 Δήμη-

468 2974 585 3030 τρος
606 2945 741 3029 ἱερόν
772 2948 883 3004 ἐστι
906 2940 1033 3021 πρὸς
1061 2942 1125 3015 τῇ
1146 2936 1455 3017 ἀκροπόλει.
1492 2934 1580 2992 καὶ
1613 2936 1676 2993 Ε.
1704 2936 1780 2993 Μ.

568 3060 722 3131 [008
762 3061 891 3129 εὐθὺ
926 3058 1161 3133 πόλεως
1196 3050 1351 3145 εἶμι·
1388 3054 1561 3119 θῦσαι
1591 3049 1704 3144 γάρ
1740 3074 1817 3141 με
1851 3041 1955 3115 δεῖ

568 3171 729 3263 κριὸν
763 3166 937 3259 Χλόῃ
974 3166 1267 3255 Δήμητρι.

472 3297 592 3355 ἔνθα
622 3296 906 3369 δηλοῦται,
947 3289 1027 3349 ὅτι
1076 3285 1169 3346 καὶ
1209 3293 1384 3365 κριὸς,
1433 3282 1566 3363 (οὗ)
1610 3281 1793 3355 θήλεια
1828 3284 1895 3363 τῇ
1945 3282 2047 3361 θεῷ

470 3384 637 3462 ταύτῃ
686 3380 891 3440 θύεται·
946 3376 1085 3437 οὕτω
1136 3372 1195 3434 δὲ
1244 3380 1464 3448 τιμᾶται
1510 3372 1571 3428 ἐκ
1612 3373 1706 3441 τῆς
1750 3368 1890 3427 κατὰ
1944 3371 2046 3426 τῶν

473 3473 655 3544 κήπων
674 3471 864 3550 χλόης·
899 3466 1078 3526 θύουσί
1104 3486 1161 3523 τε
1190 3462 1545 3541 θαργηλιῶνος
1574 3456 1725 3536 ἕκτῃ.
1755 3462 1840 3516 De
1878 3459 2048 3518 Cere·

472 3566 549 3621 ris
570 3558 746 3631 Χλόης
764 3557 1087 3637 sanctuario
1111 3556 1171 3610 in
1200 3554 1350 3609 clivo
1374 3552 1520 3607 arcis
1543 3550 1850 3606 Athearum
1875 3548 2048 3606 Mein.

474 3652 659 3708 evolvi
690 3650 857 3721 jussit
881 3646 1064 3702 Leake
1096 3646 1330 3717 Topogr.
1361 3635 1441 3711 qs
1466 3638 1599 3697 Ath.
1626 3658 1685 3713 p.
1726 3656 1834 3707 172
1864 3656 2050 3710 seqq„

474 3751 531 3795 et
560 3739 631 3795 (10
656 3739 778 3812 ipsa
808 3735 915 3791 dea
937 3736 1205 3790 Creuzer.
1239 3728 1499 3801 Symbol.
1534 3733 1674 3800 4,p.
1702 3724 1837 3790 314.
1870 3725 2052 3783 Fritz·

475 3828 663 3883 schius
695 3824 873 3897 (Actt.
896 3822 1107 3877 Societ.
1132 3819 1229 3875 Gr.
1252 3836 1315 3892 p.
1343 3815 1477 3890 138)
1500 3816 1589 3870 his
1614 3814 1808 3869 verbis
1827 3812 2052 3868 ostendi

475 3914 557 3971 ait
584 3914 643 3966 in
664 3911 757 3983 jus
786 3918 1053 3964 vocatum
1090 3904 1522 3979 Hyperbolum:
1551 3919 1703 3956 nunc
1742 3900 1895 3955 enim
1933 3897 2051 3969 ejus

474 4013 711 4060 matrem
744 3998 953 4074 gratias
977 4006 1236 4051 acturam
1258 4011 1375 4049 esse
1396 3992 1619 4061 Cereri,
1653 3988 1813 4063 quod
1830 3987 2052 4061 judices

476 4092 654 4148 filium
675 4087 1055 4145 absolvissent.
1079 4082 1251 4141 Mein.
1274 4091 1461 4136 autem
1480 4079 1657 4146 malit,
1680 4076 1739 4131 id
1766 4094 1887 4131 eam
1908 4076 2052 4131 velle

480 4190 815 4256 propterea,
849 4175 1009 4249 quod
1039 4174 1191 4229 filius
1232 4173 1418 4227 salvus
1461 4169 1534 4223 ab
1585 4167 1776 4241 aliqua
1818 4166 2052 4239 expedi-

436 4290 440 4294 ·
482 4272 635 4324 tione
675 4265 932 4322 redierit.
976 4262 1063 4320 Cf.
1110 4262 1182 4319 sr.
1240 4280 1291 4315 1.
1337 4259 1599 4314 Ceterum
1645 4257 1837 4328 inepte
1865 4253 2049 4327 schol.

482 4354 623 4435 κριὸς
647 4352 829 4423 θήλεια
854 4372 869 4406 :
904 4349 1240 4406 inseruimus
1264 4345 1321 4402 οὗ
1338 4387 1354 4415 ,
1382 4343 1541 4418 quod
1564 4344 1709 4399 forte
1732 4342 2051 4416 neglectum

482 4445 655 4500 fuerit
677 4452 809 4517 post
843 4460 895 4504 ος
922 4439 1123 4494 simile.
1164 4438 1291 4491 Vox
1326 4430 1509 4501 θήλεια
1548 4450 1659 4507 per
1681 4450 1741 4486 50
1774 4431 2052 4504 intelliga-

486 4544 607 4603 tur;
639 4530 898 4603 alioquin
916 4528 1089 4585 etiam
1110 4512 1189 4589 οἷς
1213 4522 1487 4580 excidisse
1510 4532 1771 4596 putarem
1796 4520 1944 4573 inter
1969 4514 2056 4584 θή-

484 4622 600 4676 λεια
636 4630 693 4675 et
718 4620 783 4695 τῇ
811 4628 1052 4692 propter
1076 4637 1108 4670 α
1134 4626 1188 4669 et
1216 4633 1295 4681 οι,
1326 4612 1653 4685 pariterque
1676 4628 1707 4664 σ
1734 4618 1790 4662 et
1812 4628 1865 4673 τ,
1895 4605 2054 4660 simi-

487 4710 559 4764 lia
589 4710 645 4764 in
670 4708 848 4764 libris.

1249 4781 1299 4834 8.

568 4902 761 4957 Schol.
782 4898 1077 4971 Aristoph.
1102 4896 1252 4951 Plut.
1286 4892 1457 4963 1037,
1486 4890 1558 4947 de
1582 4886 1737 4965 τηλία
1758 4904 2015 4962 quaerens
2040 4905 2053 4939 :

489 4993 639 5047 τοῦτο
658 4987 710 5045 τί
733 4989 893 5061 ἐστιν,
916 4986 1009 5043 οὔκ
1032 4974 1165 5041 οἶδα·
1189 4979 1267 5039 ὅτι
1287 4980 1341 5038 δὲ
1364 4978 1723 5056 συμὸἄλλεται
1748 4977 1921 5051 (add.
1949 4972 2056 5053 τῷ)

1245 5155 1295 5203 7.

494 5248 567 5299 At
591 5243 647 5297 in
668 5240 861 5297 urbem
887 5254 950 5294 eo
976 5256 991 5289 τ
1018 5237 1301 5294 immolare
1325 5237 1469 5293 enim
1496 5250 1585 5291 me
1607 5240 1819 5307 oportet

499 5331 721 5386 arietem
740 5328 915 5386 Cereri
943 5326 1147 5384 Chioae.

2115 864 2391 943 ραίνουσιν.
2425 865 2496 922 Et
2523 865 2719 940 paucis
2748 863 3064 936 interjectis
3095 880 3110 920 :
3159 859 3310 932 τηλία
3345 859 3444 939 ἔχει
3485 860 3621 936 μέντοι

2113 953 2230 1011 καθ’
2253 950 2407 1010 ἑαυτὸ
2437 951 2630 1031 ἄπορον
2645 973 2657 986 ·
2689 949 2778 1008 ἐὰν
2805 947 2858 1008 δὲ
2885 947 2947 1007 τὸ
2965 949 3020 1006 ἐν
3045 949 3127 1008 Μ.
3152 945 3400 1028 προσέλθῃ
3415 948 3547 1019 ,ἔνθα
3571 952 3623 1014 εἰς

2115 1047 2297 1120 τηλίαν
2339 1047 2467 1126 φησὶ
2511 1045 2578 1105 τὰ
2625 1049 2716 1105 τοῦ
2746 1043 3076 1126 Ὑπερὸόλου
3119 1045 3248 1102 ὀστᾶ
3287 1042 3621 1121 ἕμόεὸλῆσθαι,

2115 1135 2444 1216 ἀπορώτερον
2481 1134 2656 1196 ἔσται.
2703 1133 2948 1207 ζητητέον
2989 1123 3104 1192 οὖν.
3151 1135 3320 1210 Apud
3344 1135 3624 1208 Aristopha-

2115 1246 2244 1283 nem
2271 1227 2310 1287 l.
2341 1245 2396 1285 e.
2428 1244 2566 1282 anus
2591 1241 2612 1286 ἕ

2197 1339 2299 1400 Διὰ
2324 1338 2600 1399 δακτυλίου
2631 1337 2728 1416 μὲν
2755 1327 2842 1396 οὖν
2865 1335 2964 1413 ἐμέ
2982 1337 3032 1414 γ’
3065 1335 3132 1394 ἂν
3159 1334 3456 1401 διελκύσαις.

2119 1457 2220 1512 Cui
2251 1456 2581 1529 Chremylus
2613 1453 2924 1530 respondet
2951 1471 2970 1508 t

2201 1571 2272 1629 Εἰ
2301 1568 2550 1647 τυγχάνει
2569 1567 2616 1646 γ’
2647 1570 2674 1628 ὁ
2699 1564 2974 1633 δακτύλιος
3011 1563 3086 1624 ὧν
3119 1563 3289 1636 τηλία.

2117 1683 2236 1745 Ubi
2258 1683 2414 1754 τηλία
2439 1683 2806 1760 intelligenda
2821 1683 3272 1758 videtur‘margo
3297 1679 3513 1737 rotunda
3539 1679 3627 1734 cri-

2120 1771 2234 1830 bri.
2269 1777 2355 1830 De
2397 1775 2697 1850 Eupolidis
2739 1775 2922 1830 altero
2959 1774 3124 1842 loen,
3154 1791 3324 1845 quum
3363 1771 3466 1844 ipsa
3495 1769 3628 1824 verba

2123 1862 2553 1932 desiderentur,
2603 1861 2893 1918 difficilius
2939 1872 3024 1918 est
3058 1860 3367 1934 judicium;
3413 1877 3502 1912 nec
3530 1874 3629 1910 sanc
3707 1905 3709 1908 Α

2126 1952 2462 2026 Hyperbolo
2517 1953 2742 2008 vivente
2787 1969 2911 2006 ossa
2953 1948 3077 2022 ejus
3111 1948 3265 2020 injici
3301 1947 3482 2002 tabulae
3506 1945 3576 1998 vel
3607 1961 3630 1996 e

2125 2042 2297 2098 clavis
2319 2040 2585 2116 suspendi
2609 2049 2902 2114 poterant,
2925 2038 3028 2094 sed
3055 2038 3315 2112 augurari
3339 2043 3534 2110 poterat
3549 2033 3630 2086 ali-

2126 2131 2286 2203 quis,
2318 2141 2580 2186 eventum
2617 2130 2686 2184 iri
2715 2137 2978 2196 mortuo,
3009 2138 3078 2182 ut
3105 2125 3376 2182 combusti
3411 2139 3516 2177 ossa
3542 2137 3630 2174 non

2125 2219 2519 2294 sepelirentur,
2537 2216 2635 2273 sed
2645 2215 2956 2292 spectanda
2966 2232 3291 2289 exponeren
3298 2224 3401 2280 tur,
3413 2223 3629 2281 tanquam

2126 2307 2388 2382 patibulo
2433 2305 2630 2376 affixa,
2691 2315 2932 2378 propter
2982 2301 3263 2358 maleficia
3299 2298 3535 2354 hominis.
3570 2297 3633 2348 De

2129 2397 2312 2452 forma
2333 2397 2426 2464 τῆς
2451 2391 2636 2464 τηλίας
2661 2393 2928 2468 pluribus
2943 2391 3185 2447 Bekkeri
3213 2407 3436 2465 gramm.
3459 2381 3627 2441 Anecd.

2127 2504 2192 2560 p.
2227 2483 2341 2556 275
2360 2525 2378 2557 ,
2415 2481 2486 2539 15
2534 2499 2550 2541 :
2594 2483 2630 2551 ἡ
2658 2479 2815 2550 τηλία
2860 2477 2915 2537 δὲ
2961 2477 3114 2544 σανὶς
3149 2469 3512 2556 ἀλφιτοπωλικὴ
3535 2469 3633 2524 πλα·

2129 2571 2271 2644 τεῖα,
2298 2563 2711 2656 προσηλωμένας
2733 2567 2928 2646 ἔχουσα
2957 2564 3140 2644 κύκλῳ
3166 2563 3368 2628 σανίδας
3395 2565 3474 2618 τοῦ
3505 2555 3564 2632 μὴ
3585 2553 3632 2610 τᾶ

2131 2658 2325 2737 ἄλφιτα
2353 2655 2645 2714 ἐκπίπτειν.
2677 2661 2766 2714 De
2791 2655 3132 2730 Hyperbolo
3171 2655 3242 2711 cf.
3267 2650 3438 2714 Πόλεις
3471 2648 3528 2703 fr.
3559 2663 3631 2700 2⁰·

2131 2753 2218 2808 De
2243 2749 2443 2804 matris
2466 2746 2782 2822 Hyperboli
2809 2745 3072 2819 partibus
3099 2745 3158 2800 in
3185 2744 3287 2800 hac
3311 2739 3482 2796 fabula
3501 2750 3634 2808 supra
3708 2761 3709 2764 =

2133 2839 2372 2896 dictum.

2891 2974 2950 3027 9.

2215 3074 2468 3153 AEliamps
2486 3075 2554 3131 V.
2587 3074 2662 3127 H.
2703 3089 2800 3144 ια,
2833 3068 2908 3125 30
2940 3088 2957 3125 t
2985 3068 3061 3133 εἷς
3092 3068 3328 3124 τοσοῦτον
3357 3060 3407 3118 δὲ
3434 3057 3520 3136 ἄρα
3557 3056 3636 3113 Κυ-

2131 3161 2339 3241 ρηναῖοι
2378 3161 2573 3239 τρυφῆς
2623 3154 2928 3228 ἐξώκειλαν,
2964 3152 3112 3212 ὥστε
3169 3150 3418 3213 Πλάτωνα
3455 3138 3637 3222 repexi·

2136 3252 2285 3323 λουν,
2310 3246 2396 3305 ἵνα
2427 3249 2601 3311 αὐτοῖς
2622 3248 2836 3323 γένηται
2871 3242 3175 3321 νομοθέτης·
3203 3240 3288 3299 τὸν
3320 3236 3371 3296 δὲ
3399 3226 3640 3299 &nubilio-ai

2138 3362 2268 3420 φασι
2296 3336 2380 3397 διὰ
2421 3336 2517 3407 τὴν
2557 3332 2610 3402 ἐξ
2647 3336 2813 3413 ἀρχῆς
2844 3330 3103 3414 ρᾳθυμίαν
3140 3331 3326 3388 αὗτῶν.
3371 3322 3579 3403 ὁμολογεῖ
3603 3314 3640 3372 δὲ

2138 3426 2228 3487 καὶ
2249 3428 2314 3487 Ε.
2342 3428 2393 3484 ἐν
2419 3426 2496 3504 τῷ
2533 3426 2612 3484 Μ.
2655 3448 2679 3476 ι
2700 3419 2840 3488 ὅστις
2857 3422 3041 3485 ,αὐτῶν
3070 3416 3443 3484 εὐτελέστατος,
3469 3411 3641 3489 σφραγῖ-

2139 3516 2233 3582 δας
2255 3504 2367 3593 εἷχε
2396 3513 2522 3572 δέκα
2555 3513 2719 3587 μνῶν.
2749 3535 2774 3562 ν
2804 3511 2979 3587 παρῆν
3007 3506 3065 3565 δὲ
3087 3503 3426 3581 θαυμάζεσθαι
3453 3496 3530 3557 καὶ
3553 3491 3643 3554 τοὺς

2141 3602 2515 3681 διαγλῦφοντας
2559 3598 2676 3667 τοὺς
2728 3594 3058 3661 δακτυλίους.
3115 3596 3391 3663 Scribam,
3435 3585 3642 3644 versibus

2141 3713 2373 3770 quoque
2395 3694 2690 3759 restitutis,

2239 3850 2335 3859 —-
2355 3812 2566 3875 Αὐτῶν
2605 3800 2663 3872 δ’
2708 3808 2872 3881 ὅστις
2902 3805 3366 3877 εὐτελέστατος,

2247 3911 2372 4008 εἶχε
2401 3907 2736 4003 δεκάμνουν
2779 3902 3101 4002 σφραγῖδα.

2151 4071 2176 4094 ιι
2209 4045 2405 4119 Attigit
2431 4044 2550 4098 haec
2573 4040 2816 4114 Lessing.
2849 4038 3026 4113 Epist.
3057 4037 3336 4109 antiquar.
3361 4027 3512 4099 23,p.
3541 4017 3645 4083 161,

2151 4154 2278 4205 17¹-
2315 4160 2339 4183 ι»
2375 4134 2462 4187 Μ.

2772 4253 2841 4290 10
2889 4254 2964 4277 b
3016 4251 3104 4287 12.

2225 4354 2464 4408 Antiatt.
2497 4369 2554 4425 p.
2587 4368 2681 4421 79,
2717 4364 2808 4419 ιο,
2837 4338 3250 4421 Ἁμαρτωλία
3284 4358 3296 4392 :
3342 4319 3647 4418 Ἀριστοφάνης

2149 4436 2374 4519 Εἷρῆγῃ,
2421 4442 2488 4497 Ε.
2523 4441 2597 4495 Μ.
2645 4434 2910 4491 Ridicule
2950 4434 3011 4487 in
3039 4430 3278 4505 vulgatis
3304 4421 3454 4481 libris
3477 4410 3646 4471 comio·

2145 4530 2284 4588 Pac.
2315 4532 2428 4595 415
2458 4520 2818 4603 ἁρματωλίας.
2843 4553 2920 4563 -
2943 4520 3101 4576 Idem
3125 4532 3354 4593 gramm.
3385 4528 3439 4583 p.
3465 4521 3551 4577 99,
3577 4515 3646 4563 11,

2145 4612 2476 4694 Θερισίιόν
2525 4632 2538 4668 :
2581 4607 2698 4667 ἀντὶ
2738 4612 2827 4665 τοῦ
2871 4604 3099 4682 ἀμητόν.
3149 4598 3415 4679 Ἡρόδοτος
3460 4585 3646 4677 τετάρτῳ.

2147 4706 2304 4780 (40),
2337 4707 2402 4759 Ε.
2437 4705 2515 4758 Μ.
2541 4699 2711 4773 Apud
2733 4696 3094 4753 Herodotum
3121 4691 3345 4767 quidem
3369 4680 3525 4739 hodie
3547 4672 3648 4767 libri

2151 4790 2374 4869 ἀμητὸν,
2402 4790 2500 4848 sed
2531 4790 2734 4844 ver‘eor
2768 4804 2840 4841 ne
2872 4786 2992 4840 haec
3029 4785 3100 4839 sit
3131 4769 3504 4851 interpretatio
3529 4772 3650 4813 vocis

2147 4882 2396 4940 rarioris.
2426 4878 2762 4937 Ammonius
2789 4874 2881 4931 ed,
2909 4872 3104 4929 Valck.
3130 4890 3192 4945 p.
3235 4864 3301 4922 15
3334 4882 3346 4919 ε
3377 4851 3589 4925 ὀξυτόνως
3610 4839 3649 4897 δὲ

2149 4965 2425 5048 ίάμηῗός)
2470 4968 2499 5022 ὁ
2535 4962 2710 5043 xmp&
2755 4965 2844 5019 τοῦ
2887 4956 3160 5034 θερισμοῦ,
3186 4967 3386 5027 tempus
3435 4932 3646 4999 metendi.

3494 5045 3636 5063 “¹“-

2909 5130 2967 5182 9.

2229 5225 2297 5277 Et
2315 5235 2504 5277 eorum
2535 5215 2896 5274 tenuissimus
2913 5212 3142 5284 quisque

2161 5312 2322 5369 1101)οῐ
2349 5310 2614 5366 annulum
2652 5304 2841 5361 decem
2866 5301 3134 5357 minarum
3160 5290 3338 5367 pretio.
