<?xml version="1.0" encoding="UTF-8"?>
<!DOCTYPE html PUBLIC "-//W3C//DTD XHTML 1.0 Transitional//EN"
    "http://www.w3.org/TR/xhtml1/DTD/xhtml1-transitional.dtd">
<html xmlns="http://www.w3.org/1999/xhtml" xml:lang="en" lang="en">
 <head>
  <title>
</title>
<meta http-equiv="Content-Type" content="text/html;charset=utf-8" />
  <meta name='ocr-system' content='tesseract 3.04.00' />
  <meta name='ocr-capabilities' content='ocr_page ocr_carea ocr_par ocr_line ocrx_word'/>
</head>
<body>
  <div class='ocr_page' id='page_1' title='image "./poetarumcomicor01hunzgoog_0225.png"; bbox 0 0 3809 5850; ppageno 0'>
   <div class='ocr_carea' id='block_1_1' title="bbox 201 528 1784 805">
    <p class='ocr_par' dir='ltr' id='par_1_1' title="bbox 201 528 1784 805">
     <span class='ocr_line' id='line_1_1' title="bbox 950 528 1044 595; baseline -0.085 0"><span class='ocrx_word' id='word_1_1' title='bbox 950 528 1044 595; x_wconf 74' lang='grc'><strong>611.</strong></span> 
     </span>
     <span class='ocr_line' id='line_1_2' title="bbox 267 638 1779 715; baseline 0.001 -18"><span class='ocrx_word' id='word_1_2' title='bbox 267 642 468 700; x_wconf 80' lang='lat' dir='ltr'><strong>schol.</strong></span> <span class='ocrx_word' id='word_1_3' title='bbox 499 638 712 715; x_wconf 71' lang='lat' dir='ltr'><strong>Eut-ip.</strong></span> <span class='ocrx_word' id='word_1_4' title='bbox 741 640 904 697; x_wconf 77' lang='lat' dir='ltr'><strong>Med.</strong></span> <span class='ocrx_word' id='word_1_5' title='bbox 936 638 1046 709; x_wconf 87' lang='grc'>517</span> <span class='ocrx_word' id='word_1_6' title='bbox 1067 680 1084 707; x_wconf 94' lang='grc'>,</span> <span class='ocrx_word' id='word_1_7' title='bbox 1114 656 1187 695; x_wconf 79' lang='lat' dir='ltr'><strong>ex</strong></span> <span class='ocrx_word' id='word_1_8' title='bbox 1229 639 1540 694; x_wconf 69' lang='lat' dir='ltr'><strong>Hei-manni</strong></span> <span class='ocrx_word' id='word_1_9' title='bbox 1584 660 1779 699; x_wconf 86' lang='lat' dir='ltr'><strong>corre·</strong></span> 
     </span>
     <span class='ocr_line' id='line_1_3' title="bbox 201 724 1784 805; baseline 0.001 -20"><span class='ocrx_word' id='word_1_10' title='bbox 201 731 430 785; x_wconf 82' lang='lat' dir='ltr'>ctione.</span> <span class='ocrx_word' id='word_1_11' title='bbox 415 750 428 761; x_wconf 95' lang='lat'><strong>·</strong></span> <span class='ocrx_word' id='word_1_12' title='bbox 464 732 502 798; x_wconf 78' lang='grc' dir='ltr'><strong>ἡ</strong></span> <span class='ocrx_word' id='word_1_13' title='bbox 533 726 780 805; x_wconf 84' lang='grc' dir='ltr'>διστιχία</span> <span class='ocrx_word' id='word_1_14' title='bbox 815 729 906 784; x_wconf 78' lang='grc' dir='ltr'>τοῧ</span> <span class='ocrx_word' id='word_1_15' title='bbox 933 730 1093 804; x_wconf 74' lang='grc' dir='ltr'>χοροῦ</span> <span class='ocrx_word' id='word_1_16' title='bbox 1111 726 1222 783; x_wconf 79' lang='grc' dir='ltr'>ἐστι</span> <span class='ocrx_word' id='word_1_17' title='bbox 1258 724 1474 801; x_wconf 77' lang='grc' dir='ltr'>ἷαμὸεἷα</span> <span class='ocrx_word' id='word_1_18' title='bbox 1507 724 1618 789; x_wconf 83' lang='grc' dir='ltr'>δύο.</span> <span class='ocrx_word' id='word_1_19' title='bbox 1645 728 1784 786; x_wconf 80' lang='grc' dir='ltr'>κατὰ</span> 
     </span>
    </p>
   </div>
   <div class='ocr_carea' id='block_1_2' title="bbox 201 811 1782 983">
    <p class='ocr_par' dir='ltr' id='par_1_2' title="bbox 201 811 1782 983">
     <span class='ocr_line' id='line_1_4' title="bbox 201 811 1778 918; baseline 0 -45"><span class='ocrx_word' id='word_1_20' title='bbox 201 815 250 873; x_wconf 77' lang='grc' dir='ltr'>δὲ</span> <span class='ocrx_word' id='word_1_21' title='bbox 271 812 490 882; x_wconf 75' lang='grc' dir='ltr'>τούτους</span> <span class='ocrx_word' id='word_1_22' title='bbox 515 814 638 881; x_wconf 85' lang='grc' dir='ltr'>τους</span> <span class='ocrx_word' id='word_1_23' title='bbox 665 813 885 893; x_wconf 81' lang='grc' dir='ltr'>χρόνους</span> <span class='ocrx_word' id='word_1_24' title='bbox 919 813 1022 918; x_wconf 47' lang='grc' dir='ltr'>ἤίη</span> <span class='ocrx_word' id='word_1_25' title='bbox 1051 811 1116 870; x_wconf 78' lang='grc' dir='ltr'>τὰ</span> <span class='ocrx_word' id='word_1_26' title='bbox 1139 814 1243 870; x_wconf 80' lang='grc' dir='ltr'>τῶν</span> <span class='ocrx_word' id='word_1_27' title='bbox 1265 815 1438 891; x_wconf 81' lang='grc' dir='ltr'>χορῶν</span> <span class='ocrx_word' id='word_1_28' title='bbox 1470 812 1778 895; x_wconf 76' lang='grc' dir='ltr'>ἠμαύρωτο.</span> 
     </span>
     <span class='ocr_line' id='line_1_5' title="bbox 201 900 1782 983; baseline 0.002 -24"><span class='ocrx_word' id='word_1_29' title='bbox 201 904 264 959; x_wconf 83' lang='grc' dir='ltr'>τὰ</span> <span class='ocrx_word' id='word_1_30' title='bbox 287 903 388 979; x_wconf 78' lang='grc' dir='ltr'>μὲν</span> <span class='ocrx_word' id='word_1_31' title='bbox 427 902 536 983; x_wconf 77' lang='grc' dir='ltr'>γὰρ</span> <span class='ocrx_word' id='word_1_32' title='bbox 574 902 784 981; x_wconf 81' lang='grc' dir='ltr'>ἀρχαῖα</span> <span class='ocrx_word' id='word_1_33' title='bbox 825 900 914 959; x_wconf 78' lang='grc' dir='ltr'>διὰ</span> <span class='ocrx_word' id='word_1_34' title='bbox 938 903 1044 959; x_wconf 82' lang='grc' dir='ltr'>τῶν</span> <span class='ocrx_word' id='word_1_35' title='bbox 1069 902 1244 979; x_wconf 82' lang='grc' dir='ltr'>χορῶν</span> <span class='ocrx_word' id='word_1_36' title='bbox 1267 902 1581 960; x_wconf 74' lang='grc' dir='ltr'>ἕπετελιῖτο.</span> <span class='ocrx_word' id='word_1_37' title='bbox 1611 900 1726 961; x_wconf 83' lang='grc' dir='ltr'>ὅθεν</span> <span class='ocrx_word' id='word_1_38' title='bbox 1753 907 1782 962; x_wconf 82' lang='grc' dir='ltr'><strong>ὁ</strong></span> 
     </span>
    </p>
   </div>
   <div class='ocr_carea' id='block_1_3' title="bbox 199 979 1780 1219">
    <p class='ocr_par' dir='ltr' id='par_1_3' title="bbox 199 979 1780 1219">
     <span class='ocr_line' id='line_1_6' title="bbox 203 979 1780 1071; baseline 0.001 -22"><span class='ocrx_word' id='word_1_39' title='bbox 203 989 433 1057; x_wconf 74' lang='grc' dir='ltr'>Εὔπολίς</span> <span class='ocrx_word' id='word_1_40' title='bbox 459 1012 698 1071; x_wconf 73' lang='grc' dir='ltr'>φησιν,ι</span> <span class='ocrx_word' id='word_1_41' title='bbox 671 988 782 1047; x_wconf 72' lang='grc' dir='ltr'>«τί</span> <span class='ocrx_word' id='word_1_42' title='bbox 805 986 960 1068; x_wconf 79' lang='grc' dir='ltr'>χορὸς</span> <span class='ocrx_word' id='word_1_43' title='bbox 987 979 1163 1061; x_wconf 71' lang='grc' dir='ltr'>οὗτος,</span> <span class='ocrx_word' id='word_1_44' title='bbox 1193 988 1392 1047; x_wconf 77' lang='grc' dir='ltr'>κλαίειν</span> <span class='ocrx_word' id='word_1_45' title='bbox 1424 986 1658 1067; x_wconf 81' lang='grc' dir='ltr'>εἴπωμεν</span> <span class='ocrx_word' id='word_1_46' title='bbox 1679 1014 1780 1051; x_wconf 82' lang='grc' dir='ltr'>πυ-</span> 
     </span>
     <span class='ocr_line' id='line_1_7' title="bbox 199 1076 1709 1219; baseline 0 -21"><span class='ocrx_word' id='word_1_47' title='bbox 199 1140 420 1219; x_wconf 70' lang='grc' dir='ltr'>ριίμου·</span> <span class='ocrx_word' id='word_1_48' title='bbox 445 1144 593 1218; x_wconf 80' lang='lat' dir='ltr'><strong>sive,</strong></span> <span class='ocrx_word' id='word_1_49' title='bbox 617 1151 686 1197; x_wconf 84' lang='lat' dir='ltr'>ut</span> <span class='ocrx_word' id='word_1_50' title='bbox 708 1140 843 1198; x_wconf 87' lang='lat' dir='ltr'><strong>cod.</strong></span> <span class='ocrx_word' id='word_1_51' title='bbox 873 1076 1270 1218; x_wconf 63' lang='grc' dir='ltr'><strong>Ῑ·“101.πυρανῗ.</strong></span> <span class='ocrx_word' id='word_1_52' title='bbox 1307 1142 1709 1198; x_wconf 67' lang='lat' dir='ltr'><strong>Hel-mannus:</strong></span> 
     </span>
    </p>
   </div>
   <div class='ocr_carea' id='block_1_4' title="bbox 291 1254 1780 1551">
    <p class='ocr_par' dir='ltr' id='par_1_4' title="bbox 291 1254 1780 1551">
     <span class='ocr_line' id='line_1_8' title="bbox 291 1254 1780 1352; baseline 0.001 -28"><span class='ocrx_word' id='word_1_53' title='bbox 291 1257 404 1335; x_wconf 82' lang='grc' dir='ltr'>Τίς</span> <span class='ocrx_word' id='word_1_54' title='bbox 437 1258 620 1352; x_wconf 72' lang='grc' dir='ltr'>χορὸς</span> <span class='ocrx_word' id='word_1_55' title='bbox 652 1254 864 1337; x_wconf 76' lang='grc' dir='ltr'>οὗτοςς</span> <span class='ocrx_word' id='word_1_56' title='bbox 913 1260 1116 1323; x_wconf 80' lang='grc' dir='ltr'>κλάειν</span> <span class='ocrx_word' id='word_1_57' title='bbox 1160 1254 1426 1347; x_wconf 84' lang='grc' dir='ltr'>εἴπωμεν</span> <span class='ocrx_word' id='word_1_58' title='bbox 1469 1254 1780 1351; x_wconf 78' lang='grc' dir='ltr'>ἀθυρμάτι</span> 
     </span>
     <span class='ocr_line' id='line_1_9' title="bbox 1309 1357 1777 1431; baseline 0.006 -4"><span class='ocrx_word' id='word_1_59' title='bbox 1309 1357 1472 1428; x_wconf 76' lang='grc' dir='ltr'>ἅττα</span> <span class='ocrx_word' id='word_1_60' title='bbox 1504 1374 1777 1431; x_wconf 83' lang='grc' dir='ltr'>τοιαῦτα.</span> 
     </span>
     <span class='ocr_line' id='line_1_10' title="bbox 941 1488 1040 1551; baseline 0.051 -6"><span class='ocrx_word' id='word_1_61' title='bbox 941 1488 1040 1551; x_wconf 85' lang='grc'>65.</span> 
     </span>
    </p>
   </div>
   <div class='ocr_carea' id='block_1_5' title="bbox 189 1598 1782 1769">
    <p class='ocr_par' dir='ltr' id='par_1_5' title="bbox 189 1598 1782 1769">
     <span class='ocr_line' id='line_1_11' title="bbox 271 1598 1782 1681; baseline -0.001 -20"><span class='ocrx_word' id='word_1_62' title='bbox 271 1604 477 1664; x_wconf 84' lang='grc'><strong>801101.</strong></span> <span class='ocrx_word' id='word_1_63' title='bbox 511 1604 760 1677; x_wconf 80' lang='lat' dir='ltr'><strong>AEschyli</strong></span> <span class='ocrx_word' id='word_1_64' title='bbox 787 1604 982 1659; x_wconf 73' lang='lat' dir='ltr'><strong>Proin.</strong></span> <span class='ocrx_word' id='word_1_65' title='bbox 1017 1600 1158 1673; x_wconf 88' lang='grc'><strong>450,</strong></span> <span class='ocrx_word' id='word_1_66' title='bbox 1206 1598 1626 1679; x_wconf 85' lang='grc' dir='ltr'>Προσείλους</span> <span class='ocrx_word' id='word_1_67' title='bbox 1653 1600 1782 1681; x_wconf 82' lang='grc' dir='ltr'>πρὸς</span> 
     </span>
     <span class='ocr_line' id='line_1_12' title="bbox 189 1685 1781 1769; baseline -0.004 -20"><span class='ocrx_word' id='word_1_68' title='bbox 189 1690 344 1761; x_wconf 67' lang='grc' dir='ltr'>ἥλιον</span> <span class='ocrx_word' id='word_1_69' title='bbox 366 1694 603 1769; x_wconf 74' lang='grc' dir='ltr'>ὁρῶντας</span> <span class='ocrx_word' id='word_1_70' title='bbox 623 1687 881 1767; x_wconf 84' lang='grc' dir='ltr'>(δόμους)·</span> <span class='ocrx_word' id='word_1_71' title='bbox 905 1686 995 1746; x_wconf 83' lang='grc' dir='ltr'>καὶ</span> <span class='ocrx_word' id='word_1_72' title='bbox 1015 1688 1079 1747; x_wconf 87' lang='grc' dir='ltr'>Ε.</span> <span class='ocrx_word' id='word_1_73' title='bbox 1108 1713 1133 1738; x_wconf 74' lang='lat'>⁸</span> <span class='ocrx_word' id='word_1_74' title='bbox 1158 1685 1344 1758; x_wconf 78' lang='grc' dir='ltr'>Αὖλὴ</span> <span class='ocrx_word' id='word_1_75' title='bbox 1372 1711 1454 1767; x_wconf 84' lang='grc' dir='ltr'>πρ</span> <span class='ocrx_word' id='word_1_76' title='bbox 1471 1686 1738 1755; x_wconf 84' lang='grc' dir='ltr'>όσειλος.</span> <span class='ocrx_word' id='word_1_77' title='bbox 1757 1714 1781 1742; x_wconf 68' lang='grc' dir='ltr'>ι</span> 
     </span>
    </p>
   </div>
   <div class='ocr_carea' id='block_1_6' title="bbox 87 1776 1777 1853">
    <p class='ocr_par' dir='ltr' id='par_1_6' title="bbox 87 1776 1777 1853">
     <span class='ocr_line' id='line_1_13' title="bbox 87 1776 1777 1853; baseline -0.002 -16"><span class='ocrx_word' id='word_1_78' title='bbox 87 1818 102 1836; x_wconf 66' lang='grc'>.</span> <span class='ocrx_word' id='word_1_79' title='bbox 187 1782 284 1837; x_wconf 83' lang='grc'>810</span> <span class='ocrx_word' id='word_1_80' title='bbox 337 1791 504 1837; x_wconf 83' lang='lat' dir='ltr'><strong>recte</strong></span> <span class='ocrx_word' id='word_1_81' title='bbox 541 1780 737 1853; x_wconf 60' lang='lat' dir='ltr'><strong>Mein„</strong></span> <span class='ocrx_word' id='word_1_82' title='bbox 795 1788 1034 1833; x_wconf 84' lang='lat' dir='ltr'><strong>auctore</strong></span> <span class='ocrx_word' id='word_1_83' title='bbox 1097 1778 1357 1834; x_wconf 83' lang='lat' dir='ltr'><strong>Dawesio</strong></span> <span class='ocrx_word' id='word_1_84' title='bbox 1417 1776 1573 1833; x_wconf 82' lang='lat' dir='ltr'><strong>Misc.</strong></span> <span class='ocrx_word' id='word_1_85' title='bbox 1646 1781 1777 1839; x_wconf 82' lang='lat' dir='ltr'><strong>crit.</strong></span> 
     </span>
    </p>
   </div>
   <div class='ocr_carea' id='block_1_7' title="bbox 181 1862 1782 2034">
    <p class='ocr_par' dir='ltr' id='par_1_7' title="bbox 181 1862 1782 2034">
     <span class='ocr_line' id='line_1_14' title="bbox 183 1862 1775 1945; baseline -0.002 -20"><span class='ocrx_word' id='word_1_86' title='bbox 183 1886 248 1942; x_wconf 93' lang='grc' dir='ltr'>Ρ.</span> <span class='ocrx_word' id='word_1_87' title='bbox 283 1868 435 1939; x_wconf 78' lang='grc'><strong>438,</strong></span> <span class='ocrx_word' id='word_1_88' title='bbox 485 1888 599 1945; x_wconf 85' lang='lat' dir='ltr'>pro</span> <span class='ocrx_word' id='word_1_89' title='bbox 637 1864 916 1943; x_wconf 86' lang='grc' dir='ltr'>πρόσηλος.</span> <span class='ocrx_word' id='word_1_90' title='bbox 960 1862 1269 1939; x_wconf 79' lang='lat' dir='ltr'><strong>Phrynich.</strong></span> <span class='ocrx_word' id='word_1_91' title='bbox 1301 1865 1568 1941; x_wconf 80' lang='lat' dir='ltr'><strong>Append.</strong></span> <span class='ocrx_word' id='word_1_92' title='bbox 1607 1868 1775 1944; x_wconf 84' lang='lat' dir='ltr'><strong>soph.</strong></span> 
     </span>
     <span class='ocr_line' id='line_1_15' title="bbox 181 1949 1782 2034; baseline -0.002 -17"><span class='ocrx_word' id='word_1_93' title='bbox 181 1978 244 2033; x_wconf 93' lang='grc' dir='ltr'>Ρ.</span> <span class='ocrx_word' id='word_1_94' title='bbox 285 1966 366 2027; x_wconf 74' lang='grc'>14</span> <span class='ocrx_word' id='word_1_95' title='bbox 387 2002 406 2033; x_wconf 82' lang='grc'>,</span> <span class='ocrx_word' id='word_1_96' title='bbox 431 1958 542 2029; x_wconf 79' lang='lat'>26,</span> <span class='ocrx_word' id='word_1_97' title='bbox 561 1952 744 2026; x_wconf 77' lang='grc' dir='ltr'>Αῧλὴ</span> <span class='ocrx_word' id='word_1_98' title='bbox 771 1952 1124 2034; x_wconf 85' lang='grc' dir='ltr'>πρόσειλος</span> <span class='ocrx_word' id='word_1_99' title='bbox 1157 1974 1170 2009; x_wconf 93' lang='lat'><strong>:</strong></span> <span class='ocrx_word' id='word_1_100' title='bbox 1202 1956 1238 2024; x_wconf 83' lang='grc' dir='ltr'>ἡ</span> <span class='ocrx_word' id='word_1_101' title='bbox 1259 1951 1390 2033; x_wconf 82' lang='grc' dir='ltr'>πρὸς</span> <span class='ocrx_word' id='word_1_102' title='bbox 1412 1952 1499 2011; x_wconf 83' lang='grc' dir='ltr'>τὸν</span> <span class='ocrx_word' id='word_1_103' title='bbox 1522 1949 1670 2023; x_wconf 78' lang='grc' dir='ltr'>ἥλιον</span> <span class='ocrx_word' id='word_1_104' title='bbox 1693 1976 1782 2013; x_wconf 88' lang='grc' dir='ltr'>τε-</span> 
     </span>
    </p>
   </div>
   <div class='ocr_carea' id='block_1_8' title="bbox 177 2042 1018 2203">
    <p class='ocr_par' dir='ltr' id='par_1_8' title="bbox 177 2042 1018 2203">
     <span class='ocr_line' id='line_1_16' title="bbox 177 2042 1018 2203; baseline 0 -81"><span class='ocrx_word' id='word_1_105' title='bbox 177 2042 506 2123; x_wconf 63' lang='grc' dir='ltr'>τραμμένη·</span> <span class='ocrx_word' id='word_1_106' title='bbox 942 2144 1018 2203; x_wconf 71' lang='grc'>66</span> 
     </span>
    </p>
   </div>
   <div class='ocr_carea' id='block_1_9' title="bbox 179 2264 1782 2797">
    <p class='ocr_par' dir='ltr' id='par_1_9' title="bbox 179 2264 1782 2701">
     <span class='ocr_line' id='line_1_17' title="bbox 259 2264 1782 2344; baseline -0.002 -16"><span class='ocrx_word' id='word_1_107' title='bbox 259 2270 473 2328; x_wconf 83' lang='grc'><strong>801101.</strong></span> <span class='ocrx_word' id='word_1_108' title='bbox 507 2270 800 2344; x_wconf 86' lang='lat' dir='ltr'><strong>Aristoph.</strong></span> <span class='ocrx_word' id='word_1_109' title='bbox 826 2270 993 2343; x_wconf 83' lang='lat' dir='ltr'><strong>Vesp.</strong></span> <span class='ocrx_word' id='word_1_110' title='bbox 1029 2264 1212 2337; x_wconf 88' lang='grc'><strong>1515,</strong></span> <span class='ocrx_word' id='word_1_111' title='bbox 1251 2265 1327 2322; x_wconf 89' lang='lat' dir='ltr'>ad</span> <span class='ocrx_word' id='word_1_112' title='bbox 1354 2266 1530 2323; x_wconf 83' lang='lat' dir='ltr'><strong>verba</strong></span> <span class='ocrx_word' id='word_1_113' title='bbox 1565 2264 1679 2323; x_wconf 76' lang='grc' dir='ltr'>καὶ</span> <span class='ocrx_word' id='word_1_114' title='bbox 1707 2265 1782 2325; x_wconf 80' lang='grc' dir='ltr'>τὸ</span> 
     </span>
     <span class='ocr_line' id='line_1_18' title="bbox 179 2351 1780 2436; baseline -0.006 -19"><span class='ocrx_word' id='word_1_115' title='bbox 179 2356 616 2465; x_wconf 49' lang='grc' dir='ltr'>Φρῃυνίχειον</span> <span class='ocrx_word' id='word_1_116' title='bbox 667 2351 1132 2413; x_wconf 72' lang='grc' dir='ltr'>ἐκλακτισάτω</span> <span class='ocrx_word' id='word_1_117' title='bbox 1181 2374 1324 2418; x_wconf 73' lang='grc' dir='ltr'>τιςε</span> <span class='ocrx_word' id='word_1_118' title='bbox 1370 2352 1526 2424; x_wconf 78' lang='grc' dir='ltr'>δῆλον</span> <span class='ocrx_word' id='word_1_119' title='bbox 1564 2355 1633 2420; x_wconf 83' lang='grc' dir='ltr'>ὡς</span> <span class='ocrx_word' id='word_1_120' title='bbox 1680 2377 1780 2427; x_wconf 85' lang='grc' dir='ltr'>ση-</span> 
     </span>
     <span class='ocr_line' id='line_1_19' title="bbox 181 2434 1779 2521; baseline -0.003 -18"><span class='ocrx_word' id='word_1_121' title='bbox 181 2444 416 2519; x_wconf 57' lang='lat' dir='ltr'>maai&lt;</span> <span class='ocrx_word' id='word_1_122' title='bbox 437 2468 494 2501; x_wconf 85' lang='grc' dir='ltr'>τι</span> <span class='ocrx_word' id='word_1_123' title='bbox 515 2434 582 2515; x_wconf 67' lang='grc' dir='ltr'>ἦν</span> <span class='ocrx_word' id='word_1_124' title='bbox 603 2441 664 2501; x_wconf 77' lang='grc' dir='ltr'>τὸ</span> <span class='ocrx_word' id='word_1_125' title='bbox 687 2440 1100 2521; x_wconf 79' lang='grc' dir='ltr'>Φρυνίχειον</span> <span class='ocrx_word' id='word_1_126' title='bbox 1122 2484 1142 2517; x_wconf 84' lang='lat'>,</span> <span class='ocrx_word' id='word_1_127' title='bbox 1170 2440 1230 2497; x_wconf 84' lang='grc' dir='ltr'>τὸ</span> <span class='ocrx_word' id='word_1_128' title='bbox 1255 2441 1328 2507; x_wconf 86' lang='grc' dir='ltr'>εἷς</span> <span class='ocrx_word' id='word_1_129' title='bbox 1354 2438 1480 2519; x_wconf 74' lang='grc' dir='ltr'>ὕψος</span> <span class='ocrx_word' id='word_1_130' title='bbox 1507 2442 1560 2499; x_wconf 77' lang='grc' dir='ltr'>ἐν</span> <span class='ocrx_word' id='word_1_131' title='bbox 1589 2446 1658 2521; x_wconf 85' lang='grc' dir='ltr'>τῇ</span> <span class='ocrx_word' id='word_1_132' title='bbox 1682 2444 1779 2521; x_wconf 82' lang='grc' dir='ltr'>ὄρ-</span> 
     </span>
     <span class='ocr_line' id='line_1_20' title="bbox 180 2503 1769 2612; baseline -0.001 -21"><span class='ocrx_word' id='word_1_133' title='bbox 180 2532 352 2612; x_wconf 58' lang='lat' dir='ltr'><strong>picti</strong></span> <span class='ocrx_word' id='word_1_134' title='bbox 375 2530 724 2601; x_wconf 71' lang='grc' dir='ltr'>ἐκλακτίζειν.</span> <span class='ocrx_word' id='word_1_135' title='bbox 751 2552 842 2591; x_wconf 89' lang='grc' dir='ltr'>και</span> <span class='ocrx_word' id='word_1_136' title='bbox 865 2532 961 2590; x_wconf 83' lang='grc' dir='ltr'>οὗκ</span> <span class='ocrx_word' id='word_1_137' title='bbox 987 2527 1159 2595; x_wconf 75' lang='grc' dir='ltr'>ἄλλως</span> <span class='ocrx_word' id='word_1_138' title='bbox 1182 2526 1312 2587; x_wconf 80' lang='grc' dir='ltr'>αὐτὸ</span> <span class='ocrx_word' id='word_1_139' title='bbox 1335 2503 1444 2607; x_wconf 75' lang='lat' dir='ltr'><strong>(sic</strong></span> <span class='ocrx_word' id='word_1_140' title='bbox 1468 2532 1636 2589; x_wconf 82' lang='lat' dir='ltr'><strong>Mein.</strong></span> <span class='ocrx_word' id='word_1_141' title='bbox 1657 2551 1769 2608; x_wconf 87' lang='lat' dir='ltr'>pro</span> 
     </span>
     <span class='ocr_line' id='line_1_21' title="bbox 183 2610 682 2701; baseline 0.004 -24"><span class='ocrx_word' id='word_1_142' title='bbox 183 2622 462 2701; x_wconf 67' lang='grc' dir='ltr'>αὐτὸς)Ε</span> <span class='ocrx_word' id='word_1_143' title='bbox 412 2610 682 2683; x_wconf 76' lang='grc' dir='ltr'><strong>Ε..εἷπεν</strong></span> 
     </span>
    </p>

    <p class='ocr_par' dir='ltr' id='par_1_10' title="bbox 943 2726 1042 2797">
     <span class='ocr_line' id='line_1_22' title="bbox 943 2726 1042 2797; baseline 0 -16"><span class='ocrx_word' id='word_1_144' title='bbox 943 2726 1042 2797; x_wconf 88' lang='lat'>67.</span> 
     </span>
    </p>
   </div>
   <div class='ocr_carea' id='block_1_10' title="bbox 185 2834 1774 3095">
    <p class='ocr_par' dir='ltr' id='par_1_11' title="bbox 185 2834 1774 3095">
     <span class='ocr_line' id='line_1_23' title="bbox 265 2834 1774 2915; baseline -0.001 -18"><span class='ocrx_word' id='word_1_145' title='bbox 265 2840 470 2899; x_wconf 85' lang='lat' dir='ltr'><strong>Schol.</strong></span> <span class='ocrx_word' id='word_1_146' title='bbox 493 2840 672 2897; x_wconf 83' lang='lat' dir='ltr'><strong>Thuc.</strong></span> <span class='ocrx_word' id='word_1_147' title='bbox 711 2858 764 2909; x_wconf 87' lang='lat'>1,</span> <span class='ocrx_word' id='word_1_148' title='bbox 795 2837 916 2895; x_wconf 83' lang='lat'>30:</span> <span class='ocrx_word' id='word_1_149' title='bbox 951 2836 1276 2915; x_wconf 79' lang='grc' dir='ltr'>τροπαῖον</span> <span class='ocrx_word' id='word_1_150' title='bbox 1297 2839 1332 2908; x_wconf 82' lang='grc' dir='ltr'>ἡ</span> <span class='ocrx_word' id='word_1_151' title='bbox 1359 2834 1562 2895; x_wconf 79' lang='grc' dir='ltr'>παλαιὰ</span> <span class='ocrx_word' id='word_1_152' title='bbox 1591 2836 1774 2909; x_wconf 79' lang='grc' dir='ltr'><strong>Ἀτθὶς,</strong></span> 
     </span>
     <span class='ocr_line' id='line_1_24' title="bbox 185 2918 1771 3005; baseline 0.001 -21"><span class='ocrx_word' id='word_1_153' title='bbox 185 2918 248 2999; x_wconf 64' lang='grc' dir='ltr'>ἧς</span> <span class='ocrx_word' id='word_1_154' title='bbox 301 2928 451 2987; x_wconf 76' lang='grc' dir='ltr'>ἔστιν</span> <span class='ocrx_word' id='word_1_155' title='bbox 503 2929 604 2998; x_wconf 78' lang='grc' dir='ltr'><strong>Ε...</strong></span> <span class='ocrx_word' id='word_1_156' title='bbox 647 2928 937 3005; x_wconf 82' lang='grc' dir='ltr'>Κρατῖνος,</span> <span class='ocrx_word' id='word_1_157' title='bbox 983 2924 1383 3004; x_wconf 76' lang='grc' dir='ltr'>Ἀριστοφάνης,</span> <span class='ocrx_word' id='word_1_158' title='bbox 1427 2924 1771 3000; x_wconf 82' lang='grc' dir='ltr'><strong>Θουκυδίδης.</strong></span> 
     </span>
     <span class='ocr_line' id='line_1_25' title="bbox 185 3003 1486 3095; baseline -0.002 -21"><span class='ocrx_word' id='word_1_159' title='bbox 185 3017 524 3095; x_wconf 75' lang='grc' dir='ltr'>τρόπαιον</span> <span class='ocrx_word' id='word_1_160' title='bbox 551 3019 588 3086; x_wconf 80' lang='grc' dir='ltr'>ἡ</span> <span class='ocrx_word' id='word_1_161' title='bbox 613 3013 704 3072; x_wconf 82' lang='grc' dir='ltr'>νέα</span> <span class='ocrx_word' id='word_1_162' title='bbox 736 3012 923 3085; x_wconf 81' lang='grc' dir='ltr'><strong>Ἀτθὶς,</strong></span> <span class='ocrx_word' id='word_1_163' title='bbox 943 3003 1008 3084; x_wconf 65' lang='grc' dir='ltr'>ἧς</span> <span class='ocrx_word' id='word_1_164' title='bbox 1030 3015 1142 3072; x_wconf 83' lang='grc' dir='ltr'>ἐστι</span> <span class='ocrx_word' id='word_1_165' title='bbox 1165 3011 1486 3092; x_wconf 76' lang='grc' dir='ltr'>Μένανδρος.</span> 
     </span>
    </p>
   </div>
   <div class='ocr_carea' id='block_1_11' title="bbox 941 3125 1041 3186">
    <p class='ocr_par' dir='ltr' id='par_1_12' title="bbox 941 3125 1041 3186">
     <span class='ocr_line' id='line_1_26' title="bbox 941 3125 1041 3186; baseline 0.013 -4"><span class='ocrx_word' id='word_1_166' title='bbox 941 3125 1041 3186; x_wconf 89' lang='grc'>68.</span> 
     </span>
    </p>
   </div>
   <div class='ocr_carea' id='block_1_12' title="bbox 189 3236 1776 3929">
    <p class='ocr_par' dir='ltr' id='par_1_13' title="bbox 189 3236 1776 3756">
     <span class='ocr_line' id='line_1_27' title="bbox 269 3236 1772 3310; baseline -0.003 -12"><span class='ocrx_word' id='word_1_167' title='bbox 269 3243 475 3299; x_wconf 83' lang='grc'><strong>801101.</strong></span> <span class='ocrx_word' id='word_1_168' title='bbox 512 3237 681 3296; x_wconf 80' lang='lat' dir='ltr'><strong>Iliad.</strong></span> <span class='ocrx_word' id='word_1_169' title='bbox 715 3245 811 3309; x_wconf 97' lang='grc'>14,</span> <span class='ocrx_word' id='word_1_170' title='bbox 838 3243 978 3310; x_wconf 66' lang='grc'><strong>141,</strong></span> <span class='ocrx_word' id='word_1_171' title='bbox 1010 3255 1081 3294; x_wconf 82' lang='lat' dir='ltr'><strong>ex</strong></span> <span class='ocrx_word' id='word_1_172' title='bbox 1106 3236 1428 3296; x_wconf 72' lang='lat' dir='ltr'><strong>Alexandro</strong></span> <span class='ocrx_word' id='word_1_173' title='bbox 1446 3237 1772 3295; x_wconf 83' lang='lat' dir='ltr'><strong>Cotiaeensi:</strong></span> 
     </span>
     <span class='ocr_line' id='line_1_28' title="bbox 189 3323 1774 3408; baseline -0.003 -21"><span class='ocrx_word' id='word_1_174' title='bbox 189 3331 266 3406; x_wconf 67' lang='grc' dir='ltr'>τῷ</span> <span class='ocrx_word' id='word_1_175' title='bbox 289 3327 576 3408; x_wconf 76' lang='grc' dir='ltr'>ἐπίσχοιμι</span> <span class='ocrx_word' id='word_1_176' title='bbox 613 3323 896 3384; x_wconf 73' lang='grc' dir='ltr'>ἀκόλουθόν</span> <span class='ocrx_word' id='word_1_177' title='bbox 932 3325 1046 3383; x_wconf 77' lang='grc' dir='ltr'>ἐστι</span> <span class='ocrx_word' id='word_1_178' title='bbox 1069 3323 1132 3382; x_wconf 76' lang='grc' dir='ltr'>τὸ</span> <span class='ocrx_word' id='word_1_179' title='bbox 1161 3323 1424 3404; x_wconf 72' lang='grc' dir='ltr'>ἕπίσχοις,</span> <span class='ocrx_word' id='word_1_180' title='bbox 1458 3327 1536 3404; x_wconf 79' lang='grc' dir='ltr'>τῷ</span> <span class='ocrx_word' id='word_1_181' title='bbox 1570 3323 1628 3382; x_wconf 74' lang='grc' dir='ltr'>δὲ</span> <span class='ocrx_word' id='word_1_182' title='bbox 1653 3325 1774 3382; x_wconf 71' lang='grc' dir='ltr'>ἐπι-</span> 
     </span>
     <span class='ocr_line' id='line_1_29' title="bbox 190 3411 1774 3494; baseline -0.001 -22"><span class='ocrx_word' id='word_1_183' title='bbox 190 3416 376 3494; x_wconf 67' lang='grc' dir='ltr'>σγοιής</span> <span class='ocrx_word' id='word_1_184' title='bbox 411 3417 478 3474; x_wconf 78' lang='grc' dir='ltr'>τὸ</span> <span class='ocrx_word' id='word_1_185' title='bbox 519 3411 834 3493; x_wconf 70' lang='grc' dir='ltr'>ἐπισχοίην.</span> <span class='ocrx_word' id='word_1_186' title='bbox 847 3456 887 3474; x_wconf 91' lang='grc'>..</span> <span class='ocrx_word' id='word_1_187' title='bbox 931 3414 1012 3492; x_wconf 80' lang='grc' dir='ltr'>τῷ</span> <span class='ocrx_word' id='word_1_188' title='bbox 1053 3411 1112 3470; x_wconf 77' lang='grc' dir='ltr'>δὲ</span> <span class='ocrx_word' id='word_1_189' title='bbox 1159 3417 1461 3491; x_wconf 73' lang='grc' dir='ltr'>χαρακτῆρι</span> <span class='ocrx_word' id='word_1_190' title='bbox 1500 3412 1774 3490; x_wconf 85' lang='grc' dir='ltr'>γενόμενον</span> 
     </span>
     <span class='ocr_line' id='line_1_30' title="bbox 191 3499 1774 3584; baseline -0.004 -20"><span class='ocrx_word' id='word_1_191' title='bbox 191 3504 367 3579; x_wconf 75' lang='grc' dir='ltr'>ὅμοιον</span> <span class='ocrx_word' id='word_1_192' title='bbox 401 3506 484 3584; x_wconf 74' lang='grc' dir='ltr'>τῷ</span> <span class='ocrx_word' id='word_1_193' title='bbox 527 3500 665 3574; x_wconf 76' lang='grc' dir='ltr'>ἰοίην</span> <span class='ocrx_word' id='word_1_194' title='bbox 707 3501 798 3559; x_wconf 74' lang='grc' dir='ltr'>καὶ</span> <span class='ocrx_word' id='word_1_195' title='bbox 827 3500 1084 3580; x_wconf 78' lang='grc' dir='ltr'>ἁγαγοίην</span> <span class='ocrx_word' id='word_1_196' title='bbox 1120 3499 1268 3579; x_wconf 75' lang='grc' dir='ltr'>παρὰ</span> <span class='ocrx_word' id='word_1_197' title='bbox 1305 3502 1553 3581; x_wconf 80' lang='grc' dir='ltr'>Σαπφοῖ,</span> <span class='ocrx_word' id='word_1_198' title='bbox 1582 3499 1774 3581; x_wconf 75' lang='grc' dir='ltr'>καὶτῷ</span> 
     </span>
     <span class='ocr_line' id='line_1_31' title="bbox 191 3585 1776 3678; baseline -0.002 -30"><span class='ocrx_word' id='word_1_199' title='bbox 191 3590 573 3672; x_wconf 77' lang='grc' dir='ltr'>κεπαγοίην</span> <span class='ocrx_word' id='word_1_200' title='bbox 612 3592 742 3670; x_wconf 79' lang='grc' dir='ltr'>παρ’</span> <span class='ocrx_word' id='word_1_201' title='bbox 771 3589 933 3661; x_wconf 85' lang='grc' dir='ltr'><strong>Ε-δι,</strong></span> <span class='ocrx_word' id='word_1_202' title='bbox 981 3585 1194 3654; x_wconf 79' lang='grc' dir='ltr'><strong>εἰκότως</strong></span> <span class='ocrx_word' id='word_1_203' title='bbox 1247 3586 1505 3678; x_wconf 76' lang='grc' dir='ltr'>ἒὸαρύνθη</span> <span class='ocrx_word' id='word_1_204' title='bbox 1555 3585 1616 3646; x_wconf 81' lang='grc' dir='ltr'>τὸ</span> <span class='ocrx_word' id='word_1_205' title='bbox 1655 3588 1776 3646; x_wconf 76' lang='grc' dir='ltr'>ἐπι-</span> 
     </span>
     <span class='ocr_line' id='line_1_32' title="bbox 195 3676 1775 3756; baseline -0.003 -19"><span class='ocrx_word' id='word_1_206' title='bbox 195 3680 374 3756; x_wconf 72' lang='grc' dir='ltr'>ογοίης</span> <span class='ocrx_word' id='word_1_207' title='bbox 399 3679 684 3756; x_wconf 82' lang='grc' dir='ltr'>γενόμενον</span> <span class='ocrx_word' id='word_1_208' title='bbox 723 3679 1015 3756; x_wconf 82' lang='grc' dir='ltr'>ἑπισχοῖες,</span> <span class='ocrx_word' id='word_1_209' title='bbox 1049 3677 1120 3742; x_wconf 82' lang='grc' dir='ltr'>ὣς</span> <span class='ocrx_word' id='word_1_210' title='bbox 1155 3676 1408 3735; x_wconf 74' lang='grc' dir='ltr'>αἰολικόν.</span> <span class='ocrx_word' id='word_1_211' title='bbox 1435 3679 1648 3733; x_wconf 82' lang='lat' dir='ltr'><strong>Dorice</strong></span> <span class='ocrx_word' id='word_1_212' title='bbox 1682 3676 1775 3733; x_wconf 87' lang='lat' dir='ltr'>di-</span> 
     </span>
    </p>

    <p class='ocr_par' dir='ltr' id='par_1_14' title="bbox 199 3764 1774 3929">
     <span class='ocr_line' id='line_1_33' title="bbox 201 3764 1774 3844; baseline -0.001 -21.98"><span class='ocrx_word' id='word_1_213' title='bbox 201 3781 346 3824; x_wconf 62' lang='lat' dir='ltr'>ctum</span> <span class='ocrx_word' id='word_1_214' title='bbox 367 3771 444 3826; x_wconf 81' lang='lat' dir='ltr'>ab</span> <span class='ocrx_word' id='word_1_215' title='bbox 469 3767 800 3844; x_wconf 84' lang='lat' dir='ltr'><strong>Eupolide&#39;</strong></span> <span class='ocrx_word' id='word_1_216' title='bbox 783 3784 844 3821; x_wconf 90' lang='grc'>111</span> <span class='ocrx_word' id='word_1_217' title='bbox 883 3766 1190 3822; x_wconf 82' lang='lat' dir='ltr'><strong>Helotibus</strong></span> <span class='ocrx_word' id='word_1_218' title='bbox 1215 3785 1326 3841; x_wconf 84' lang='lat' dir='ltr'>pro</span> <span class='ocrx_word' id='word_1_219' title='bbox 1359 3764 1652 3844; x_wconf 85' lang='grc' dir='ltr'>πεπηγοίην</span> <span class='ocrx_word' id='word_1_220' title='bbox 1681 3783 1774 3822; x_wconf 86' lang='lat' dir='ltr'>ar-</span> 
     </span>
     <span class='ocr_line' id='line_1_34' title="bbox 199 3854 1332 3929; baseline 0.001 -17"><span class='ocrx_word' id='word_1_221' title='bbox 199 3857 446 3916; x_wconf 79' lang='lat' dir='ltr'><strong>bitratur</strong></span> <span class='ocrx_word' id='word_1_222' title='bbox 465 3858 712 3916; x_wconf 73' lang='lat' dir='ltr'><strong>Ahrms.</strong></span> <span class='ocrx_word' id='word_1_223' title='bbox 739 3856 892 3916; x_wconf 85' lang='lat' dir='ltr'><strong>Dial.</strong></span> <span class='ocrx_word' id='word_1_224' title='bbox 923 3857 1066 3912; x_wconf 84' lang='lat' dir='ltr'><strong>Dor.</strong></span> <span class='ocrx_word' id='word_1_225' title='bbox 1099 3873 1162 3929; x_wconf 90' lang='lat' dir='ltr'>p.</span> <span class='ocrx_word' id='word_1_226' title='bbox 1199 3854 1332 3913; x_wconf 84' lang='lat'><strong>330.</strong></span> 
     </span>
    </p>
   </div>
   <div class='ocr_carea' id='block_1_13' title="bbox 199 3969 1774 4338">
    <p class='ocr_par' dir='ltr' id='par_1_15' title="bbox 199 3969 1774 4338">
     <span class='ocr_line' id='line_1_35' title="bbox 941 3969 1040 4041; baseline 0.01 -17"><span class='ocrx_word' id='word_1_227' title='bbox 941 3969 1040 4041; x_wconf 80' lang='lat'>69.</span> 
     </span>
     <span class='ocr_line' id='line_1_36' title="bbox 269 4075 1773 4158; baseline -0.005 -15"><span class='ocrx_word' id='word_1_228' title='bbox 269 4085 468 4143; x_wconf 85' lang='lat' dir='ltr'><strong>Schol.</strong></span> <span class='ocrx_word' id='word_1_229' title='bbox 500 4082 704 4158; x_wconf 74' lang='lat' dir='ltr'><strong>Odyss-</strong></span> <span class='ocrx_word' id='word_1_230' title='bbox 759 4080 855 4153; x_wconf 88' lang='grc'>15,</span> <span class='ocrx_word' id='word_1_231' title='bbox 896 4079 1006 4152; x_wconf 84' lang='grc'>175</span> <span class='ocrx_word' id='word_1_232' title='bbox 1041 4101 1054 4136; x_wconf 87' lang='lat'>:</span> <span class='ocrx_word' id='word_1_233' title='bbox 1097 4076 1558 4157; x_wconf 80' lang='grc' dir='ltr'>μελαγχροιὴς</span> <span class='ocrx_word' id='word_1_234' title='bbox 1592 4075 1773 4146; x_wconf 81' lang='grc' dir='ltr'>ὀξυτό-</span> 
     </span>
     <span class='ocr_line' id='line_1_37' title="bbox 199 4165 1774 4248; baseline -0.002 -19"><span class='ocrx_word' id='word_1_235' title='bbox 199 4195 311 4240; x_wconf 78' lang='grc' dir='ltr'>νως.</span> <span class='ocrx_word' id='word_1_236' title='bbox 343 4176 504 4232; x_wconf 76' lang='grc' dir='ltr'>τοῦτο</span> <span class='ocrx_word' id='word_1_237' title='bbox 529 4167 670 4228; x_wconf 77' lang='grc' dir='ltr'>κατὰ</span> <span class='ocrx_word' id='word_1_238' title='bbox 717 4167 985 4248; x_wconf 81' lang='grc' dir='ltr'>συγκοπὴν</span> <span class='ocrx_word' id='word_1_239' title='bbox 1015 4165 1238 4227; x_wconf 81' lang='grc' dir='ltr'>Ἀττικοὶ</span> <span class='ocrx_word' id='word_1_240' title='bbox 1278 4165 1565 4246; x_wconf 82' lang='grc' dir='ltr'>μέλαγχρις</span> <span class='ocrx_word' id='word_1_241' title='bbox 1597 4167 1774 4245; x_wconf 81' lang='lat' dir='ltr'><strong>(recte</strong></span> 
     </span>
     <span class='ocr_line' id='line_1_38' title="bbox 199 4253 1264 4338; baseline -0.008 -19"><span class='ocrx_word' id='word_1_242' title='bbox 199 4265 408 4321; x_wconf 83' lang='lat' dir='ltr'><strong>Buttm.</strong></span> <span class='ocrx_word' id='word_1_243' title='bbox 441 4256 868 4338; x_wconf 75' lang='grc' dir='ltr'>μελαγχρὴς)</span> <span class='ocrx_word' id='word_1_244' title='bbox 899 4253 1078 4337; x_wconf 84' lang='grc' dir='ltr'>φασὶν,</span> <span class='ocrx_word' id='word_1_245' title='bbox 1108 4259 1177 4322; x_wconf 79' lang='grc' dir='ltr'>ὡς</span> <span class='ocrx_word' id='word_1_246' title='bbox 1201 4256 1264 4315; x_wconf 84' lang='grc' dir='ltr'>Ε.</span> 
     </span>
    </p>
   </div>
   <div class='ocr_carea' id='block_1_14' title="bbox 201 4397 1774 4655">
    <p class='ocr_par' dir='ltr' id='par_1_16' title="bbox 201 4397 1774 4655">
     <span class='ocr_line' id='line_1_39' title="bbox 937 4397 1032 4450; baseline -0.011 -15"><span class='ocrx_word' id='word_1_247' title='bbox 937 4397 1032 4450; x_wconf 88' lang='lat'>70.</span> 
     </span>
     <span class='ocr_line' id='line_1_40' title="bbox 271 4487 1773 4569; baseline -0.006 -14"><span class='ocrx_word' id='word_1_248' title='bbox 271 4495 474 4555; x_wconf 88' lang='lat' dir='ltr'><strong>Schol.</strong></span> <span class='ocrx_word' id='word_1_249' title='bbox 501 4494 768 4569; x_wconf 78' lang='lat' dir='ltr'>Dionysii</span> <span class='ocrx_word' id='word_1_250' title='bbox 793 4493 1004 4550; x_wconf 84' lang='lat' dir='ltr'><strong>Thrac.</strong></span> <span class='ocrx_word' id='word_1_251' title='bbox 1031 4509 1089 4566; x_wconf 87' lang='lat' dir='ltr'>p.</span> <span class='ocrx_word' id='word_1_252' title='bbox 1116 4509 1249 4563; x_wconf 88' lang='lat'><strong>701,</strong></span> <span class='ocrx_word' id='word_1_253' title='bbox 1277 4489 1350 4546; x_wconf 80' lang='lat'>32</span> <span class='ocrx_word' id='word_1_254' title='bbox 1374 4506 1391 4549; x_wconf 70' lang='grc' dir='ltr'><em>τ</em></span> <span class='ocrx_word' id='word_1_255' title='bbox 1419 4487 1510 4546; x_wconf 77' lang='grc' dir='ltr'>καὶ</span> <span class='ocrx_word' id='word_1_256' title='bbox 1535 4487 1674 4546; x_wconf 84' lang='grc' dir='ltr'>ἔστιν</span> <span class='ocrx_word' id='word_1_257' title='bbox 1703 4491 1773 4554; x_wconf 81' lang='grc' dir='ltr'>ὣς</span> 
     </span>
     <span class='ocr_line' id='line_1_41' title="bbox 201 4574 1774 4655; baseline -0.007 -10"><span class='ocrx_word' id='word_1_258' title='bbox 201 4585 282 4644; x_wconf 74' lang='grc' dir='ltr'>ἐπὶ</span> <span class='ocrx_word' id='word_1_259' title='bbox 311 4583 374 4644; x_wconf 76' lang='grc' dir='ltr'>τὸ</span> <span class='ocrx_word' id='word_1_260' title='bbox 419 4585 670 4642; x_wconf 78' lang='grc' dir='ltr'>πλεῖστον</span> <span class='ocrx_word' id='word_1_261' title='bbox 697 4585 732 4652; x_wconf 74' lang='grc' dir='ltr'><strong>ἢ</strong></span> <span class='ocrx_word' id='word_1_262' title='bbox 775 4578 1012 4646; x_wconf 76' lang='grc' dir='ltr'>σύνθεσις</span> <span class='ocrx_word' id='word_1_263' title='bbox 1041 4579 1103 4636; x_wconf 75' lang='grc' dir='ltr'>ἔκ</span> <span class='ocrx_word' id='word_1_264' title='bbox 1132 4575 1224 4636; x_wconf 77' lang='grc' dir='ltr'>δύο</span> <span class='ocrx_word' id='word_1_265' title='bbox 1260 4574 1460 4646; x_wconf 78' lang='grc' dir='ltr'>λέξεων,</span> <span class='ocrx_word' id='word_1_266' title='bbox 1494 4575 1696 4655; x_wconf 86' lang='grc' dir='ltr'>γίνεται</span> <span class='ocrx_word' id='word_1_267' title='bbox 1719 4575 1774 4634; x_wconf 84' lang='grc' dir='ltr'>δὲ</span> 
     </span>
    </p>
   </div>
   <div class='ocr_carea' id='block_1_15' title="bbox 203 4663 1776 4840">
    <p class='ocr_par' dir='ltr' id='par_1_17' title="bbox 203 4663 1776 4840">
     <span class='ocr_line' id='line_1_42' title="bbox 203 4663 1776 4750; baseline -0.007 -20"><span class='ocrx_word' id='word_1_268' title='bbox 203 4673 286 4730; x_wconf 81' lang='grc' dir='ltr'>καὶ</span> <span class='ocrx_word' id='word_1_269' title='bbox 307 4673 370 4730; x_wconf 73' lang='grc' dir='ltr'>ἐκ</span> <span class='ocrx_word' id='word_1_270' title='bbox 393 4693 594 4750; x_wconf 87' lang='grc' dir='ltr'>τριων,</span> <span class='ocrx_word' id='word_1_271' title='bbox 623 4671 696 4734; x_wconf 77' lang='grc' dir='ltr'>ὣς</span> <span class='ocrx_word' id='word_1_272' title='bbox 717 4665 828 4726; x_wconf 67' lang='lat' dir='ltr'>*tb-</span> <span class='ocrx_word' id='word_1_273' title='bbox 867 4664 1381 4746; x_wconf 71' lang='grc' dir='ltr'>δυσαριστοτόκεια»</span> <span class='ocrx_word' id='word_1_274' title='bbox 1409 4667 1500 4742; x_wconf 80' lang='lat'>(11.</span> <span class='ocrx_word' id='word_1_275' title='bbox 1536 4664 1625 4736; x_wconf 86' lang='lat'>18,</span> <span class='ocrx_word' id='word_1_276' title='bbox 1653 4663 1776 4742; x_wconf 83' lang='grc'><strong>54),</strong></span> 
     </span>
     <span class='ocr_line' id='line_1_43' title="bbox 205 4749 1774 4840; baseline -0.006 -22"><span class='ocrx_word' id='word_1_277' title='bbox 205 4757 396 4840; x_wconf 54' lang='grc' dir='ltr'>παρὰ*</span> <span class='ocrx_word' id='word_1_278' title='bbox 367 4759 426 4817; x_wconf 77' lang='grc' dir='ltr'>οὲ</span> <span class='ocrx_word' id='word_1_279' title='bbox 447 4758 554 4824; x_wconf 84' lang='grc' dir='ltr'>τοῖς</span> <span class='ocrx_word' id='word_1_280' title='bbox 585 4754 842 4832; x_wconf 79' lang='grc' dir='ltr'>κωμικοῖς</span> <span class='ocrx_word' id='word_1_281' title='bbox 869 4755 962 4812; x_wconf 81' lang='grc' dir='ltr'>καὶ</span> <span class='ocrx_word' id='word_1_282' title='bbox 991 4755 1052 4810; x_wconf 69' lang='grc' dir='ltr'>ἐκ</span> <span class='ocrx_word' id='word_1_283' title='bbox 1076 4751 1361 4825; x_wconf 80' lang='grc' dir='ltr'>πλειόνων,</span> <span class='ocrx_word' id='word_1_284' title='bbox 1388 4754 1458 4818; x_wconf 81' lang='grc' dir='ltr'>ὡς</span> <span class='ocrx_word' id='word_1_285' title='bbox 1484 4749 1608 4830; x_wconf 81' lang='grc' dir='ltr'>παρ’</span> <span class='ocrx_word' id='word_1_286' title='bbox 1638 4750 1774 4830; x_wconf 83' lang='grc' dir='ltr'>Ἀρι-</span> 
     </span>
    </p>
   </div>
   <div class='ocr_carea' id='block_1_16' title="bbox 201 4839 1767 4928">
    <p class='ocr_par' dir='ltr' id='par_1_18' title="bbox 201 4839 1767 4928">
     <span class='ocr_line' id='line_1_44' title="bbox 201 4839 1767 4928; baseline -0.011 -20"><span class='ocrx_word' id='word_1_287' title='bbox 201 4847 441 4928; x_wconf 68' lang='grc' dir='ltr'>στοφιίνει</span> <span class='ocrx_word' id='word_1_288' title='bbox 480 4845 664 4923; x_wconf 84' lang='grc' dir='ltr'><strong>(Ν111).</strong></span> <span class='ocrx_word' id='word_1_289' title='bbox 709 4841 917 4922; x_wconf 74' lang='lat'><strong>326)«</strong></span> <span class='ocrx_word' id='word_1_290' title='bbox 893 4839 1698 4922; x_wconf 74' lang='grc' dir='ltr'>ισφραγιδονυχαργοκομῆται,</span> <span class='ocrx_word' id='word_1_291' title='bbox 1741 4865 1767 4890; x_wconf 74' lang='grc' dir='ltr'>ι»</span> 
     </span>
    </p>
   </div>
   <div class='ocr_carea' id='block_1_17' title="bbox 199 5031 1768 5360">
    <p class='ocr_par' dir='ltr' id='par_1_19' title="bbox 199 5031 1768 5360">
     <span class='ocr_line' id='line_1_45' title="bbox 200 5031 1768 5198; baseline -0.005 -23"><span class='ocrx_word' id='word_1_292' title='bbox 200 5119 332 5192; x_wconf 80' lang='lat' dir='ltr'><strong>Quis</strong></span> <span class='ocrx_word' id='word_1_293' title='bbox 347 5116 442 5173; x_wconf 83' lang='lat' dir='ltr'>hic</span> <span class='ocrx_word' id='word_1_294' title='bbox 461 5114 702 5172; x_wconf 82' lang='lat' dir='ltr'><strong>chorus?</strong></span> <span class='ocrx_word' id='word_1_295' title='bbox 718 5031 1229 5198; x_wconf 46' lang='lat' dir='ltr'><strong>ploraregtiiipamus</strong></span> <span class='ocrx_word' id='word_1_296' title='bbox 1247 5109 1457 5167; x_wconf 82' lang='lat' dir='ltr'><strong>ludicra</strong></span> <span class='ocrx_word' id='word_1_297' title='bbox 1477 5110 1768 5182; x_wconf 72' lang='lat' dir='ltr'><strong>ejusmodi.</strong></span> 
     </span>
     <span class='ocr_line' id='line_1_46' title="bbox 199 5206 1032 5360; baseline -0.014 -8"><span class='ocrx_word' id='word_1_298' title='bbox 199 5293 334 5352; x_wconf 74' lang='lat' dir='ltr'><strong>Aula</strong></span> <span class='ocrx_word' id='word_1_299' title='bbox 360 5289 570 5348; x_wconf 73' lang='lat' dir='ltr'><strong>sotibus</strong></span> <span class='ocrx_word' id='word_1_300' title='bbox 587 5289 853 5360; x_wconf 81' lang='lat' dir='ltr'><strong>exposita.</strong></span> <span class='ocrx_word' id='word_1_301' title='bbox 945 5206 1032 5256; x_wconf 30' lang='grc' dir='ltr'>ὼ·</span> 
     </span>
    </p>
   </div>
   <div class='ocr_carea' id='block_1_18' title="bbox 1653 402 3439 473">
    <p class='ocr_par' dir='ltr' id='par_1_20' title="bbox 1653 402 3439 473">
     <span class='ocr_line' id='line_1_47' title="bbox 1653 402 3439 473; baseline 0.004 -12"><span class='ocrx_word' id='word_1_302' title='bbox 1653 402 1999 473; x_wconf 70' lang='lat' dir='ltr'><strong>Enpous.</strong></span> <span class='ocrx_word' id='word_1_303' title='bbox 3326 416 3439 469; x_wconf 75' lang='lat'>20⁵</span> 
     </span>
    </p>
   </div>
   <div class='ocr_carea' id='block_1_19' title="bbox 1875 530 3439 871">
    <p class='ocr_par' dir='ltr' id='par_1_21' title="bbox 1875 530 3439 871">
     <span class='ocr_line' id='line_1_48' title="bbox 1932 530 3439 617; baseline 0.008 -30.331"><span class='ocrx_word' id='word_1_304' title='bbox 1932 552 2064 589; x_wconf 81' lang='grc' dir='ltr'>,και</span> <span class='ocrx_word' id='word_1_305' title='bbox 2090 530 2213 610; x_wconf 85' lang='grc' dir='ltr'>παρ’</span> <span class='ocrx_word' id='word_1_306' title='bbox 2244 532 2335 589; x_wconf 88' lang='grc' dir='ltr'>Ε-</span> <span class='ocrx_word' id='word_1_307' title='bbox 2360 532 2465 587; x_wconf 74' lang='grc' dir='ltr'>δια</span> <span class='ocrx_word' id='word_1_308' title='bbox 2442 532 3152 611; x_wconf 74' lang='grc' dir='ltr'>αάμφιπτολεμοπηδη</span> <span class='ocrx_word' id='word_1_309' title='bbox 3172 537 3439 617; x_wconf 90' lang='grc' dir='ltr'>σίστρα-</span> 
     </span>
     <span class='ocr_line' id='line_1_49' title="bbox 1875 618 3438 701; baseline 0.005 -27"><span class='ocrx_word' id='word_1_310' title='bbox 1875 639 2003 682; x_wconf 75' lang='grc' dir='ltr'>τος»</span> <span class='ocrx_word' id='word_1_311' title='bbox 1979 618 2050 693; x_wconf 76' lang='grc' dir='ltr'>υ(</span> <span class='ocrx_word' id='word_1_312' title='bbox 2061 620 2131 675; x_wconf 84' lang='lat' dir='ltr'><strong>de</strong></span> <span class='ocrx_word' id='word_1_313' title='bbox 2143 638 2259 693; x_wconf 92' lang='lat' dir='ltr'>quo</span> <span class='ocrx_word' id='word_1_314' title='bbox 2275 638 2460 675; x_wconf 86' lang='lat' dir='ltr'><strong>meam</strong></span> <span class='ocrx_word' id='word_1_315' title='bbox 2478 623 2807 678; x_wconf 85' lang='lat' dir='ltr'><strong>sententiam</strong></span> <span class='ocrx_word' id='word_1_316' title='bbox 2821 624 3017 697; x_wconf 82' lang='lat' dir='ltr'><strong>aperui</strong></span> <span class='ocrx_word' id='word_1_317' title='bbox 3036 644 3201 701; x_wconf 84' lang='lat' dir='ltr'><strong>supra</strong></span> <span class='ocrx_word' id='word_1_318' title='bbox 3226 627 3281 681; x_wconf 87' lang='lat' dir='ltr'>in</span> <span class='ocrx_word' id='word_1_319' title='bbox 3300 629 3438 682; x_wconf 86' lang='lat' dir='ltr'><strong>Pro·</strong></span> 
     </span>
     <span class='ocr_line' id='line_1_50' title="bbox 1875 706 3432 823; baseline 0.007 -63"><span class='ocrx_word' id='word_1_320' title='bbox 1875 708 1983 780; x_wconf 81' lang='lat' dir='ltr'><strong>leg.</strong></span> <span class='ocrx_word' id='word_1_321' title='bbox 2014 707 2087 763; x_wconf 85' lang='lat' dir='ltr'>ad</span> <span class='ocrx_word' id='word_1_322' title='bbox 2130 708 2339 782; x_wconf 84' lang='lat' dir='ltr'><strong>Eupol.</strong></span> <span class='ocrx_word' id='word_1_323' title='bbox 2364 706 2407 783; x_wconf 89' lang='lat'>).</span> <span class='ocrx_word' id='word_1_324' title='bbox 2459 710 2622 765; x_wconf 85' lang='lat' dir='ltr'>Prius</span> <span class='ocrx_word' id='word_1_325' title='bbox 2664 710 2785 765; x_wconf 81' lang='lat' dir='ltr'>haec</span> <span class='ocrx_word' id='word_1_326' title='bbox 2832 710 3090 823; x_wconf 81' lang='lat' dir='ltr'><strong>ediderat</strong></span> <span class='ocrx_word' id='word_1_327' title='bbox 3135 715 3432 772; x_wconf 81' lang='lat' dir='ltr'><strong>Villoison.</strong></span> 
     </span>
     <span class='ocr_line' id='line_1_51' title="bbox 1875 794 2442 871; baseline 0.006 -22"><span class='ocrx_word' id='word_1_328' title='bbox 1875 794 2093 853; x_wconf 81' lang='lat' dir='ltr'><strong>Anecd.</strong></span> <span class='ocrx_word' id='word_1_329' title='bbox 2124 814 2183 871; x_wconf 70' lang='grc' dir='ltr'><strong>α,</strong></span> <span class='ocrx_word' id='word_1_330' title='bbox 2208 814 2273 871; x_wconf 89' lang='grc' dir='ltr'>Ρ.</span> <span class='ocrx_word' id='word_1_331' title='bbox 2311 814 2442 867; x_wconf 94' lang='grc'><strong>117.</strong></span> 
     </span>
    </p>
   </div>
   <div class='ocr_carea' id='block_1_20' title="bbox 1869 911 3439 1698">
    <p class='ocr_par' dir='ltr' id='par_1_22' title="bbox 2598 911 2695 963">
     <span class='ocr_line' id='line_1_52' title="bbox 2598 911 2695 963; baseline 0 -16"><span class='ocrx_word' id='word_1_332' title='bbox 2598 911 2695 963; x_wconf 89' lang='grc'>71.</span> 
     </span>
    </p>

    <p class='ocr_par' dir='ltr' id='par_1_23' title="bbox 1869 1000 3439 1698">
     <span class='ocr_line' id='line_1_53' title="bbox 1953 1000 3437 1087; baseline 0.003 -30"><span class='ocrx_word' id='word_1_333' title='bbox 1953 1001 2159 1060; x_wconf 81' lang='lat' dir='ltr'><strong>Athen.</strong></span> <span class='ocrx_word' id='word_1_334' title='bbox 2197 1022 2288 1074; x_wconf 86' lang='lat'>11,</span> <span class='ocrx_word' id='word_1_335' title='bbox 2315 1021 2374 1078; x_wconf 89' lang='grc' dir='ltr'><strong>Ρ.</strong></span> <span class='ocrx_word' id='word_1_336' title='bbox 2410 1000 2557 1074; x_wconf 79' lang='lat'><strong>502,</strong></span> <span class='ocrx_word' id='word_1_337' title='bbox 2584 1002 2661 1075; x_wconf 85' lang='lat' dir='ltr'>B,</span> <span class='ocrx_word' id='word_1_338' title='bbox 2699 1003 2918 1071; x_wconf 74' lang='grc' dir='ltr'>Φθοῑςε</span> <span class='ocrx_word' id='word_1_339' title='bbox 2970 1005 3219 1063; x_wconf 82' lang='grc' dir='ltr'>πλατεῖαι</span> <span class='ocrx_word' id='word_1_340' title='bbox 3253 1006 3437 1087; x_wconf 80' lang='grc' dir='ltr'>φιάλαι</span> 
     </span>
     <span class='ocr_line' id='line_1_54' title="bbox 1871 1086 3439 1171; baseline 0.004 -26"><span class='ocrx_word' id='word_1_341' title='bbox 1871 1086 2194 1167; x_wconf 78' lang='grc' dir='ltr'>ὀμφαλωτοί.</span> <span class='ocrx_word' id='word_1_342' title='bbox 2222 1090 2347 1149; x_wconf 75' lang='grc' dir='ltr'>Ε.«</span> <span class='ocrx_word' id='word_1_343' title='bbox 2372 1086 2479 1149; x_wconf 88' lang='grc' dir='ltr'>Συν</span> <span class='ocrx_word' id='word_1_344' title='bbox 2504 1089 2722 1170; x_wconf 65' lang='grc' dir='ltr'>φθοῖσι*</span> <span class='ocrx_word' id='word_1_345' title='bbox 2735 1090 3209 1170; x_wconf 71' lang='grc' dir='ltr'>προσπεπτωκώς»</span> <span class='ocrx_word' id='word_1_346' title='bbox 3255 1098 3439 1171; x_wconf 84' lang='lat' dir='ltr'><strong>(recte</strong></span> 
     </span>
     <span class='ocr_line' id='line_1_55' title="bbox 1871 1179 3439 1256; baseline 0.004 -22"><span class='ocrx_word' id='word_1_347' title='bbox 1871 1176 2593 1256; x_wconf 63' lang='grc' dir='ltr'><strong>(31153111).προπεπωκως</strong></span> <span class='ocrx_word' id='word_1_348' title='bbox 2608 1223 2626 1256; x_wconf 91' lang='grc'>,</span> <span class='ocrx_word' id='word_1_349' title='bbox 2650 1192 2707 1238; x_wconf 84' lang='grc'>01</span> <span class='ocrx_word' id='word_1_350' title='bbox 2726 1183 2973 1241; x_wconf 82' lang='lat' dir='ltr'><strong>Meinek.</strong></span> <span class='ocrx_word' id='word_1_351' title='bbox 2996 1186 3254 1241; x_wconf 85' lang='lat' dir='ltr'><strong>restituto</strong></span> <span class='ocrx_word' id='word_1_352' title='bbox 3274 1206 3439 1243; x_wconf 83' lang='lat' dir='ltr'><strong>versu</strong></span> 
     </span>
     <span class='ocr_line' id='line_1_56' title="bbox 1873 1262 3431 1350; baseline 0.007 -31"><span class='ocrx_word' id='word_1_353' title='bbox 1873 1266 2247 1323; x_wconf 76' lang='lat' dir='ltr'><strong>Pherecrateo</strong></span> <span class='ocrx_word' id='word_1_354' title='bbox 2275 1264 2536 1347; x_wconf 88' lang='grc' dir='ltr'>φθοισίν)·</span> <span class='ocrx_word' id='word_1_355' title='bbox 2564 1262 2686 1325; x_wconf 84' lang='grc' dir='ltr'>ἔδει</span> <span class='ocrx_word' id='word_1_356' title='bbox 2702 1266 2755 1325; x_wconf 81' lang='grc' dir='ltr'>δὲ</span> <span class='ocrx_word' id='word_1_357' title='bbox 2785 1267 3083 1347; x_wconf 79' lang='grc' dir='ltr'>ὄξυνεσθαι,</span> <span class='ocrx_word' id='word_1_358' title='bbox 3118 1274 3188 1338; x_wconf 80' lang='grc' dir='ltr'>ὡς</span> <span class='ocrx_word' id='word_1_359' title='bbox 3226 1273 3431 1350; x_wconf 83' lang='grc' dir='ltr'>Καρσὶ,</span> 
     </span>
     <span class='ocr_line' id='line_1_57' title="bbox 1872 1352 3435 1435; baseline 0.006 -27"><span class='ocrx_word' id='word_1_360' title='bbox 1872 1352 2052 1425; x_wconf 79' lang='grc' dir='ltr'>παισὶ,</span> <span class='ocrx_word' id='word_1_361' title='bbox 2085 1352 2306 1433; x_wconf 83' lang='grc' dir='ltr'>φθειρσί.</span> <span class='ocrx_word' id='word_1_362' title='bbox 2350 1357 2543 1411; x_wconf 85' lang='lat' dir='ltr'><strong>Altera</strong></span> <span class='ocrx_word' id='word_1_363' title='bbox 2580 1360 2849 1429; x_wconf 85' lang='lat' dir='ltr'><strong>notione,</strong></span> <span class='ocrx_word' id='word_1_364' title='bbox 2886 1377 2997 1432; x_wconf 83' lang='lat' dir='ltr'>qua</span> <span class='ocrx_word' id='word_1_365' title='bbox 3034 1378 3209 1434; x_wconf 80' lang='lat' dir='ltr'><strong>genus</strong></span> <span class='ocrx_word' id='word_1_366' title='bbox 3246 1364 3435 1435; x_wconf 85' lang='lat' dir='ltr'><strong>quod·</strong></span> 
     </span>
     <span class='ocr_line' id='line_1_58' title="bbox 1871 1443 3437 1525; baseline 0.005 -28"><span class='ocrx_word' id='word_1_367' title='bbox 1871 1443 2004 1498; x_wconf 85' lang='lat' dir='ltr'>dam</span> <span class='ocrx_word' id='word_1_368' title='bbox 2044 1444 2319 1518; x_wconf 73' lang='lat' dir='ltr'><strong>placentae</strong></span> <span class='ocrx_word' id='word_1_369' title='bbox 2366 1444 2667 1519; x_wconf 84' lang='lat' dir='ltr'><strong>significat,</strong></span> <span class='ocrx_word' id='word_1_370' title='bbox 2708 1448 2856 1502; x_wconf 88' lang='lat' dir='ltr'><strong>hanc</strong></span> <span class='ocrx_word' id='word_1_371' title='bbox 2900 1466 3099 1503; x_wconf 82' lang='lat' dir='ltr'><strong>vocem</strong></span> <span class='ocrx_word' id='word_1_372' title='bbox 3144 1454 3437 1525; x_wconf 82' lang='lat' dir='ltr'><strong>usurpavit</strong></span> 
     </span>
     <span class='ocr_line' id='line_1_59' title="bbox 1869 1531 3432 1607; baseline 0.005 -19"><span class='ocrx_word' id='word_1_373' title='bbox 1869 1531 2151 1605; x_wconf 83' lang='lat' dir='ltr'><strong>Aristoph.</strong></span> <span class='ocrx_word' id='word_1_374' title='bbox 2174 1533 2340 1587; x_wconf 80' lang='lat' dir='ltr'><strong>Pluto</strong></span> <span class='ocrx_word' id='word_1_375' title='bbox 2354 1532 2491 1603; x_wconf 78' lang='lat'><strong>672.</strong></span> <span class='ocrx_word' id='word_1_376' title='bbox 2516 1534 2690 1593; x_wconf 88' lang='lat' dir='ltr'><strong>Mein.</strong></span> <span class='ocrx_word' id='word_1_377' title='bbox 2715 1535 2959 1593; x_wconf 82' lang='lat' dir='ltr'><strong>conferri</strong></span> <span class='ocrx_word' id='word_1_378' title='bbox 2972 1535 3139 1607; x_wconf 84' lang='lat' dir='ltr'><strong>jussit</strong></span> <span class='ocrx_word' id='word_1_379' title='bbox 3156 1540 3432 1598; x_wconf 85' lang='lat' dir='ltr'><strong>Letronn.</strong></span> 
     </span>
     <span class='ocr_line' id='line_1_60' title="bbox 1870 1618 2699 1698; baseline -0.001 -20"><span class='ocrx_word' id='word_1_380' title='bbox 1870 1618 1959 1678; x_wconf 84' lang='lat' dir='ltr'><strong>De</strong></span> <span class='ocrx_word' id='word_1_381' title='bbox 1984 1620 2201 1681; x_wconf 84' lang='lat' dir='ltr'><strong>nomin.</strong></span> <span class='ocrx_word' id='word_1_382' title='bbox 2230 1638 2347 1679; x_wconf 81' lang='lat' dir='ltr'><strong>vas.</strong></span> <span class='ocrx_word' id='word_1_383' title='bbox 2372 1622 2475 1680; x_wconf 84' lang='lat' dir='ltr'>Gr.</span> <span class='ocrx_word' id='word_1_384' title='bbox 2497 1641 2559 1698; x_wconf 85' lang='lat' dir='ltr'>p.</span> <span class='ocrx_word' id='word_1_385' title='bbox 2601 1622 2699 1679; x_wconf 84' lang='lat'>63.</span> 
     </span>
    </p>
   </div>
   <div class='ocr_carea' id='block_1_21' title="bbox 2607 1755 2704 1807">
    <p class='ocr_par' dir='ltr' id='par_1_24' title="bbox 2607 1755 2704 1807">
     <span class='ocr_line' id='line_1_61' title="bbox 2607 1755 2704 1807; baseline 0.041 -15"><span class='ocrx_word' id='word_1_386' title='bbox 2607 1755 2704 1807; x_wconf 81' lang='lat'>72.</span> 
     </span>
    </p>
   </div>
   <div class='ocr_carea' id='block_1_22' title="bbox 1870 1836 3433 2017">
    <p class='ocr_par' dir='ltr' id='par_1_25' title="bbox 1870 1836 3433 2017">
     <span class='ocr_line' id='line_1_62' title="bbox 1951 1836 3433 1931; baseline 0.005 -28"><span class='ocrx_word' id='word_1_387' title='bbox 1951 1849 2140 1923; x_wconf 77' lang='lat' dir='ltr'><strong>Etym.</strong></span> <span class='ocrx_word' id='word_1_388' title='bbox 2166 1850 2245 1907; x_wconf 81' lang='lat' dir='ltr'>M.</span> <span class='ocrx_word' id='word_1_389' title='bbox 2276 1868 2335 1925; x_wconf 91' lang='lat' dir='ltr'>p.</span> <span class='ocrx_word' id='word_1_390' title='bbox 2361 1856 2497 1919; x_wconf 75' lang='lat'><strong>420,</strong></span> <span class='ocrx_word' id='word_1_391' title='bbox 2535 1836 2647 1906; x_wconf 80' lang='lat'>13&#39;:</span> <span class='ocrx_word' id='word_1_392' title='bbox 2676 1846 2912 1927; x_wconf 83' lang='grc' dir='ltr'>ᾔδεισθα.</span> <span class='ocrx_word' id='word_1_393' title='bbox 2947 1847 3007 1908; x_wconf 85' lang='grc' dir='ltr'>τὸ</span> <span class='ocrx_word' id='word_1_394' title='bbox 3032 1850 3320 1931; x_wconf 82' lang='grc' dir='ltr'>κοινότερον</span> <span class='ocrx_word' id='word_1_395' title='bbox 3346 1850 3433 1910; x_wconf 82' lang='grc' dir='ltr'>διὰ</span> 
     </span>
     <span class='ocr_line' id='line_1_63' title="bbox 1870 1932 3353 2017; baseline 0.007 -25"><span class='ocrx_word' id='word_1_396' title='bbox 1870 1938 1963 1993; x_wconf 71' lang='grc' dir='ltr'>τοῦ</span> <span class='ocrx_word' id='word_1_397' title='bbox 1994 1957 2054 2009; x_wconf 88' lang='grc' dir='ltr'><strong>ε,</strong></span> <span class='ocrx_word' id='word_1_398' title='bbox 2084 1932 2143 1992; x_wconf 79' lang='grc' dir='ltr'>τὸ</span> <span class='ocrx_word' id='word_1_399' title='bbox 2172 1932 2227 1993; x_wconf 67' lang='grc' dir='ltr'>δὲ</span> <span class='ocrx_word' id='word_1_400' title='bbox 2256 1934 2597 2016; x_wconf 77' lang='grc' dir='ltr'>ᾶττικώτερον</span> <span class='ocrx_word' id='word_1_401' title='bbox 2631 1936 2716 1994; x_wconf 82' lang='grc' dir='ltr'>διὰ</span> <span class='ocrx_word' id='word_1_402' title='bbox 2748 1940 2842 1996; x_wconf 72' lang='grc' dir='ltr'>τοῦ</span> <span class='ocrx_word' id='word_1_403' title='bbox 2864 1960 2936 2016; x_wconf 83' lang='grc' dir='ltr'>η,</span> <span class='ocrx_word' id='word_1_404' title='bbox 2964 1936 3251 2017; x_wconf 80' lang='grc' dir='ltr'>ᾔδησθα.</span> <span class='ocrx_word' id='word_1_405' title='bbox 3285 1944 3353 2003; x_wconf 86' lang='grc' dir='ltr'>Ε.</span> 
     </span>
    </p>
   </div>
   <div class='ocr_carea' id='block_1_23' title="bbox 2606 2047 2702 2120">
    <p class='ocr_par' dir='ltr' id='par_1_26' title="bbox 2606 2047 2702 2120">
     <span class='ocr_line' id='line_1_64' title="bbox 2606 2047 2702 2120; baseline 0.042 -14"><span class='ocrx_word' id='word_1_406' title='bbox 2606 2047 2702 2120; x_wconf 88' lang='grc'>73.</span> 
     </span>
    </p>
   </div>
   <div class='ocr_carea' id='block_1_24' title="bbox 1952 2156 3427 2237">
    <p class='ocr_par' dir='ltr' id='par_1_27' title="bbox 1952 2156 3427 2237">
     <span class='ocr_line' id='line_1_65' title="bbox 1952 2156 3427 2237; baseline 0.006 -25"><span class='ocrx_word' id='word_1_407' title='bbox 1952 2157 2208 2216; x_wconf 85' lang='lat' dir='ltr'><strong>Eustath.</strong></span> <span class='ocrx_word' id='word_1_408' title='bbox 2236 2156 2309 2213; x_wconf 87' lang='lat' dir='ltr'>ad</span> <span class='ocrx_word' id='word_1_409' title='bbox 2333 2158 2401 2217; x_wconf 87' lang='lat'>11.</span> <span class='ocrx_word' id='word_1_410' title='bbox 2436 2176 2498 2237; x_wconf 82' lang='lat' dir='ltr'>p.</span> <span class='ocrx_word' id='word_1_411' title='bbox 2534 2158 2717 2236; x_wconf 84' lang='lat'>1023,</span> <span class='ocrx_word' id='word_1_412' title='bbox 2766 2168 2860 2233; x_wconf 90' lang='grc'>14,</span> <span class='ocrx_word' id='word_1_413' title='bbox 2892 2172 2951 2218; x_wconf 85' lang='grc'>01</span> <span class='ocrx_word' id='word_1_414' title='bbox 2983 2162 3165 2222; x_wconf 88' lang='lat' dir='ltr'><strong>schol.</strong></span> <span class='ocrx_word' id='word_1_415' title='bbox 3194 2166 3427 2225; x_wconf 80' lang='lat' dir='ltr'><strong>Homer.</strong></span> 
     </span>
    </p>
   </div>
   <div class='ocr_carea' id='block_1_25' title="bbox 1870 2250 3433 2339">
    <p class='ocr_par' dir='ltr' id='par_1_28' title="bbox 1870 2250 3433 2339">
     <span class='ocr_line' id='line_1_66' title="bbox 1870 2250 3433 2339; baseline 0.006 -32"><span class='ocrx_word' id='word_1_416' title='bbox 1870 2252 1943 2309; x_wconf 86' lang='lat' dir='ltr'>ad</span> <span class='ocrx_word' id='word_1_417' title='bbox 1965 2253 2035 2311; x_wconf 88' lang='grc'>11.</span> <span class='ocrx_word' id='word_1_418' title='bbox 2071 2252 2166 2323; x_wconf 89' lang='grc'>15,</span> <span class='ocrx_word' id='word_1_419' title='bbox 2202 2260 2355 2321; x_wconf 74' lang='lat'>410:</span> <span class='ocrx_word' id='word_1_420' title='bbox 2377 2250 2467 2310; x_wconf 79' lang='grc' dir='ltr'>καὶ</span> <span class='ocrx_word' id='word_1_421' title='bbox 2488 2254 2760 2333; x_wconf 73' lang='grc' dir='ltr'>Σοφοκλῆς</span> <span class='ocrx_word' id='word_1_422' title='bbox 2787 2253 2873 2327; x_wconf 76' lang='grc' dir='ltr'>δὲ,</span> <span class='ocrx_word' id='word_1_423' title='bbox 2902 2254 3062 2335; x_wconf 79' lang='grc' dir='ltr'>φασὶ,</span> <span class='ocrx_word' id='word_1_424' title='bbox 3091 2256 3178 2315; x_wconf 80' lang='grc' dir='ltr'>τὸν</span> <span class='ocrx_word' id='word_1_425' title='bbox 3201 2263 3433 2339; x_wconf 81' lang='grc' dir='ltr'>κιθαρῳ-</span> 
     </span>
    </p>
   </div>
   <div class='ocr_carea' id='block_1_26' title="bbox 1869 2337 3433 2489">
    <p class='ocr_par' dir='ltr' id='par_1_29' title="bbox 1869 2337 3433 2486">
     <span class='ocr_line' id='line_1_67' title="bbox 1871 2337 3433 2424; baseline 0.006 -29"><span class='ocrx_word' id='word_1_426' title='bbox 1871 2337 1957 2395; x_wconf 84' lang='grc' dir='ltr'>δὸν</span> <span class='ocrx_word' id='word_1_427' title='bbox 1984 2338 2257 2419; x_wconf 82' lang='grc' dir='ltr'>σοφιστὴ</span> <span class='ocrx_word' id='word_1_428' title='bbox 2274 2362 2303 2397; x_wconf 91' lang='grc' dir='ltr'>ν</span> <span class='ocrx_word' id='word_1_429' title='bbox 2328 2338 2501 2418; x_wconf 83' lang='grc' dir='ltr'>λέγει,</span> <span class='ocrx_word' id='word_1_430' title='bbox 2526 2340 2618 2399; x_wconf 84' lang='grc' dir='ltr'>καὶ</span> <span class='ocrx_word' id='word_1_431' title='bbox 2638 2363 2726 2400; x_wconf 86' lang='grc' dir='ltr'>τον</span> <span class='ocrx_word' id='word_1_432' title='bbox 2754 2342 2993 2424; x_wconf 80' lang='grc' dir='ltr'>ῥαψῳδὸν</span> <span class='ocrx_word' id='word_1_433' title='bbox 3016 2346 3087 2407; x_wconf 93' lang='grc' dir='ltr'>Ε.</span> <span class='ocrx_word' id='word_1_434' title='bbox 3110 2344 3197 2407; x_wconf 84' lang='lat' dir='ltr'>Cf.</span> <span class='ocrx_word' id='word_1_435' title='bbox 3220 2348 3433 2407; x_wconf 83' lang='lat' dir='ltr'>Cratini</span> 
     </span>
     <span class='ocr_line' id='line_1_68' title="bbox 1869 2428 2275 2489; baseline -0.003 -3"><span class='ocrx_word' id='word_1_436' title='bbox 1869 2428 2085 2487; x_wconf 81' lang='lat' dir='ltr'><strong>Archil.</strong></span> <span class='ocrx_word' id='word_1_437' title='bbox 2115 2429 2187 2489; x_wconf 82' lang='lat' dir='ltr'>fr.</span> <span class='ocrx_word' id='word_1_438' title='bbox 2223 2448 2275 2487; x_wconf 70' lang='grc' dir='ltr'>α.</span> 
     </span>
    </p>
   </div>
   <div class='ocr_carea' id='block_1_27' title="bbox 2601 2533 2697 2597">
    <p class='ocr_par' dir='ltr' id='par_1_30' title="bbox 2601 2533 2697 2597">
     <span class='ocr_line' id='line_1_69' title="bbox 2601 2533 2697 2597; baseline -0.056 0"><span class='ocrx_word' id='word_1_439' title='bbox 2601 2533 2697 2597; x_wconf 68' lang='lat'>‘74-</span> 
     </span>
    </p>
   </div>
   <div class='ocr_carea' id='block_1_28' title="bbox 1864 2636 3436 3244">
    <p class='ocr_par' dir='ltr' id='par_1_31' title="bbox 1864 2636 3436 3244">
     <span class='ocr_line' id='line_1_70' title="bbox 1946 2636 3436 2723; baseline 0.007 -30"><span class='ocrx_word' id='word_1_440' title='bbox 1946 2636 2103 2693; x_wconf 83' lang='lat' dir='ltr'><strong>Idem</strong></span> <span class='ocrx_word' id='word_1_441' title='bbox 2138 2655 2201 2713; x_wconf 86' lang='lat' dir='ltr'>p.</span> <span class='ocrx_word' id='word_1_442' title='bbox 2244 2636 2425 2709; x_wconf 88' lang='grc'><strong>1165,</strong></span> <span class='ocrx_word' id='word_1_443' title='bbox 2478 2644 2611 2703; x_wconf 87' lang='grc'>14·</span> <span class='ocrx_word' id='word_1_444' title='bbox 2594 2682 2609 2697; x_wconf 93' lang='grc'>.</span> <span class='ocrx_word' id='word_1_445' title='bbox 2652 2636 2746 2697; x_wconf 82' lang='grc' dir='ltr'>καὶ</span> <span class='ocrx_word' id='word_1_446' title='bbox 2799 2638 3117 2717; x_wconf 82' lang='grc' dir='ltr'>ἀγελαίας</span> <span class='ocrx_word' id='word_1_447' title='bbox 3152 2643 3436 2723; x_wconf 78' lang='grc' dir='ltr'>ἰσχάδας</span> 
     </span>
     <span class='ocr_line' id='line_1_71' title="bbox 1867 2720 3433 2810; baseline 0.007 -30"><span class='ocrx_word' id='word_1_448' title='bbox 1867 2720 1963 2788; x_wconf 78' lang='grc' dir='ltr'>τὰς</span> <span class='ocrx_word' id='word_1_449' title='bbox 1996 2722 2195 2790; x_wconf 76' lang='grc' dir='ltr'>εἰκαίας</span> <span class='ocrx_word' id='word_1_450' title='bbox 2226 2725 2291 2784; x_wconf 87' lang='grc' dir='ltr'>Ε.</span> <span class='ocrx_word' id='word_1_451' title='bbox 2318 2722 2417 2805; x_wconf 84' lang='grc' dir='ltr'>ἔφη</span> <span class='ocrx_word' id='word_1_452' title='bbox 2446 2725 2536 2783; x_wconf 76' lang='grc' dir='ltr'>καὶ</span> <span class='ocrx_word' id='word_1_453' title='bbox 2567 2722 2718 2784; x_wconf 76' lang='grc' dir='ltr'>ἄλλοι</span> <span class='ocrx_word' id='word_1_454' title='bbox 2740 2727 2989 2804; x_wconf 75' lang='grc' dir='ltr'>κωμικοὶ,</span> <span class='ocrx_word' id='word_1_455' title='bbox 3014 2726 3088 2795; x_wconf 89' lang='grc' dir='ltr'>ως</span> <span class='ocrx_word' id='word_1_456' title='bbox 3116 2753 3245 2810; x_wconf 90' lang='grc' dir='ltr'>φησι</span> <span class='ocrx_word' id='word_1_457' title='bbox 3276 2734 3433 2792; x_wconf 88' lang='grc' dir='ltr'>Παυ-</span> 
     </span>
     <span class='ocr_line' id='line_1_72' title="bbox 1867 2808 3434 2892; baseline 0.007 -24"><span class='ocrx_word' id='word_1_458' title='bbox 1867 2808 2086 2889; x_wconf 74' lang='grc' dir='ltr'>σανίας,</span> <span class='ocrx_word' id='word_1_459' title='bbox 2130 2810 2221 2869; x_wconf 71' lang='grc' dir='ltr'>καὶ</span> <span class='ocrx_word' id='word_1_460' title='bbox 2274 2811 2500 2879; x_wconf 83' lang='grc' dir='ltr'>λίθους</span> <span class='ocrx_word' id='word_1_461' title='bbox 2548 2810 2603 2871; x_wconf 75' lang='grc' dir='ltr'>δὲ</span> <span class='ocrx_word' id='word_1_462' title='bbox 2644 2816 3009 2892; x_wconf 77' lang='grc' dir='ltr'>ἀγελαίους</span> <span class='ocrx_word' id='word_1_463' title='bbox 3048 2816 3167 2884; x_wconf 85' lang='grc' dir='ltr'>τους</span> <span class='ocrx_word' id='word_1_464' title='bbox 3210 2820 3434 2887; x_wconf 75' lang='grc' dir='ltr'>εἰκαίους</span> 
     </span>
     <span class='ocr_line' id='line_1_73' title="bbox 1867 2896 3422 2980; baseline 0.007 -27"><span class='ocrx_word' id='word_1_465' title='bbox 1867 2896 1958 2955; x_wconf 75' lang='grc' dir='ltr'>καὶ</span> <span class='ocrx_word' id='word_1_466' title='bbox 1998 2896 2398 2968; x_wconf 79' lang='grc' dir='ltr'>ἀκαταξέστους.</span> <span class='ocrx_word' id='word_1_467' title='bbox 2441 2904 2655 2960; x_wconf 78' lang='lat' dir='ltr'>Seneca</span> <span class='ocrx_word' id='word_1_468' title='bbox 2708 2906 2887 2980; x_wconf 85' lang='lat' dir='ltr'><strong>Epist.</strong></span> <span class='ocrx_word' id='word_1_469' title='bbox 2939 2902 3073 2977; x_wconf 85' lang='lat'>87:</span> <span class='ocrx_word' id='word_1_470' title='bbox 3122 2908 3221 2962; x_wconf 80' lang='lat' dir='ltr'>Dii</span> <span class='ocrx_word' id='word_1_471' title='bbox 3264 2909 3422 2978; x_wconf 82' lang='lat' dir='ltr'><strong>boni,</strong></span> 
     </span>
     <span class='ocr_line' id='line_1_74' title="bbox 1866 2991 3434 3069; baseline 0.006 -27"><span class='ocrx_word' id='word_1_472' title='bbox 1866 3007 2035 3060; x_wconf 83' lang='lat' dir='ltr'>quam</span> <span class='ocrx_word' id='word_1_473' title='bbox 2050 2991 2291 3060; x_wconf 80' lang='lat' dir='ltr'>juvabat</span> <span class='ocrx_word' id='word_1_474' title='bbox 2321 2997 2531 3047; x_wconf 76' lang='lat' dir='ltr'><strong>intrare</strong></span> <span class='ocrx_word' id='word_1_475' title='bbox 2548 2993 2754 3048; x_wconf 77' lang='lat' dir='ltr'><strong>balnea</strong></span> <span class='ocrx_word' id='word_1_476' title='bbox 2783 2995 2886 3048; x_wconf 80' lang='lat' dir='ltr'>illa</span> <span class='ocrx_word' id='word_1_477' title='bbox 2918 2995 3151 3050; x_wconf 82' lang='lat' dir='ltr'>obscura</span> <span class='ocrx_word' id='word_1_478' title='bbox 3164 3038 3177 3063; x_wconf 91' lang='lat'><em>‚</em></span> <span class='ocrx_word' id='word_1_479' title='bbox 3218 3009 3274 3051; x_wconf 76' lang='lat' dir='ltr'>ee</span> <span class='ocrx_word' id='word_1_480' title='bbox 3297 3016 3434 3069; x_wconf 76' lang='lat' dir='ltr'><strong>gre-</strong></span> 
     </span>
     <span class='ocr_line' id='line_1_75' title="bbox 1864 3074 3434 3156; baseline 0.011 -27"><span class='ocrx_word' id='word_1_481' title='bbox 1864 3077 1990 3150; x_wconf 82' lang='lat' dir='ltr'>gali</span> <span class='ocrx_word' id='word_1_482' title='bbox 2026 3074 2098 3156; x_wconf 91' lang='lat' dir='ltr'>(i.</span> <span class='ocrx_word' id='word_1_483' title='bbox 2135 3095 2188 3134; x_wconf 88' lang='lat' dir='ltr'><strong>e.</strong></span> <span class='ocrx_word' id='word_1_484' title='bbox 2216 3079 2466 3156; x_wconf 79' lang='lat' dir='ltr'><strong>vulgari)</strong></span> <span class='ocrx_word' id='word_1_485' title='bbox 2496 3087 2717 3139; x_wconf 81' lang='lat' dir='ltr'><strong>tectorio</strong></span> <span class='ocrx_word' id='word_1_486' title='bbox 2743 3083 2985 3143; x_wconf 79' lang='lat' dir='ltr'>inducta.</span> <span class='ocrx_word' id='word_1_487' title='bbox 3023 3082 3184 3142; x_wconf 85' lang='lat' dir='ltr'><strong>Idem</strong></span> <span class='ocrx_word' id='word_1_488' title='bbox 3204 3087 3293 3143; x_wconf 89' lang='lat' dir='ltr'><strong>De</strong></span> <span class='ocrx_word' id='word_1_489' title='bbox 3324 3085 3434 3145; x_wconf 83' lang='lat' dir='ltr'><strong>be-</strong></span> 
     </span>
     <span class='ocr_line' id='line_1_76' title="bbox 1865 3163 2713 3244; baseline 0.009 -27"><span class='ocrx_word' id='word_1_490' title='bbox 1865 3163 1979 3225; x_wconf 82' lang='lat' dir='ltr'><strong>nef.</strong></span> <span class='ocrx_word' id='word_1_491' title='bbox 2006 3183 2057 3234; x_wconf 89' lang='lat'>1,</span> <span class='ocrx_word' id='word_1_492' title='bbox 2090 3182 2159 3220; x_wconf 75' lang='lat' dir='ltr'>xa</span> <span class='ocrx_word' id='word_1_493' title='bbox 2186 3181 2202 3224; x_wconf 71' lang='grc' dir='ltr'>ε</span> <span class='ocrx_word' id='word_1_494' title='bbox 2232 3171 2497 3241; x_wconf 73' lang='lat' dir='ltr'>gregah&#39;a</span> <span class='ocrx_word' id='word_1_495' title='bbox 2513 3189 2713 3244; x_wconf 84' lang='lat' dir='ltr'><strong>poma.</strong></span> 
     </span>
    </p>
   </div>
   <div class='ocr_carea' id='block_1_29' title="bbox 2603 3282 2697 3355">
    <p class='ocr_par' dir='ltr' id='par_1_32' title="bbox 2603 3282 2697 3355">
     <span class='ocr_line' id='line_1_77' title="bbox 2603 3282 2697 3355; baseline 0.032 -16"><span class='ocrx_word' id='word_1_496' title='bbox 2603 3282 2697 3355; x_wconf 85' lang='lat'>75.</span> 
     </span>
    </p>
   </div>
   <div class='ocr_carea' id='block_1_30' title="bbox 1863 3391 3435 4349">
    <p class='ocr_par' dir='ltr' id='par_1_33' title="bbox 1863 3391 3435 3824">
     <span class='ocr_line' id='line_1_78' title="bbox 1944 3391 3435 3474; baseline 0.007 -27"><span class='ocrx_word' id='word_1_497' title='bbox 1944 3392 2105 3448; x_wconf 87' lang='lat' dir='ltr'><strong>Idem</strong></span> <span class='ocrx_word' id='word_1_498' title='bbox 2148 3392 2222 3450; x_wconf 87' lang='lat' dir='ltr'>ad</span> <span class='ocrx_word' id='word_1_499' title='bbox 2252 3391 2451 3468; x_wconf 80' lang='lat' dir='ltr'><strong>Odyss.</strong></span> <span class='ocrx_word' id='word_1_500' title='bbox 2495 3415 2556 3470; x_wconf 91' lang='grc' dir='ltr'>Ρ.</span> <span class='ocrx_word' id='word_1_501' title='bbox 2602 3395 2773 3467; x_wconf 87' lang='grc'><strong>1761,</strong></span> <span class='ocrx_word' id='word_1_502' title='bbox 2807 3397 2904 3472; x_wconf 87' lang='grc'>39,</span> <span class='ocrx_word' id='word_1_503' title='bbox 2954 3415 3024 3454; x_wconf 84' lang='lat' dir='ltr'><strong>ex</strong></span> <span class='ocrx_word' id='word_1_504' title='bbox 3059 3398 3435 3474; x_wconf 83' lang='lat' dir='ltr'><strong>Aristophane</strong></span> 
     </span>
     <span class='ocr_line' id='line_1_79' title="bbox 1863 3479 3430 3562; baseline 0.004 -27"><span class='ocrx_word' id='word_1_505' title='bbox 1863 3482 2235 3555; x_wconf 82' lang='lat' dir='ltr'><strong>grammatico</strong></span> <span class='ocrx_word' id='word_1_506' title='bbox 2269 3501 2283 3538; x_wconf 92' lang='lat'>:</span> <span class='ocrx_word' id='word_1_507' title='bbox 2318 3480 2410 3538; x_wconf 76' lang='grc' dir='ltr'>καὶ</span> <span class='ocrx_word' id='word_1_508' title='bbox 2438 3481 2485 3540; x_wconf 80' lang='grc' dir='ltr'>οἱ</span> <span class='ocrx_word' id='word_1_509' title='bbox 2515 3479 2690 3557; x_wconf 84' lang='grc' dir='ltr'>ἔμετοι</span> <span class='ocrx_word' id='word_1_510' title='bbox 2730 3482 2958 3559; x_wconf 74' lang='grc' dir='ltr'>ἔμίαι,</span> <span class='ocrx_word' id='word_1_511' title='bbox 2990 3486 3060 3549; x_wconf 82' lang='grc' dir='ltr'>ὡς</span> <span class='ocrx_word' id='word_1_512' title='bbox 3098 3484 3329 3562; x_wconf 82' lang='grc' dir='ltr'>κοχλίαι.</span> <span class='ocrx_word' id='word_1_513' title='bbox 3368 3489 3430 3546; x_wconf 79' lang='grc' dir='ltr'>Ε.</span> 
     </span>
     <span class='ocr_line' id='line_1_80' title="bbox 1865 3565 3434 3649; baseline 0.004 -26"><span class='ocrx_word' id='word_1_514' title='bbox 1865 3565 1939 3638; x_wconf 80' lang='grc' dir='ltr'>δὲ,</span> <span class='ocrx_word' id='word_1_515' title='bbox 1960 3566 2135 3645; x_wconf 80' lang='grc' dir='ltr'>φασὶν,</span> <span class='ocrx_word' id='word_1_516' title='bbox 2165 3565 2254 3625; x_wconf 71' lang='grc' dir='ltr'>ἐπὶ</span> <span class='ocrx_word' id='word_1_517' title='bbox 2279 3571 2369 3626; x_wconf 78' lang='grc' dir='ltr'>τοῦ</span> <span class='ocrx_word' id='word_1_518' title='bbox 2392 3567 2695 3649; x_wconf 81' lang='grc' dir='ltr'>κακοφώνου</span> <span class='ocrx_word' id='word_1_519' title='bbox 2718 3567 2780 3628; x_wconf 82' lang='grc' dir='ltr'>τὸ</span> <span class='ocrx_word' id='word_1_520' title='bbox 2808 3568 2996 3645; x_wconf 74' lang='grc' dir='ltr'>ἐμίαν</span> <span class='ocrx_word' id='word_1_521' title='bbox 3028 3569 3251 3640; x_wconf 83' lang='grc' dir='ltr'>τίθησιν.</span> <span class='ocrx_word' id='word_1_522' title='bbox 3276 3576 3434 3630; x_wconf 87' lang='lat' dir='ltr'><strong>Men-</strong></span> 
     </span>
     <span class='ocr_line' id='line_1_81' title="bbox 1868 3654 3434 3736; baseline 0.003 -24"><span class='ocrx_word' id='word_1_523' title='bbox 1868 3654 2005 3712; x_wconf 87' lang='lat' dir='ltr'><strong>dose</strong></span> <span class='ocrx_word' id='word_1_524' title='bbox 2033 3657 2167 3712; x_wconf 83' lang='lat' dir='ltr'>libri</span> <span class='ocrx_word' id='word_1_525' title='bbox 2207 3655 2361 3736; x_wconf 76' lang='grc' dir='ltr'>φησὶν</span> <span class='ocrx_word' id='word_1_526' title='bbox 2392 3667 2449 3714; x_wconf 88' lang='grc'>01</span> <span class='ocrx_word' id='word_1_527' title='bbox 2473 3655 2561 3714; x_wconf 80' lang='grc' dir='ltr'>τὸν</span> <span class='ocrx_word' id='word_1_528' title='bbox 2602 3656 2777 3733; x_wconf 78' lang='grc' dir='ltr'>ἐμίαν.</span> <span class='ocrx_word' id='word_1_529' title='bbox 2822 3659 3015 3716; x_wconf 80' lang='lat' dir='ltr'><strong>Galen.</strong></span> <span class='ocrx_word' id='word_1_530' title='bbox 3056 3660 3237 3716; x_wconf 86' lang='lat' dir='ltr'><strong>Gloss.</strong></span> <span class='ocrx_word' id='word_1_531' title='bbox 3289 3662 3434 3736; x_wconf 83' lang='lat' dir='ltr'>Hip-</span> 
     </span>
     <span class='ocr_line' id='line_1_82' title="bbox 1866 3744 3429 3824; baseline 0.006 -24"><span class='ocrx_word' id='word_1_532' title='bbox 1866 3764 2032 3819; x_wconf 88' lang='lat' dir='ltr'><strong>pocr.</strong></span> <span class='ocrx_word' id='word_1_533' title='bbox 2057 3764 2117 3819; x_wconf 91' lang='lat' dir='ltr'>p.</span> <span class='ocrx_word' id='word_1_534' title='bbox 2165 3746 2303 3816; x_wconf 91' lang='grc'><strong>466,</strong></span> <span class='ocrx_word' id='word_1_535' title='bbox 2335 3744 2519 3821; x_wconf 88' lang='grc' dir='ltr'>Ἐμίαι</span> <span class='ocrx_word' id='word_1_536' title='bbox 2560 3765 2575 3805; x_wconf 86' lang='lat'>:</span> <span class='ocrx_word' id='word_1_537' title='bbox 2611 3747 2659 3804; x_wconf 75' lang='grc' dir='ltr'>οἱ</span> <span class='ocrx_word' id='word_1_538' title='bbox 2686 3745 2879 3822; x_wconf 78' lang='grc' dir='ltr'>ἔμετοι.</span> <span class='ocrx_word' id='word_1_539' title='bbox 2907 3745 3115 3805; x_wconf 75' lang='grc' dir='ltr'>ἀττικὸν</span> <span class='ocrx_word' id='word_1_540' title='bbox 3144 3746 3204 3805; x_wconf 86' lang='grc' dir='ltr'>τὸ</span> <span class='ocrx_word' id='word_1_541' title='bbox 3242 3747 3429 3824; x_wconf 78' lang='grc' dir='ltr'>ὄνομα.</span> 
     </span>
    </p>

    <p class='ocr_par' dir='ltr' id='par_1_34' title="bbox 1865 3831 3434 4349">
     <span class='ocr_line' id='line_1_83' title="bbox 1876 3831 3429 3912; baseline 0.003 -23.161"><span class='ocrx_word' id='word_1_542' title='bbox 1876 3835 2121 3889; x_wconf 70' lang='lat' dir='ltr'><strong>«Immo</strong></span> <span class='ocrx_word' id='word_1_543' title='bbox 2148 3834 2196 3890; x_wconf 80' lang='grc' dir='ltr'>οἱ</span> <span class='ocrx_word' id='word_1_544' title='bbox 2224 3831 2487 3909; x_wconf 77' lang='grc' dir='ltr'>ἐμετικοί,</span> <span class='ocrx_word' id='word_1_545' title='bbox 2514 3845 2581 3890; x_wconf 87' lang='grc'>111</span> <span class='ocrx_word' id='word_1_546' title='bbox 2620 3838 2778 3893; x_wconf 88' lang='lat' dir='ltr'><strong>Eust.</strong></span> <span class='ocrx_word' id='word_1_547' title='bbox 2816 3835 2889 3891; x_wconf 86' lang='lat' dir='ltr'>ad</span> <span class='ocrx_word' id='word_1_548' title='bbox 2918 3837 2989 3892; x_wconf 92' lang='lat' dir='ltr'>Il.</span> <span class='ocrx_word' id='word_1_549' title='bbox 3036 3855 3095 3912; x_wconf 86' lang='grc' dir='ltr'>Ρ.</span> <span class='ocrx_word' id='word_1_550' title='bbox 3139 3837 3278 3912; x_wconf 86' lang='grc'><strong>996,</strong></span> <span class='ocrx_word' id='word_1_551' title='bbox 3309 3837 3383 3911; x_wconf 84' lang='grc'><strong>39</strong></span> <span class='ocrx_word' id='word_1_552' title='bbox 3416 3859 3429 3893; x_wconf 90' lang='lat'>:</span> 
     </span>
     <span class='ocr_line' id='line_1_84' title="bbox 1865 3917 3429 4000; baseline 0.005 -26"><span class='ocrx_word' id='word_1_553' title='bbox 1865 3917 2015 3994; x_wconf 78' lang='grc' dir='ltr'>ἔμίας</span> <span class='ocrx_word' id='word_1_554' title='bbox 2038 3921 2067 3977; x_wconf 82' lang='grc' dir='ltr'><strong>ὅ</strong></span> <span class='ocrx_word' id='word_1_555' title='bbox 2090 3919 2378 3996; x_wconf 74' lang='grc' dir='ltr'>ἐμετικὸςῆ</span> <span class='ocrx_word' id='word_1_556' title='bbox 2404 3921 2612 3998; x_wconf 77' lang='grc' dir='ltr'>εὗεμῆς.</span> <span class='ocrx_word' id='word_1_557' title='bbox 2642 3923 2815 3998; x_wconf 83' lang='lat' dir='ltr'><strong>Apud</strong></span> <span class='ocrx_word' id='word_1_558' title='bbox 2852 3925 2999 4000; x_wconf 84' lang='lat' dir='ltr'><strong>Eup.</strong></span> <span class='ocrx_word' id='word_1_559' title='bbox 3035 3921 3121 3980; x_wconf 81' lang='grc' dir='ltr'>ἐπὶ</span> <span class='ocrx_word' id='word_1_560' title='bbox 3148 3927 3237 3981; x_wconf 77' lang='grc' dir='ltr'>τοῦ</span> <span class='ocrx_word' id='word_1_561' title='bbox 3263 3946 3429 3982; x_wconf 86' lang='grc' dir='ltr'>κακο-</span> 
     </span>
     <span class='ocr_line' id='line_1_85' title="bbox 1866 4005 3433 4088; baseline 0.003 -23"><span class='ocrx_word' id='word_1_562' title='bbox 1866 4005 2068 4086; x_wconf 78' lang='grc' dir='ltr'>φώνου,</span> <span class='ocrx_word' id='word_1_563' title='bbox 2094 4010 2167 4066; x_wconf 90' lang='lat' dir='ltr'><strong>de</strong></span> <span class='ocrx_word' id='word_1_564' title='bbox 2188 4011 2419 4068; x_wconf 86' lang='grc'><strong>1101111110</strong></span> <span class='ocrx_word' id='word_1_565' title='bbox 2442 4014 2541 4086; x_wconf 84' lang='lat' dir='ltr'>qui</span> <span class='ocrx_word' id='word_1_566' title='bbox 2564 4032 2684 4069; x_wconf 88' lang='lat' dir='ltr'>non</span> <span class='ocrx_word' id='word_1_567' title='bbox 2704 4015 3052 4088; x_wconf 80' lang='lat' dir='ltr'><strong>pronunciet</strong></span> <span class='ocrx_word' id='word_1_568' title='bbox 3085 4014 3295 4084; x_wconf 78' lang='lat' dir='ltr'><strong>verba,</strong></span> <span class='ocrx_word' id='word_1_569' title='bbox 3334 4016 3433 4070; x_wconf 85' lang='lat' dir='ltr'><strong>sed</strong></span> 
     </span>
     <span class='ocr_line' id='line_1_86' title="bbox 1865 4101 3434 4176; baseline 0.003 -23"><span class='ocrx_word' id='word_1_570' title='bbox 1865 4108 2083 4154; x_wconf 85' lang='lat' dir='ltr'><strong>eructet</strong></span> <span class='ocrx_word' id='word_1_571' title='bbox 2112 4110 2171 4155; x_wconf 88' lang='lat' dir='ltr'><strong>et</strong></span> <span class='ocrx_word' id='word_1_572' title='bbox 2190 4111 2400 4158; x_wconf 80' lang='lat' dir='ltr'><strong>vomat.</strong></span> <span class='ocrx_word' id='word_1_573' title='bbox 2426 4101 2576 4158; x_wconf 87' lang='lat' dir='ltr'><strong>Nota</strong></span> <span class='ocrx_word' id='word_1_574' title='bbox 2602 4113 2734 4158; x_wconf 87' lang='lat' dir='ltr'><strong>sunt</strong></span> <span class='ocrx_word' id='word_1_575' title='bbox 2750 4102 3129 4176; x_wconf 78' lang='lat' dir='ltr'><strong>vituperantia</strong></span> <span class='ocrx_word' id='word_1_576' title='bbox 3154 4103 3434 4158; x_wconf 80' lang='lat' dir='ltr'><strong>vocabula</strong></span> 
     </span>
     <span class='ocr_line' id='line_1_87' title="bbox 1865 4181 3433 4310; baseline 0.004 -70"><span class='ocrx_word' id='word_1_577' title='bbox 1865 4181 2063 4260; x_wconf 79' lang='grc' dir='ltr'>ὠμίας,</span> <span class='ocrx_word' id='word_1_578' title='bbox 2088 4185 2399 4263; x_wconf 85' lang='grc' dir='ltr'>πωγωνίας,</span> <span class='ocrx_word' id='word_1_579' title='bbox 2422 4199 2535 4250; x_wconf 88' lang='grc'><strong>010.</strong></span> <span class='ocrx_word' id='word_1_580' title='bbox 2565 4193 2769 4262; x_wconf 79' lang='lat' dir='ltr'>Aug.</span> <span class='ocrx_word' id='word_1_581' title='bbox 2802 4189 3114 4310; x_wconf 64' lang='grc' dir='ltr'>Νααεῇἰω,</span> <span class='ocrx_word' id='word_1_582' title='bbox 3144 4191 3243 4264; x_wconf 79' lang='lat' dir='ltr'>qui</span> <span class='ocrx_word' id='word_1_583' title='bbox 3268 4191 3433 4264; x_wconf 80' lang='lat' dir='ltr'><strong>plura</strong></span> 
     </span>
     <span class='ocr_line' id='line_1_88' title="bbox 1865 4274 2559 4349; baseline 0.009 -23"><span class='ocrx_word' id='word_1_584' title='bbox 1865 4291 1963 4348; x_wconf 88' lang='lat' dir='ltr'>ap.</span> <span class='ocrx_word' id='word_1_585' title='bbox 1988 4275 2163 4334; x_wconf 87' lang='lat' dir='ltr'><strong>Mein.</strong></span> <span class='ocrx_word' id='word_1_586' title='bbox 2194 4293 2255 4349; x_wconf 90' lang='grc' dir='ltr'>Ρ.</span> <span class='ocrx_word' id='word_1_587' title='bbox 2280 4294 2321 4332; x_wconf 85' lang='lat' dir='ltr'>x</span> <span class='ocrx_word' id='word_1_588' title='bbox 2340 4274 2434 4335; x_wconf 87' lang='lat' dir='ltr'><strong>ed.</strong></span> <span class='ocrx_word' id='word_1_589' title='bbox 2460 4277 2559 4332; x_wconf 87' lang='lat' dir='ltr'><strong>alt.</strong></span> 
     </span>
    </p>
   </div>
   <div class='ocr_carea' id='block_1_31' title="bbox 1864 4390 3453 4740">
    <p class='ocr_par' dir='ltr' id='par_1_35' title="bbox 1864 4390 3453 4740">
     <span class='ocr_line' id='line_1_89' title="bbox 2604 4390 2699 4448; baseline 0.021 -2"><span class='ocrx_word' id='word_1_590' title='bbox 2604 4390 2699 4448; x_wconf 63' lang='lat'>⁶6.</span> 
     </span>
     <span class='ocr_line' id='line_1_90' title="bbox 1945 4429 3453 4582; baseline 0.002 -35"><span class='ocrx_word' id='word_1_591' title='bbox 1945 4489 2195 4548; x_wconf 85' lang='lat' dir='ltr'><strong>Gramm.</strong></span> <span class='ocrx_word' id='word_1_592' title='bbox 2220 4492 2473 4552; x_wconf 84' lang='lat' dir='ltr'><strong>Crameri</strong></span> <span class='ocrx_word' id='word_1_593' title='bbox 2494 4429 2814 4553; x_wconf 40' lang='lat' dir='ltr'><strong>Anijon.</strong></span> <span class='ocrx_word' id='word_1_594' title='bbox 2853 4513 2906 4566; x_wconf 82' lang='lat'>1,</span> <span class='ocrx_word' id='word_1_595' title='bbox 2926 4513 2987 4569; x_wconf 90' lang='grc' dir='ltr'>Ρ.</span> <span class='ocrx_word' id='word_1_596' title='bbox 3022 4492 3172 4560; x_wconf 56' lang='grc'><strong>168,</strong></span> <span class='ocrx_word' id='word_1_597' title='bbox 3203 4512 3278 4549; x_wconf 83' lang='lat'>20</span> <span class='ocrx_word' id='word_1_598' title='bbox 3307 4515 3319 4548; x_wconf 93' lang='lat'>:</span> <span class='ocrx_word' id='word_1_599' title='bbox 3344 4494 3453 4582; x_wconf 26' lang='grc' dir='ltr'>καὶ,</span> 
     </span>
     <span class='ocr_line' id='line_1_91' title="bbox 1864 4576 3429 4654; baseline 0.004 -20"><span class='ocrx_word' id='word_1_600' title='bbox 1864 4576 1993 4654; x_wconf 80' lang='grc' dir='ltr'>παρ’</span> <span class='ocrx_word' id='word_1_601' title='bbox 2044 4579 2179 4636; x_wconf 81' lang='grc' dir='ltr'><strong>Ε-δι</strong></span> <span class='ocrx_word' id='word_1_602' title='bbox 2222 4579 2592 4649; x_wconf 77' lang='grc' dir='ltr'>λελάὸηκα.</span> <span class='ocrx_word' id='word_1_603' title='bbox 2648 4583 2821 4642; x_wconf 85' lang='grc' dir='ltr'><strong>Μο111.</strong></span> <span class='ocrx_word' id='word_1_604' title='bbox 2894 4583 3039 4639; x_wconf 77' lang='lat' dir='ltr'><strong>nist.</strong></span> <span class='ocrx_word' id='word_1_605' title='bbox 3092 4583 3216 4638; x_wconf 78' lang='lat' dir='ltr'><strong>crit.</strong></span> <span class='ocrx_word' id='word_1_606' title='bbox 3267 4582 3429 4640; x_wconf 88' lang='lat' dir='ltr'><strong>Com.</strong></span> 
     </span>
     <span class='ocr_line' id='line_1_92' title="bbox 1864 4665 3433 4740; baseline 0.001 -17"><span class='ocrx_word' id='word_1_607' title='bbox 1864 4684 1929 4740; x_wconf 90' lang='lat' dir='ltr'>p.</span> <span class='ocrx_word' id='word_1_608' title='bbox 1968 4665 2075 4721; x_wconf 88' lang='grc'>113</span> <span class='ocrx_word' id='word_1_609' title='bbox 2121 4686 2134 4722; x_wconf 86' lang='lat'>:</span> <span class='ocrx_word' id='word_1_610' title='bbox 2183 4692 2208 4719; x_wconf 73' lang='grc' dir='ltr'>α</span> <span class='ocrx_word' id='word_1_611' title='bbox 2243 4671 2371 4725; x_wconf 85' lang='lat' dir='ltr'>Hoc</span> <span class='ocrx_word' id='word_1_612' title='bbox 2420 4671 2499 4726; x_wconf 88' lang='lat' dir='ltr'>ita</span> <span class='ocrx_word' id='word_1_613' title='bbox 2533 4670 2805 4726; x_wconf 83' lang='lat' dir='ltr'><strong>abhorret</strong></span> <span class='ocrx_word' id='word_1_614' title='bbox 2836 4670 2909 4726; x_wconf 88' lang='lat' dir='ltr'>ab</span> <span class='ocrx_word' id='word_1_615' title='bbox 2936 4689 3043 4725; x_wconf 87' lang='lat' dir='ltr'>usu</span> <span class='ocrx_word' id='word_1_616' title='bbox 3082 4671 3433 4740; x_wconf 82' lang='lat' dir='ltr'><strong>Atticorum,</strong></span> 
     </span>
    </p>
   </div>
   <div class='ocr_carea' id='block_1_32' title="bbox 1864 4755 3433 4922">
    <p class='ocr_par' dir='ltr' id='par_1_36' title="bbox 1864 4755 3433 4922">
     <span class='ocr_line' id='line_1_93' title="bbox 1864 4755 3432 4830; baseline 0.002 -22"><span class='ocrx_word' id='word_1_617' title='bbox 1864 4765 2071 4809; x_wconf 86' lang='lat' dir='ltr'><strong>utnon</strong></span> <span class='ocrx_word' id='word_1_618' title='bbox 2096 4755 2351 4812; x_wconf 89' lang='lat' dir='ltr'><strong>dubitem</strong></span> <span class='ocrx_word' id='word_1_619' title='bbox 2390 4759 2529 4830; x_wconf 90' lang='lat' dir='ltr'><strong>quin</strong></span> <span class='ocrx_word' id='word_1_620' title='bbox 2556 4776 2627 4813; x_wconf 88' lang='lat' dir='ltr'><strong>eo</strong></span> <span class='ocrx_word' id='word_1_621' title='bbox 2653 4757 2914 4814; x_wconf 90' lang='lat' dir='ltr'><strong>Ionicum</strong></span> <span class='ocrx_word' id='word_1_622' title='bbox 2942 4758 3233 4813; x_wconf 86' lang='lat' dir='ltr'><strong>hominem</strong></span> <span class='ocrx_word' id='word_1_623' title='bbox 3262 4768 3432 4812; x_wconf 88' lang='lat' dir='ltr'><strong>uten-</strong></span> 
     </span>
     <span class='ocr_line' id='line_1_94' title="bbox 1867 4841 3433 4922; baseline 0.003 -28"><span class='ocrx_word' id='word_1_624' title='bbox 1867 4851 1981 4895; x_wconf 87' lang='lat' dir='ltr'><strong>tem</strong></span> <span class='ocrx_word' id='word_1_625' title='bbox 2006 4841 2229 4912; x_wconf 81' lang='lat' dir='ltr'><strong>secerit3</strong></span> <span class='ocrx_word' id='word_1_626' title='bbox 2247 4861 2317 4898; x_wconf 86' lang='lat' dir='ltr'><strong>ex</strong></span> <span class='ocrx_word' id='word_1_627' title='bbox 2332 4862 2448 4917; x_wconf 84' lang='lat' dir='ltr'>quo</span> <span class='ocrx_word' id='word_1_628' title='bbox 2464 4863 2669 4919; x_wconf 86' lang='lat' dir='ltr'><strong>genere</strong></span> <span class='ocrx_word' id='word_1_629' title='bbox 2690 4856 2774 4901; x_wconf 85' lang='lat' dir='ltr'><strong>est</strong></span> <span class='ocrx_word' id='word_1_630' title='bbox 2788 4846 2953 4901; x_wconf 82' lang='lat' dir='ltr'><strong>etiam</strong></span> <span class='ocrx_word' id='word_1_631' title='bbox 2971 4844 3169 4922; x_wconf 77' lang='grc' dir='ltr'>τρηχὺς</span> <span class='ocrx_word' id='word_1_632' title='bbox 3189 4843 3289 4919; x_wconf 83' lang='lat' dir='ltr'><strong>(fr.</strong></span> <span class='ocrx_word' id='word_1_633' title='bbox 3312 4862 3333 4899; x_wconf 85' lang='lat'>1</span> <span class='ocrx_word' id='word_1_634' title='bbox 3347 4852 3377 4911; x_wconf 89' lang='grc'><strong>4</strong></span> <span class='ocrx_word' id='word_1_635' title='bbox 3394 4843 3433 4918; x_wconf 90' lang='grc'>),</span> 
     </span>
    </p>
   </div>
   <div class='ocr_carea' id='block_1_33' title="bbox 1867 5029 2699 5183">
    <p class='ocr_par' dir='ltr' id='par_1_37' title="bbox 1867 5029 2699 5183">
     <span class='ocr_line' id='line_1_95' title="bbox 1867 5029 2699 5183; baseline -0.006 -15"><span class='ocrx_word' id='word_1_636' title='bbox 1867 5116 2048 5183; x_wconf 87' lang='lat' dir='ltr'><strong>Quum</strong></span> <span class='ocrx_word' id='word_1_637' title='bbox 2070 5111 2269 5182; x_wconf 76' lang='lat' dir='ltr'><strong>pateris</strong></span> <span class='ocrx_word' id='word_1_638' title='bbox 2296 5029 2669 5183; x_wconf 32' lang='lat' dir='ltr'><strong>propinasse-tl}</strong></span> <span class='ocrx_word' id='word_1_639' title='bbox 2684 5064 2699 5078; x_wconf 47' lang='lat'><strong>·</strong></span> 
     </span>
    </p>
   </div>
  </div>
 </body>
</html>
