3809 5850
1464 360 1969 421 PfflLlPPmEs.

132 492 480 572 Φιλευριπίδῃ,
500 494 610 549 ta‘le
629 502 1024 567 argumentum
1046 493 1248 549 mediae
1276 496 1469 568 potius
1494 514 1661 568 quam

129 605 269 643 novae
299 582 586 638 comoediae
610 591 807 655 aptum
835 590 953 649 est;
1000 582 1196 655 itaque
1240 580 1555 655 videamus,
1593 602 1666 638 ne

132 694 231 730 non
260 672 429 727 altero
457 688 689 745 quoque
714 666 964 725 Pollucis
990 669 1124 725 loco
1154 680 1211 725 et
1242 670 1397 743 apud
1425 672 1661 727 Antiatt.

128 764 354 835 Philippi
382 777 593 816 nomen
616 756 1029 815 restituendum
1054 759 1142 814 sit.
1183 758 1460 831 Equidem
1489 760 1664 814 nolim

128 855 181 907 in
208 869 266 905 re
292 860 397 905 tam
443 847 621 903 dubia
663 846 981 921 quidquam
1010 847 1151 902 certi
1194 848 1587 921 pronuntiare.
1637 872 1659 896 υ

129 940 175 995 Ε
194 940 275 993 Μ.

862 1058 911 1097 ι.

198 1149 387 1206 Pollux
416 1166 475 1221 9,
506 1146 579 1203 38
622 1164 637 1205 z
679 1144 823 1223 τάχα
858 1144 901 1201 δ’
935 1142 998 1202 ἂν
1038 1142 1202 1223 εὕροις
1251 1122 1343 1201 καὶ
1374 1144 1543 1223 ῥύμην
1596 1146 1670 1202 εἶ-

132 1235 338 1316 ρημένην
361 1276 424 1295 ...
457 1230 787 1293 Φιλιππίδου
814 1230 831 1312 (
846 1230 1109 1309 εἰπόντος)
1131 1232 1185 1288 ἐν
1212 1231 1587 1310 Φιλευριπίδῃ,

210 1390 267 1427 α.
300 1361 548 1432 Πόστην
579 1354 666 1449 ἐφ’
708 1351 852 1425 ὁδοῦ
871 1408 890 1443 ,
931 1349 1277 1450 παιδάριον,
1324 1352 1403 1434 εἷς
1434 1360 1656 1447 §tiu-nu

1327 1466 1390 1547 β.
1424 1464 1667 1554 Τρίτην.

74 1640 86 1655 .
127 1592 265 1673 ὁγὰρ
303 1588 563 1658 στενωπὸς
596 1579 741 1655 οὗτος
770 1590 822 1645 έν
854 1586 1127 1657 Ἀθήνησιν
1159 1578 1244 1657 ἧν.
1276 1590 1451 1662 Atqui
1481 1610 1671 1644 στενω-

127 1684 209 1747 πὸς
230 1684 409 1739 nullus
428 1690 915 1737 commemoratur
942 1696 975 1735 a
998 1679 1226 1735 Nostro.
1257 1678 1515 1733 Fortasse
1538 1674 1669 1733 Pol-

126 1774 211 1826 lux
234 1772 339 1827 hoe
362 1781 585 1845 tantum
627 1768 848 1823 dixerat
878 1763 1032 1843 ἡγὰρ
1066 1766 1277 1839 (intell.
1308 1766 1343 1832 ἡ
1363 1763 1517 1855 ῥδὸς)
1550 1786 1666 1820 στε-

128 1856 277 1923 νωπὸς
324 1846 406 1927 ἦν.
460 1857 623 1915 Libri
676 1852 889 1922 Πόστην
953 1852 1034 1932 ὑφ’
1080 1853 1202 1909 ὁδοῦ
1234 1855 1302 1916 ὡς
1344 1856 1475 1909 εἶναι
1520 1852 1667 1911 παιδ.
1736 1872 1747 1889 ·

130 1943 281 2023 ῥύμην
309 1966 390 2023 τρ.

864 2083 920 2119 2.

195 2179 275 2233 lb.
302 2176 377 2235 88
406 2173 593 2253 επαρὰ
619 2172 797 2250 μέντοι
833 2172 985 2249 (imo
1012 2169 1107 2245 μὲν
1128 2172 1145 2247 )
1168 2178 1274 2237 τοῖς
1302 2174 1563 2251 Δωριεῦσι
1583 2168 1675 2228 καὶ

127 2264 179 2321 τὸ
190 2268 350 2343 κέρμα
368 2262 511 2321 ἐστὶν
538 2258 833 2342 εἰρημένον·
860 2258 999 2339 εὕροι
1014 2260 1059 2317 δ’
1082 2258 1143 2317 ἄν
1163 2282 1242 2325 τις
1261 2259 1388 2319 αὐτὸ
1410 2260 1501 2318 καὶ
1527 2260 1673 2340 παρὰ
1711 2286 1719 2319 ι

123 2356 219 2417 τοῖς
246 2351 491 2417 Ἀττικοῖς
613 2350 665 2407 έν
698 2347 878 2425 μέντοι
907 2350 982 2427 τῷ
1003 2344 1277 2406 Φιλίππω
1305 2350 1451 2425 (sic)
1481 2348 1674 2407 Φιλευ·

127 2440 285 2519 ριπίδῃ
302 2482 319 2512 ,

299 2592 391 2603 —-
426 2550 625 2627 Οὗτος
653 2548 841 2616 οἴεται
872 2548 1259 2641 περισπάσειν

207 2659 529 2751 κερμάτιον
564 2660 770 2723 αὐτοῦ.

124 2785 459 2865 Περισπάσειν
480 2787 647 2843 brevi
667 2785 996 2861 penultima.
1022 2783 1320 2856 AEschylus
1340 2784 1489 2840 Pers.
1519 2782 1630 2849 450
1660 2803 1671 2835 :

192 2894 392 2954 τοσόνδε
412 2897 617 2967 πλῆθος
633 2892 897 2972 πημάτων
921 2892 1209 2952 ἑπέσπασε.

862 3008 920 3064 3.

192 3113 421 3170 Antiatt.
450 3132 509 3188 p.
554 3131 686 3185 112,
714 3110 805 3180 31,
838 3107 1280 3187 Περικατάλη
1316 3128 1451 3172 ’.τος
1477 3103 1679 3183 γίγνο-

123 3219 229 3270 μαι
253 3219 267 3253 :
293 3199 421 3257 Φιλ.
444 3200 679 3278 Φιλευρ.

459 3329 572 3384 Ex
612 3329 691 3384 ΙΝ
695 3327 952 3384 CERTIS
991 3328 1179 3384 FABU
1188 3326 1318 3382 LIS.

196 3559 221 3584 ι
251 3537 570 3595 Demetrius
612 3553 795 3614 quum
831 3537 981 3592 intra
1018 3521 1416 3591 brevissimum
1459 3543 1683 3605 tempus

122 3625 301 3694 parvis
350 3619 695 3702 magnisque
735 3625 1017 3706 mysteriis
1054 3615 1275 3679 initiari
1296 3622 1466 3678 vellet
1488 3661 1505 3688 ‚
1536 3609 1681 3692 quo-

121 3729 237 3766 rum
258 3713 377 3769 haec
396 3715 827 3772 Boedromione
854 3709 1063 3786 (tertio
1084 3729 1274 3768 mense
1298 3710 1434 3764 anni
1452 3708 1678 3779 Attici),

122 3798 206 3852 illa
246 3811 434 3856 autem
474 3801 923 3858 Anthcsterione
957 3797 1181 3874 (sexto)
1230 3795 1683 3867 celebrabantur,

122 3884 409 3945 Stratocles
426 3887 624 3944 effecit
652 3899 717 3943 ut
744 3886 1117 3962 Munychioni
1150 3883 1433 3959 (decimo)
1466 3880 1684 3938 Anthe-

124 3975 367 4031 sterionis
392 3993 614 4031 nomen
643 3974 963 4046 inderetur,
1002 3973 1163 4046 isque
1197 3970 1445 4044 peractis
1492 3969 1682 4043 parvis

124 4063 395 4134 mysteriis
432 4081 637 4119 rursus
663 4060 1102 4117 Boedromionis
1125 4076 1335 4114 nomen
1361 4058 1641 4130 reciperet
1666 4075 1679 4108 :

120 4143 222 4222 διὸ,
261 4151 447 4225 inquit
492 4149 837 4206 Plutarchus
879 4150 995 4207 vit.
1044 4145 1315 4204 Demetrii
1354 4165 1405 4201 c.
1446 4143 1543 4212 26,
1592 4139 1683 4198 καὶ

124 4234 459 4316 Φιλιππίδης,
492 4235 587 4294 τὸν
626 4233 970 4314 Στρατοκλέα
990 4233 1257 4312 λοιδορῶν,
1280 4229 1520 4300 ἐποίησεν

3199 374 3312 425 673

1852 492 1905 561 ὸ
1936 498 2039 562 τὸν
2065 496 2330 561 ἐνιαυτὸν
2362 498 2662 588 συντεμὼν
2692 497 2768 574 εἰς
2794 504 3012 588 μῆνια,

1755 627 1845 685 καὶ
1874 625 1994 705 περὶ
2022 628 2114 696 τῆς
2145 626 2194 682 ἔν
2215 626 2291 703 τῷ
2327 626 2628 703 Παρθενῶνι
2653 626 3120 698 κατασκηνώσεως,

1854 738 1910 809 ὸ
1943 745 2056 815 τὴν
2081 741 2408 833 ἀκρόπολιν
2436 732 2790 807 πανδοκεῖον
2815 738 3130 808 ὑπολαὸὼν
3151 796 3169 828 ,

1855 843 1958 910 καὶ
1985 843 2096 921 τὰς
2125 842 2352 937 ἑταίρας
2380 844 2712 938 εἰσαγαγὼν
2733 856 2808 937 τῇ
2839 848 3123 938 παρθένῳ.

1759 976 2051 1029 Postrema
2098 984 2352 1047 spectant
2401 975 2472 1028 ad
2521 990 2604 1043 ea,
2663 994 2786 1047 quae
2828 977 2884 1029 in
2936 977 3323 1050 superioribus

1758 1073 2087 1119 narraverat
2109 1064 2259 1119 Plut.
2291 1081 2303 1117 z
2333 1062 2420 1118 τὸν
2438 1060 2538 1138 γὰρ
2565 1061 2907 1137 ὀπισθόδομον
2935 1064 3031 1119 τοῦ
3049 1066 3323 1141 παρθενῶ-

1762 1174 1849 1217 νος
1870 1148 2146 1217 ἀπέδειξαν
2177 1148 2321 1227 αὐτῷ
2339 1148 2647 1209 κατάλυσιν.
2685 1152 2786 1207 Illa
2823 1152 3094 1207 Demetrii
3137 1149 3326 1225 μύησις

1764 1240 1912 1296 facta
1933 1250 2016 1295 est
2045 1239 2262 1313 olymp.
2301 1256 2434 1312 119,
2469 1238 2500 1293 3
2530 1238 2692 1310 (ante
2711 1240 2844 1298 Chr.
2875 1252 2994 1295 nat.
3036 1241 3141 1296 301
3167 1242 3206 1315 ),
3235 1258 3324 1296 ar·-

1762 1329 1970 1383 chonte
1987 1327 2238 1391 Nicocle:
2255 1346 2311 1384 v.
2332 1327 2540 1383 Cliton.
2557 1330 2623 1383 F.
2655 1332 2726 1385 A.
2751 1346 2808 1403 p.
2845 1328 2953 1383 188
2976 1328 3070 1385 ed.
3101 1329 3276 1403 Krug.
3296 1356 3317 1377 υ

1762 1418 1813 1471 E
1834 1418 1924 1473 M.
1949 1415 2132 1473 Versu
2165 1434 2188 1470 1
2219 1416 2420 1489 scripsi
2451 1412 2614 1487 μήνια
2636 1434 2740 1490 per
2764 1418 3080 1471 irrisionem
3109 1417 3324 1472 dictum

1760 1524 1869 1579 pro
1894 1504 2083 1578 μῆνας.
2123 1502 2304 1559 codd.
2336 1504 2539 1559 vitiose
2571 1504 2692 1575 μῆν’
2728 1502 2840 1560 ἕνα.
2871 1504 3137 1559 Ridicule
3169 1505 3328 1559 Stra-

1762 1594 1936 1649 tocles
1962 1609 2172 1646 annum
2213 1590 2270 1644 in
2309 1609 2520 1647 menses
2566 1591 2876 1659 concidisse
2915 1602 2972 1646 et
3010 1591 3327 1649 decurtasse

1762 1682 1976 1737 dicitur
2005 1678 2274 1736 Demetrii
2301 1698 2488 1735 causa.
2525 1683 2589 1739 V.
2635 1684 2669 1739 3
2699 1681 2832 1736 libri
2867 1676 3088 1755 εἰσάγων
3125 1680 3326 1737 'corre-

1762 1781 1918 1847 ctum
1948 1786 1980 1822 a
2004 1767 2305 1824 Meinekio.

1844 1854 2005 1912 Idem
2027 1856 2173 1910 Plut.
2199 1873 2329 1930 cap.
2371 1874 2437 1910 ιιι
2480 1875 2491 1909 :
2523 1853 2840 1930 ἐπεσήμαινε
2864 1854 2917 1913 δὲ
2939 1862 3044 1920 τοῖς
3065 1854 3327 1921 πλείστοις

1763 1942 1823 2000 τὸ
1848 1948 2004 2004 θεῖον.
2033 1945 2062 1999 ὁ
2086 1942 2180 2016 μὲν
2214 1940 2316 2020 γὰρ
2339 1940 2564 2013 πέπλος,
2585 1940 2766 2021 ὥσπερ
2796 1940 3151 2023 ἐψηφίσαντο,
3188 1941 3324 2017 μετὰ

1763 2035 1856 2089 τοῦ
1901 2028 2025 2096 Διὸς
2069 2026 2161 2086 καὶ
2193 2028 2406 2101 Ἀθηνᾶς
2446 2030 2985 2111 προσενυφηναμένων
3024 2030 3327 2110 Δημήτριον

1764 2119 1858 2177 καὶ
1888 2116 2176 2195 Ἀντίγονον
2195 2160 2213 2189 ,
2237 2116 2572 2194 πεμπόμενος
2599 2118 2685 2176 διὰ
2705 2124 2801 2177 τοῦ
2831 2120 3159 2198 Κεραμεικοῦ
3177 2164 3194 2195 ,
3223 2119 3330 2193 με’-

1764 2227 1850 2271 σος
1871 2204 2066 2284 ἐρράγη
2091 2202 2306 2276 θυέλλης
2331 2204 2679 2281 ἐμπεσούσης.
2811 2210 2875 2284 τῇ
2906 2206 2948 2264 δ’
2975 2206 3171 2285 ἡμέρα,
3200 2196 3237 2283 ᾗ
3264 2206 3330 2263 τὰ

1767 2292 2016 2354 Διονύσια
2066 2292 2300 2370 ἐγένετο,
2335 2290 2432 2363 τὴν
2471 2294 2690 2364 πομπὴν
2735 2294 3051 2353 κατέλυσαν·
3097 2296 3328 2372 ἰσχυρῶν

1764 2381 1868 2462 γὰρ
1898 2381 2082 2458 πάγων
2101 2380 2392 2459 γενομένων
2421 2382 2545 2460 παρ’
2569 2380 2710 2460 ὥραν
2728 2427 2744 2457 ,
2773 2382 2862 2441 καὶ
2883 2382 3093 2462 πάχνης
3119 2381 3331 2460 βαθείας

1766 2474 2052 2545 πεσούσης,
2084 2468 2354 2546 ἀμπέλους
2380 2470 2470 2531 καὶ
2516 2480 2678 2539 συκᾶς
2713 2471 2924 2539 ἁπάσας
2961 2472 3230 2530 ἀπέκαυσε
3270 2472 3330 2530 τὸ

1766 2564 1932 2643 ψῦχος
2089 2558 2168 2617 διὸ
2194 2558 2286 2618 καὶ
2314 2560 2446 2620 Φιλ.
2475 2558 2657 2639 ἐχθρὸς
2679 2556 2752 2618 ὢν
2786 2564 2880 2619 τοῦ
2913 2558 3328 2639 Στρατοκλέους,

1767 2651 1821 2707 ἐν
1844 2647 2099 2729 κωμῳδία
2126 2646 2256 2727 πρὸς
2279 2647 2433 2706 αὐτὸν
2464 2646 2675 2719 ἐποίησε
2701 2652 2894 2725 ταῦτα,

1866 2780 1956 2851 Δι’
1989 2782 2053 2849 ὃν
2082 2784 2415 2850 ἀπέκαυσεν
2447 2790 2484 2857 ἣ
2516 2784 2720 2877 πάχνη
2751 2782 2858 2860 τὰς
2889 2785 3224 2875 ἀμπέλους,

1866 2874 2037 2958 δι’ὂν
2072 2884 2399 2957 ἀσεὸοῦντα
2433 2884 2493 2955 δ’
2529 2895 2559 2954 ὀ
2588 2892 2824 2967 πέπλος
2861 2890 3071 2982 ἐρράγη
3107 2894 3284 2982 μέσος
3307 2941 3326 2962 .

1867 2995 2228 3089 ἀνθρωπίνας
2263 3006 2547 3064 ποιοῦντα
2573 2995 2680 3072 τὰς
2710 2996 2890 3087 τιμὰς
2914 2997 3085 3062 θεῶν.

1865 3104 2075 3170 Ταῦτα
2101 3103 2388 3168 καταλύει
2416 3093 2637 3190 δῆμον,
2672 3105 2738 3166 οὐ
2768 3097 3085 3191 κωμῳδία.

1776 3267 1802 3291 0«
1838 3243 1926 3297 De
1947 3240 2224 3296 Stratocle
2246 3238 2386 3293 dixit
2411 3237 2634 3294 Ruhnk.
2661 3237 2734 3292 ad
2760 3238 2932 3294 Rutil.
2967 3237 3108 3310 Lup.
3137 3256 3194 3310 p.
3238 3238 3330 3304 34.

1771 3330 1936 3388 Adde
1959 3327 2302 3401 Procopium
2329 3325 2482 3398 apud
2503 3325 2712 3397 Majum
2735 3329 2927 3381 Auctt.
2951 3325 3106 3380 class.
3129 3327 3246 3382 vol.
3276 3335 3331 3394 4,

1770 3439 1827 3494 p.
1856 3425 1993 3484 224.
2027 3420 2198 3470 Versu
2224 3433 2247 3469 1
2283 3411 2378 3470 ἀπ.
2404 3414 2437 3480 ἡ
2471 3433 2556 3480 π.,
2592 3413 2712 3469 vid.
2753 3413 2944 3468 Valck.
2985 3413 3058 3468 ad
3088 3415 3331 3472 Theocr.

1773 3505 1960 3562 Adon.
1989 3523 2048 3577 p.
2085 3508 2194 3564 2²4
2216 3543 2230 3569 ‚
2262 3500 2325 3556 C.
2363 3525 2388 3550 u
2418 3501 2572 3558 EM.
2605 3501 2715 3570 Qui
2741 3519 2904 3554 versu
2935 3518 2966 3554 2
2995 3501 3230 3554 inseruit
3256 3500 3332 3558 δέ.

2540 3631 2594 3669 2.

1854 3739 2004 3798 Plut.
2041 3743 2298 3794 Amator.
2345 3757 2402 3812 p.
2440 3735 2589 3809 750,
2635 3737 2677 3792 F
2712 3755 2724 3790 ε
2776 3733 2958 3792 τούτου
2999 3733 3146 3792 οὐδέν
3192 3735 3338 3809 (imo

1774 3825 1960 3886 τούτου
1995 3825 2082 3897 δὲ,
2119 3826 2205 3882 vel
2247 3821 2432 3881 τούτου
2461 3820 2556 3897 δή)
2605 3821 2744 3878 ἐστιν
2779 3819 3159 3898 ἐρωτικώτερος
3202 3825 3230 3880 ὁ
3262 3821 3336 3897 μὴ

1777 3914 1862 3974 διὰ
1890 3913 2096 3991 κέρδος,
2125 3913 2241 3969 ἀλλ’
2275 3909 2588 3990 ἀφροδισίων
2617 3907 2770 3967 ἕνεκα
2799 3909 2887 3966 καὶ
2918 3909 3195 3976 συνουσίας
3213 3913 3340 3968 ὓπο-

1780 4001 1950 4079 μὲνων
1978 4006 2200 4079 γυναῖκα
2225 3996 2494 4077 μοχθηρὰν
2523 3995 2613 4054 καί
2637 3995 2911 4074 ἄστοργον,
2943 3993 3124 4074 ὥσπερ
3163 3998 3332 4074 Στρα-

1776 4089 1953 4148 τοκλεῖ
1976 4091 2052 4166 τῷ
2077 4086 2256 4168 ῥήτορι
2281 4087 2409 4147 Φιλ.
2431 4088 2459 4141 ὁ
2480 4083 2709 4160 κωμικὸς
2732 4084 3028 4159 ἕπε-(γελῶν
3059 4083 3301 4156 ἐποίησεν

1878 4204 2268 4298 Ᾰποστρεφομ
2279 4205 2409 4278 ένης
2435 4207 2546 4276 τὴν
2569 4206 2826 4292 κορυφὴν
2850 4208 3039 4291 φιλεῖς
3071 4202 3270 4292 μόλις.

130 4335 3332 4372 W

474 4399 731 4461 EUnlpl
740 4404 855 4458 ms
888 4401 1309 4458 STUDlOSUS.

118 4629 165 4672 ἃ.
206 4619 445 4692 Quotam
491 4619 602 4675 hac
646 4619 759 4686 via,
804 4539 1061 4690 puerulo,
1096 4617 1361 4688 impetum
1398 4611 1571 4668 facis?
1624 4609 1675 4664 b.

1414 4697 1679 4752 Tertium.

820 4781 825 4784 ¹
882 4814 933 4862 2.

176 4950 245 4962 —
266 4923 371 4978 Hic
401 4923 659 4995 abripere
678 4931 861 4994 sperat

124 5011 431 5068 nummulos
463 5011 639 5067 illius.

884 5101 936 5151 3.

126 5183 493 5256 &prehensus
514 5197 668 5240 sum.
994 5245 1019 5256 -

332 5293 629 5330 fluctuavi
661 5291 937 5327 commotum
966 5291 1115 5328 Gltffs'-

2131 4387 2232 4442 Ex
2271 4384 2602 4440 lNCERTIS
2635 4383 2972 4460 FABULIS.

1776 4563 1873 4619 llle
1894 4601 1910 4628 ,
1935 4561 2026 4633 qui
2057 4573 2262 4616 annum
2288 4554 2530 4613 concidit
2541 4477 2608 4610 ¹in
2629 4569 2864 4619 menses,

1778 4648 1873 4721 qui
1892 4645 2169 4718 acropolin
2189 4658 2289 4715 pro
2315 4641 2624 4699 deversorio
2647 4640 2842 4698 babuit
2858 4681 2874 4706 ‚

1778 4726 1831 4775 et
1852 4716 2162 4774 meretrices
2191 4713 2385 4786 virgini
2413 4711 2734 4768 introduxit.

1778 4791 2008 4860 Propter
2035 4801 2200 4859 quem
2224 4783 2416 4856 pruina
2443 4783 2678 4854 perussit
2703 4782 2839 4836 vites
2859 4822 2875 4847 ,

1780 4865 2003 4984 propter
2017 4871 2183 4937 quem
2203 4855 2432 4927 impium
2448 4853 2726 4908 discissum
2742 4859 2822 4906 est
2843 4847 3062 4918 peplum
3081 4847 3324 4902 medium

1820 4943 2054 4986 umanos
2077 4926 2368 4983 facientem
2393 4923 2622 4979 deorum
2645 4921 2898 4976 honores.

1783 5003 1918 5056 Haee
1945 5005 2149 5054 statum
2174 4995 2488 5067 popularem
2515 4997 2762 5046 evertunt
2781 5031 2796 5056 ,
2829 5003 2938 5058 non
2965 4983 3252 5042 comoedia.

2529 5083 2581 5132 2.

1782 5181 2000 5232 Aversae
2021 5171 2182 5244 hujus
2203 5171 2282 5224 vix
2304 5167 2562 5224 oscularis
2587 5169 2766 5232 caput.

3101 5273 3153 5309 13
