3809 5850
517 387 590 436 aa
780 351 790 356 ”
1505 370 1911 432 coMOEmAE
1956 368 2279 430 vss'mms
2324 368 2736 442 animum-3.

609 509 819 584 Βοῦθος
854 513 1201 600 περιφοιτᾷ,

511 629 614 705 Rp.
655 627 726 686 X.
765 623 1009 684 τάττεται
1052 623 1108 684 δὲ
1167 623 1258 681 ἐπὶ
1315 627 1417 682 τῶν
1468 624 1665 694 εὖηθῶν
1711 625 1802 682 καὶ
1847 624 2082 703 παχυρί-

505 737 630 774 νων.
679 715 969 772 Zenobius
999 734 1031 770 a
1050 756 1068 788 ,
1097 713 1174 770 66
1211 734 1230 770 z
1283 713 1472 778 Βοῧθος
1513 719 1788 792 περιφοιτᾷ
1833 733 1846 769 :
1887 710 2083 780 ταύτης

506 801 772 878 μέμνηται
801 803 904 879 Κρ.
939 802 1014 862 X.
1043 799 1291 859 τέτακται
1316 798 1370 858 δέ
1390 799 1476 858 ἐπὶ
1503 801 1608 858 τῶν
1633 801 1829 870 εὖηθῶν
1861 799 1952 857 καὶ
1976 823 2082 858 πα·

503 888 804 971 χυφρόνων,
827 887 932 946 ἀπό
954 911 1089 955 τινος
1118 885 1430 948 Πυθιονίκαν
1465 887 1660 946 Βούθου
1685 890 2075 965 μετενεχθεῑσα.

511 1004 536 1030 «ι
565 980 815 1037 Buthum
841 978 1170 1034 Aristoteles
1194 993 1428 1050 quoque
1456 988 2002 1034 commemoraverat
2019 977 2080 1030 in

505 1069 766 1142 catalogo
796 1068 1292 1141 Pythionicarum,
1315 1076 1456 1122 teste
1488 1065 1772 1140 Hesyehio
1798 1084 1842 1124 s.
1867 1084 1928 1123 ν.
1954 1064 2080 1124 Bot-

504 1157 606 1218 θος.
646 1180 669 1204 υ
705 1157 794 1210 Μ.

1246 1268 1267 1303 1
1283 1268 1337 1318 7.

581 1359 776 1418 Schol.
803 1361 1096 1435 Aristopli.
1127 1360 1279 1420 Nub.
1319 1378 1435 1434 922
1453 1401 1470 1430 ‚
1507 1360 1580 1416 de
1605 1359 1912 1416 Pandeleto
1940 1379 1956 1413 z
1984 1379 2075 1415 συ-

501 1445 762 1527 κοφάντης
789 1445 844 1504 δὲ
873 1437 938 1516 ἦν
979 1445 1071 1504 καὶ
1101 1445 1390 1524 φιλόδικος,
1437 1445 1650 1528 γράφων
1693 1445 2075 1528 ψηφίσματα...

503 1534 768 1611 μέμνηται
805 1533 859 1594 δὲ
895 1539 985 1594 τοῦ
1017 1533 1350 1595 Πανδελέτου
1379 1534 1468 1594 καὶ
1507 1537 1608 1613 Κρ.
1657 1535 1728 1596 Χ.
1777 1537 1868 1594 Sic
1903 1536 2075 1592 etiam

497 1625 698 1682 Suidas
719 1644 864 1682 voce
893 1621 1316 1690 Πανδελετείους.

1243 1725 1335 1782 18.

577 1833 783 1889 Pollux
804 1851 864 1904 7,
881 1851 915 1888 α
929 1851 952 1888 ι
971 1851 992 1886 ι
1025 1851 1039 1885 ;
1067 1829 1156 1888 καὶ
1173 1827 1532 1908 βιὸλιοπώλην
1553 1828 1648 1905 μὲν
1669 1827 1816 1909 παρὰ
1841 1827 2075 1906 Ἀριστο-

495 1918 642 1995 μένει
653 1917 887 1996 εὑρήσεις
906 1917 961 1974 ἓν
985 1915 1168 1987 Γόησι,
1189 1916 1340 1994 βιὸλ
1358 1915 1660 1996 ιογράφον
1685 1915 1738 1974 δὲ
1757 1913 1904 1994 παρὰ
1927 1918 2075 1995 Κρα-

496 2005 622 2086 τίνῳ
641 2008 694 2064 ἐν
711 2007 783 2067 X.
811 2032 834 2056 α
853 2009 984 2079 Quo
1004 2008 1234 2062 nomine
1253 2008 1348 2065 Cr.
1368 2007 1727 2080 judicialium
1747 2007 2075 2062 libellorum

496 2097 870 2153 architectum
883 2140 899 2166 ‚
945 2115 1013 2152 ac
1047 2095 1286 2151 fortasse
1321 2097 1511 2170 ipsum
1552 2095 1949 2166 Pandeletum,
1998 2097 2071 2150 si·

495 2183 790 2259 gnificasse
825 2183 1074 2243 videtur.
1112 2208 1135 2232 »
1165 2185 1254 2240 M.

1245 2311 1336 2366 19.

573 2401 857 2455 zenobius
909 2399 968 2474 5,
1006 2418 1080 2473 9,
1129 2393 1282 2456 Μετὰ
1327 2394 1552 2455 Αέσὸιον
1592 2394 1724 2474 ᾠδόν
1765 2417 1775 2450 :
1811 2395 2071 2474 παροιμία

494 2485 789 2561 ταττομένη
837 2484 926 2543 ἐπὶ
968 2492 1072 2549 τοῖς
1114 2482 1181 2541 τὰ
1211 2483 1427 2562 δεύτερα
1469 2481 1767 2563 φερομένοις
1809 2481 1862 2549 ἐξ
1900 2482 2072 2548 αἰτίας

495 2575 728 2634 τοιᾶσδε.
784 2571 1192 2647 Λακεδαιμόνιοι
1239 2570 1600 2641 στασιάζοντες
1663 2569 2070 2652 μετεπέμψαντο

495 2659 632 2720 κατὰ
659 2660 901 2742 χρησμὸν
932 2666 1024 2720 τοῦ
1052 2665 1172 2718 θεοῦ
1205 2661 1264 2718 ἐκ
1287 2659 1496 2720 Λίσὸου
1524 2659 1614 2716 τὸν
1643 2657 1892 2734 μουσικὸν
1918 2661 2067 2741 Τέρ-

493 2751 740 2830 πανδρον.
769 2747 932 2809 ἐλθὼν
961 2747 1016 2807 δὲ
1045 2751 1232 2814 ἐκεῖνος
1249 2789 1264 2819 ,
1291 2747 1382 2806 καὶ
1405 2751 1470 2824 τῇ
1502 2750 1729 2825 μουσικῇ
1763 2745 2064 2826 χρώμενος,

491 2836 720 2917 ἥρμοσεν
753 2839 924 2894 αὐτῶν
963 2836 1055 2902 τὰς
1081 2835 1253 2916 ψυχὰς
1287 2835 1380 2894 καὶ
1407 2835 1502 2908 τὴν
1535 2835 1716 2894 στάσιν
1746 2835 1990 2897 ἔπαυσεν.
2022 2838 2071 2897 εἴ

491 2950 622 2986 ποτε
663 2916 750 2985 οῧν
790 2923 925 3003 μετὰ
963 2931 1130 2985 ταῦτα
1160 2925 1410 3001 μουσικοῦ
1443 2948 1576 2989 τινος
1599 2923 1787 2996 ἤκουον
1812 2925 1859 2982 οἳ
1884 2929 2067 2986 Λακε-

492 3014 754 3089 δαιμόνιοι
771 3060 789 3093 ,
813 3013 1110 3093 ἐπεφώνουν
1141 3040 1164 3065 «
1195 3012 1352 3075 Μετὰ
1379 3010 1601 3073 Δέσὸιον
1619 3010 1773 3093 ᾠδόν.
1802 3038 1826 3064 ²³
1862 3011 2058 3089 μέμνη-

490 3124 580 3160 ται
605 3106 699 3173 τ’ἥς
726 3101 1013 3182 παροιμίας
1042 3100 1235 3174 ταύτης
1267 3104 1372 3181 Κρ.
1412 3104 1466 3159 ἐν
1492 3100 1717 3180 Χείρωνι
1749 3102 1888 3179 (sic).
1914 3104 2061 3158 Pho-

491 3194 602 3247 tius
627 3192 768 3251 Lex.
805 3212 868 3267 p.
899 3192 1008 3247 621
1035 3233 1052 3262 ,
1095 3192 1167 3263 8,
1220 3188 1376 3250 Μετὰ
1417 3186 1641 3248 Λέσὸιον
1683 3188 1814 3269 ᾠδόν
1863 3211 1877 3245 z
1921 3188 2064 3269 παρὰ

491 3276 742 3360 Κρατίνῳ
769 3277 1027 3356 παροιμία
1044 3321 1060 3351 ,
1091 3276 1346 3355 λεγομένη
1375 3276 1464 3336 ἐπὶ
1487 3280 1589 3337 τῶν
1631 3275 1699 3336 τὰ
1736 3275 1951 3357 δεύτερα
1975 3300 2063 3358 φε-

491 3365 743 3445 ρομένων.
786 3394 810 3420 «
842 3371 1313 3445 Antiquissimum
1339 3369 1510 3444 hujus
1542 3370 1828 3441 proverbii
1867 3389 2052 3427 exem-

486 3460 647 3535 plum
681 3458 1006 3537 suppeditat
1046 3462 1371 3536 sapphonis
1421 3479 1614 3516 versus
1659 3460 1813 3535 apud
1848 3462 2062 3515 Deme-

489 3550 661 3603 trium
691 3550 778 3605 De
803 3550 1012 3607 elocut.
1057 3550 1256 3625 §.146
1291 3569 1302 3603 :

569 3650 835 3732 Πέρροχος
884 3655 954 3720 ὥς
992 3652 1068 3712 ὅτ’
1110 3653 1280 3720 ἀοιδὸς
1327 3660 1355 3712 ὁ
1403 3650 1622 3719 Αέσὸιος
1665 3652 2057 3714 ἀλλοδαποῖσιν.

487 3758 627 3829 Quis
655 3770 845 3813 autem
900 3759 1071 3814 suerit
1113 3761 1207 3814 ille
1249 3760 1487 3815 Lesbius
1523 3768 1732 3832 poeta,
1766 3776 1888 3814 non
1929 3777 2063 3813 con·

483 3844 670 3900 stab'at
696 3848 844 3900 inter
860 3856 1100 3901 veteres.
1131 3848 1313 3901 AElius
1332 3847 1668 3919 Dionysius,
1697 3856 1834 3901 teste
1859 3848 2063 3900 Eusta-

489 3933 612 3987 thio
654 3930 727 3988 ad
771 3931 932 3997 Iliad.
969 3951 1030 4006 p.
1083 3940 1218 4003 741,
1249 3930 1336 3989 τὸν
1383 3934 1475 3996 τῆς
1513 3928 1798 4007 παροιμίας
1837 3928 2061 3989 Λὲσὸιον

484 4017 617 4098 ᾠδὸν
659 4016 998 4097 Τέρπανδρόν
1039 4039 1224 4097 φησιν,
1259 4014 1295 4085 ἢ
1350 4017 1724 4088 Εὖαινετίδην,
1763 4014 1800 4087 ἢ
1831 4016 2061 4095 Ἀριστο·

485 4103 718 4176 κλείδην.
753 4130 778 4156 ιο
818 4107 866 4161 Ε
891 4108 974 4163 M.
1003 4108 1188 4161 Etiam
1216 4109 1358 4163 alios
1389 4108 1486 4163 alii
1516 4108 1844 4176 nominant;
1885 4108 2063 4181 pleri-

487 4213 600 4268 que
625 4205 814 4251 tamen
836 4196 896 4249 in
927 4195 1270 4269 Terpandro
1307 4196 1691 4253 consentiunt.
1720 4196 1900 4251 AElius
1921 4196 2059 4250 Dio·

485 4283 678 4355 nysius
711 4284 752 4338 l.
786 4284 826 4337 l.
865 4302 878 4337 ε
914 4280 1272 4359 Ἀριστοτέλης
1323 4280 1380 4340 δὲ
1425 4282 1477 4339 ἕν
1521 4285 1585 4361 τῇ
1632 4280 2060 4356 Λακεδαιμονίων

485 4368 721 4448 πολιτεία
743 4366 804 4427 τὸ
825 4367 1055 4443 μάλιστα
1079 4370 1393 4447 (inprimis)
1417 4366 1644 4429 Λίσὸιον
1668 4367 1800 4448 ᾠδὸν
1822 4368 1913 4426 τὸν
1935 4370 2061 4448 Tip-

484 4456 709 4534 πανδρόν
738 4477 867 4536 φησι
889 4456 1100 4528 δηλοῦν.

1219 4572 1316 4613 20.

566 4657 914 4731 Hesychius,
958 4658 1286 4738 Αὖτόφορτοι
1317 4682 1329 4716 ;
1358 4659 1716 4719 αὖτοδιοίκονοι
1733 4682 1746 4697 ·
1781 4657 1971 4739 κυρίως
2001 4657 2057 4717 δὲ

1175 4779 1310 4787 ———

485 4906 701 4967 Butlius
724 4908 984 4967 ambulat.
1227 4834 1309 4883 16.

483 5082 609 5137 Post
637 5080 896 5141 Lesbium
919 5006 1308 5141 canton-eundo·

2176 505 2223 558 οἱ
2252 501 2305 558 ἕν
2333 508 2440 567 τοῖς
2478 499 2624 566 ἰδίοις
2656 498 2868 564 πλοίοις.
2914 501 3178 580 Σοφοκλῆς
3202 499 3395 580 Θυέστῃ
3422 502 3646 583 Σικυωνίῳ.

2173 592 2202 647 ὁ
2230 588 2281 648 δὲ
2318 591 2424 669 Κρ.
2453 590 2507 646 ἐν
2530 588 2759 666 Χείρωνι
2784 586 2903 656 τοὺς
2940 587 3007 644 τὰ
3040 589 3180 646 κοινὰ
3206 587 3547 667 φορτιζομὲνους
3566 589 3649 668 ἔφη.

2180 703 2205 730 κ
2234 680 2612 736 Scribendum
2638 675 2873 758 Χείρωσι
2911 698 2923 732 z
2958 677 3225 734 falluntur
3257 681 3427 748 enim,
3460 681 3540 753 qui
3566 681 3649 734 hac
3722 723 3724 760 ἶ

2172 769 2245 823 ad
2266 769 2477 825 Cratini
2501 768 2745 840 junioris
2763 768 3067 825 Chironem
3086 768 3348 824 referunt.
3366 765 3651 846 Αὖτοφόριους
3722 783 3724 818 ι

2172 857 2266 910 Cr.
2302 854 2511 911 dixisse
2529 856 2758 911 videtur
2782 873 2911 930 eos,
2936 857 3034 929 qui
3066 856 3291 931 publica
3316 856 3523 910 civitatis
3540 856 3649 909 bona
3723 863 3724 870 ’

2171 945 2453 1020 diripiunt
2493 959 2550 1002 et
2591 948 2651 1001 in
2690 965 2823 1003 suos
2864 948 3115 1022 ipsorum
3148 965 3275 1004 usus
3312 958 3609 1002 convertunt.
3629 973 3644 992 =
3722 949 3724 1002 i

2172 1035 2223 1087 E
2261 1036 2349 1091 M.
3723 1039 3724 1056 ¹

2906 1166 3002 1202 21.

2252 1239 2537 1313 Zenobius¹
2568 1278 2621 1326 1,
2650 1258 2723 1313 26
2746 1299 2762 1328 ,
2813 1253 2913 1324 Αἲξ
2956 1255 3169 1335 οὐρανία
3217 1279 3228 1312 :
3274 1256 3499 1335 Κρατῖνός
3536 1277 3648 1333 φησι,
3722 1229 3724 1268 ³

2170 1343 2411 1424 καθάπερ
2437 1347 2483 1402 Δ
2501 1342 2594 1410 ιὸς
2622 1334 2781 1420 αἶγα
2822 1342 3163 1418 Ἀμαλθείαν,
3191 1345 3322 1403 οὕτω
3344 1343 3425 1402 καὶ
3453 1347 3537 1402 τῶν

2266 1461 2771 1562 δωροδοκούντων
2802 1463 2928 1562 αἵγ’
2962 1468 3230 1561 οὐρανίαν
3252 1493 3267 1508 ·

2170 1593 2215 1651 οἱ
2243 1591 2296 1650 δὲ
2324 1593 2441 1661 τοὺς
2482 1595 2553 1661 εἰς
2589 1593 2649 1652 τὸ
2688 1592 3052 1672 ἅργυρίζεσθαί
3086 1615 3222 1652 τισιν
3248 1591 3457 1674 ἀφθόνως
3476 1588 3653 1670 ἀφορμὰς

2078 1745 2100 1764 ·
2168 1681 2526 1761 παρέχοντας,
2549 1681 2711 1747 οὕτως
2741 1680 2953 1742 εἰώθασι
2990 1681 3161 1758 λε’γειν
3190 1683 3548 1762 κωμῳδοῦντες,
3572 1675 3653 1734 ἐπεὶ
3723 1719 3724 1722 ¹

2170 1770 2260 1827 καὶ
2302 1772 2333 1826 ὁ
2382 1773 2477 1840 τῆς
2515 1767 2829 1848 Ἀμαλθείας
2871 1770 3027 1850 κέρας
3068 1769 3204 1850 ἔχων
3252 1778 3353 1828 πᾶν
3402 1767 3427 1827 8
3468 1766 3652 1826 ieonum

2169 1848 2329 1936 εἶχεν.
2359 1861 2627 1917 Similiter
2655 1861 2857 1916 Suidas
2898 1863 2954 1918 h.
2997 1881 3083 1930 νη,
3128 1861 3323 1917 addito
3362 1856 3523 1938 τροφὸν
3560 1866 3654 1944 pos}

2169 1945 2387 2024 Ἀμαλθ.
2411 1967 2429 2018 ;
2456 1950 2593 2005 item
2626 1949 2861 2005 Photius
2894 1968 2955 2024 p.
2988 1948 3127 2019 361,
3160 1947 3218 2017 5,
3254 1944 3471 2026 Οὐρανία
3499 1941 3599 2010 nii:
3628 1945 3653 2014 ᾗ

2166 2036 2214 2095 οἱ
2256 2035 2527 2114 εὐχόμενοι
2569 2035 2775 2102 πάντως
2824 2035 3064 2115 (πάντων
3090 2037 3301 2112 Mein.)
3344 2031 3651 2110 ἐπετύγχανον·
3723 2073 3724 2076 ¹

2166 2124 2289 2189 ἴσως
2314 2121 2401 2181 διὰ
2420 2123 2481 2181 τὸ
2508 2121 2605 2196 τὴν
2634 2123 2875 2194 Σελήνην
2904 2125 3077 2190 αὐτοῖς
3106 2124 3417 2202 ἐποχεῖσθαι.
3450 2123 3534 2198 Κρ.
3554 2117 3654 2176 Χεί-
3723 2131 3724 2134 ’

2168 2233 2343 2291 ρωσιν.
2384 2238 2409 2262 α
2443 2215 2713 2269 Finxerat
2752 2215 2929 2288 igitur
2960 2214 3057 2271 Cr.
3084 2212 3410 2289 profligatos
3428 2211 3652 2269 homines,

2166 2303 2265 2375 qui
2294 2301 2537 2376 pecunia
2578 2320 2639 2356 se
2680 2302 2973 2377 corrumpi
3020 2312 3352 2377 paterentur
3387 2293 3440 2356 et
3476 2298 3653 2374 publico

2164 2389 2318 2446 furto
2346 2390 2707 2460 ditescerent,
2734 2391 3019 2446 coelestem
3044 2409 3281 2466 capram
3306 2390 3460 2446 alere.
3481 2411 3504 2436 υ
3530 2389 3595 2440 Μ.

2900 2521 2995 2558 22.
3032 2507 3047 2520 ‘

2242 2614 2519 2671 Aristides
2546 2615 2706 2670 Orat.
2736 2621 2835 2687 49,
2867 2614 2985 2670 vol.
3016 2633 3075 2684 τι,
3098 2634 3167 2689 p.
3202 2614 3307 2671 521
3338 2613 3495 2670 Dind.
3515 2633 3524 2666 :
3548 2609 3654 2667 3234-
3723 2615 3724 2640 *

2162 2697 2249 2768 ξας
2278 2699 2332 2758 δὲ
2359 2699 2479 2767 τοὺς
2514 2699 2783 2780 Χείρωνας
2809 2701 3286 2782 προσπαραγράφει
3308 2700 3453 2760 πάλιν
3470 2688 3526 2757 αὖ
3550 2696 3653 2773 μάλα

2162 2787 2503 2870 ὑπερηφάνως
2524 2786 2613 2848 ἐπὶ
2640 2789 2884 2861 τελευρτῆς
2904 2833 2920 2859 ‚

2256 2905 2469 2969 Ταῦτα
2496 2895 2663 2969 δυοῖν
2700 2905 2759 2969 ἐν
2793 2905 2959 2969 ἐτοῖν
2978 2907 3126 2993 ἡμῖν
3165 2903 3336 2995 μόλις
3364 2897 3657 2979 ἐξεπονήθπ,

2256 3016 2387 3089 τοῖς
2413 3002 2473 3076 δ’
2500 3008 2709 3087 ἄλλοις
2728 3013 2786 3076 ἐν
2810 3008 3045 3079 ἅπαντι
3074 3010 3194 3095 βίῳ
3208 2996 3511 3104 προτίθημι
3532 3031 3661 3075 ποιη-

3536 3136 3657 3185 ταις.

2160 3245 2459 3302 Brevitatis
2493 3260 2661 3299 causa
2704 3244 2891 3318 ipsum
2920 3244 3139 3301 Cratini
3180 3264 3397 3301 versum
3430 3240 3657 3316 apposui:

2156 3353 2291 3389 nam
2332 3332 2606 3389 Aristides
2634 3332 2748 3387 suis
2772 3332 2961 3389 verbis
3006 3340 3115 3401 τοῖς
3157 3334 3205 3391 δ’
3234 3332 3401 3397 ἄλλοις
3431 3332 3478 3387 ἐν
3514 3325 3663 3384 ἅπαντι

2160 3420 2259 3500 βίῳ
2287 3416 2587 3498 προτιθέναι
2624 3417 2751 3498 φησὶ
2796 3424 3038 3491 ποιηταῖς
3080 3425 3388 3497 μιμεῖσθαι,
3425 3422 3481 3476 in
3504 3417 3664 3491 quibus

2159 3532 2279 3585 μιμ.
2312 3521 2395 3565 est
2432 3510 2855 3584 interpretantis
2894 3507 2951 3565 τὸ
2992 3510 3306 3587 προτίθημι,
3335 3528 3499 3584 quum
3519 3506 3666 3582 potius

2157 3599 2587 3675 intelligendum
2630 3600 2690 3653 in
2748 3616 2819 3653 eo
2865 3600 2939 3653 sit
2979 3598 3243 3659 ἐκπονεῖν.
3293 3601 3459 3655 Versu
3510 3614 3530 3649 1
3566 3590 3664 3647 libri

2156 3689 2294 3745 δυοῖν
2320 3688 2453 3745 ἐτοῖν
2472 3730 2489 3759 ‚
2515 3688 2684 3742 misso
2714 3686 2790 3757 ἐν,
2819 3687 2980 3761 quod
3007 3686 3232 3743 addidit
3253 3684 3507 3743 Dindors.
3538 3706 3557 3731 α
3578 3680 3665 3736 Νἰεὶ

2154 3775 2316 3833 ἐτὲοιν
2356 3774 2747 3832 scribendum.
2797 3775 3069 3831 Videmus
3110 3778 3287 3851 igitur
3320 3776 3581 3832 Cratinum
3616 3768 3666 3821 de

2154 3866 2260 3921 hac
2294 3865 2491 3920 sabula
2512 3882 2615 3919 sua
2643 3863 2959 3919 admodum
2990 3864 3294 3938 magnifice
3323 3863 3558 3925 sensisse,
3593 3873 3667 3911 ne-

2154 3974 2267 4027 que
2309 3954 2562 4010 dubitari
2597 3965 2790 4027 potest
2829 3956 2972 4027 quin
2998 3972 3065 4009 ea
3106 3956 3168 4009 in
3202 3952 3487 4010 comoediis
3506 3944 3669 4003 summi

2152 4054 2337 4117 poetae
2380 4044 2737 4119 praecipuum
2769 4042 3055 4115 quendam
3098 4043 3295 4098 locuni
3334 4032 3666 4113 occupaverit.

2153 4134 2377 4187 Nomen
2400 4132 2667 4187 dramatis
2692 4130 2927 4185 ductum
2960 4150 2993 4185 a
3034 4131 3407 4204 Chironibus,
3446 4130 3501 4184 h.
3532 4143 3575 4179 e.
3604 4122 3671 4175 vi-

2152 4220 2231 4275 ris
2279 4222 2601 4295 sapientiae,
2642 4221 2901 4294 pietatiS,
2948 4220 3132 4274 omnis
3178 4220 3425 4292 denique
3492 4209 3671 4267 virtutis

2150 4307 2320 4363 laude
2352 4306 2692 4363 florentibus
2710 4351 2726 4377 ‚
2762 4326 2908 4381 quos
2932 4306 3259 4364 adhibuisse
3284 4306 3501 4362 videtur
3521 4302 3599 4358 Cr.
3620 4316 3673 4352 eo

2153 4396 2419 4465 consili0,
2453 4405 2520 4449 ut
2544 4396 2826 4450 novitium
2860 4396 2921 4449 in
2950 4398 3136 4452 Attica
3164 4414 3357 4451 rerum
3388 4403 3571 4448 statum
3598 4384 3671 4439 de·

2151 4494 2513 4552 testarentur,
2558 4482 2806 4557 priscam
2842 4484 3078 4538 humani
3119 4485 3345 4559 generis
3376 4479 3673 4557 probitatem

2149 4590 2491 4645 morumque
2518 4572 2939 4646 simplicitatem
2974 4573 3453 4629 commendantes.
3492 4566 3671 4637 Reipu·

2150 4660 2311 4715 blicae
2333 4659 2703 4716 emendandae
2730 4660 3066 4735 legibusque
3087 4660 3352 4735 regendae
3392 4666 3569 4734 partes
3589 4652 3673 4705 so-

3563 4764 3669 4777 ,ῤ-

2886 4832 2973 4883 21.

2152 4918 2306 4970 Dona
2329 4912 2711 4986 accipientium
2736 4931 2952 4988 capram
2976 4915 3278 4973 coelestem.

2888 5008 2976 5058 22.

2150 5089 2284 5143 Πίου
2310 5102 2409 5143 nos
2430 5084 2646 5143 duobus
2674 5088 2831 5144 annis
2858 5090 2947 5145 vix
2970 5088 3369 5147 elaboravimus
3390 5128 3405 5153 ‚

2148 5188 2273 5245 quae
2302 5172 2423 5229 aliis
2458 5174 2630 5245 poetis
2654 5180 2766 5230 tota
2798 5174 2906 5231 vita
2925 5191 3171 5248 propono
3189 5169 3541 5232 conficienda.
