3809 5850
467 394 541 444 ⁴0
1447 382 1853 444 COMOEDIAE
1895 380 2101 441 vss‘rE
2112 381 2229 444 ms
2270 381 2685 456 RELIQUlAE.

1201 517 1291 575 14.

539 625 702 682 Idem
729 625 804 680 ad
839 623 974 680 Pac.
1023 623 1136 695 675
1191 643 1206 678 :
1254 620 1600 699 Ὑπέρὸολος·
1645 624 1726 680 ὅτι
1769 621 1905 697 μετὰ
1937 621 2023 679 τὸν

459 710 682 770 Κλέωνα
739 708 1063 786 Ὑπίρὸολος
1113 707 1484 767 ἔπολιτεύσατο
1493 751 1608 780 .....
1657 709 2020 788 λυχνοπώλης,

457 803 652 878 φαῦλος
679 797 798 865 τοὺς
820 797 1115 877 τρόπους...
1145 795 1235 856 καὶ
1263 800 1364 877 Κρ.
1391 796 1446 855 δὲ
1477 799 1528 856 ἐν
1559 799 1632 858 n.

552 916 888 1011 Ῠπέρὸολον
939 912 1002 986 δ’
1067 913 1404 994 ἀποσὸἑσας
1462 922 1520 984 ἐν
1565 926 1690 995 τοῖς
1749 920 2022 1011 λύχνοισι

1775 1023 2019 1116 γράψον.

532 1162 824 1220 Per-tinent
852 1119 970 1217 haec
999 1159 1200 1218 eodem
1229 1179 1346 1235 quo
1369 1159 1575 1236 fingm.
1614 1160 1706 1218 13.

1203 1281 1288 1336 15.

531 1407 736 1464 Athen.
769 1406 826 1476 3,
860 1425 922 1480 p.
957 1413 1059 1479 94,
1097 1407 1140 1461 F
1179 1425 1194 1460 ι
1225 1403 1428 1482 χορδῶν
1465 1402 1731 1479 μέμνηται
1752 1401 2017 1482 Ἐπίχαρ-

451 1513 638 1566 μος....
671 1494 776 1571 Κρ.
808 1493 861 1550 ἔν
889 1493 961 1550 Π.

549 1648 582 1680 κ
609 1615 692 1696 1⁸24
735 1619 991 1702 λεπτὸς,
1029 1651 1054 1674 ι·
1093 1617 1132 1690 ἦ
1165 1610 1228 1684 δ’
1276 1615 1378 1702 ὃς,
1415 1645 1447 1680 ιι
1483 1617 1610 1684 ἔσθ’
1643 1623 1676 1684 ὁ
1723 1629 1835 1695 τῆς
1873 1644 2018 1709 χορ-

1578 1716 1689 1801 δῆς
1733 1718 1947 1814 τόμοςί
1992 1757 2013 1780 »ι

445 1853 828 1910 Probabiliter
855 1851 1102 1909 Meinek.
1127 1851 1238 1906 hoc
1261 1851 1358 1921 fr„
1391 1853 1638 1924 itemque
1669 1851 1762 1926 16,
1791 1852 2011 1907 desum-

443 1953 608 2016 ptum
630 1952 793 2016 putat
817 1959 891 1996 ex
929 1939 1316 2014 descriptione
1352 1941 1637 2010 convivii,
1683 1942 1870 2012 inquo
1914 1941 2007 1998 Cr.

445 2031 590 2086 cibis
617 2041 674 2085 et
713 2031 850 2084 vino
873 2029 1108 2103 largiter
1128 2045 1188 2083 se
1209 2027 1598 2102 ingurgitavit.

1185 2145 1277 2203 16.

523 2263 723 2320 Pollux
763 2281 857 2332 ιο,
891 2279 966 2333 70
1005 2281 1018 2315 :
1073 2261 1324 2340 ἀμφορεῖς
1361 2257 1452 2317 καὶ
1488 2255 1842 2338 ἀμφορίσκους
1861 2303 1878 2336 ,
1924 2258 2013 2316 καὶ

442 2348 632 2416 κάδους
653 2348 745 2408 καὶ
767 2345 1114 2414 καδίσκους...
1153 2345 1243 2406 καὶ
1275 2347 1374 2425 Κρ.
1408 2344 1462 2404 δὲ
1493 2347 1545 2404 ἐν
1569 2347 1646 2406 Π.

834 2470 984 2546 Τοὺς
1019 2470 1124 2560 μὲν
1153 2473 1220 2535 ἐκ
1253 2462 1602 2562 προχοιδίου
1627 2521 1644 2552 ,

537 2581 672 2654 τοὺς
717 2570 778 2644 δ’
813 2579 879 2641 ἐκ
913 2569 1224 2642 καδίσκου.

438 2709 574 2778 Τοὺς
599 2710 717 2788 μὲν,
740 2707 855 2776 τοὺς
873 2707 930 2767 δι’
961 2728 976 2767 :
1003 2712 1181 2767 intell.
1211 2712 1463 2788 ποι-ἤρας.
1493 2710 1738 2768 Meinek.
1765 2727 1779 2766 ε
1822 2732 1844 2758 α
1873 2711 2007 2764 Imi-

439 2813 586 2858 tatus
599 2798 950 2856 essevidetur
964 2799 1190 2855 Strattis
1203 2798 1360 2874 apud
1379 2799 1585 2855 Athen.
1609 2817 1629 2852 1
1649 2817 1696 2867 ι,
1711 2817 1770 2872 p.
1795 2797 1927 2866 473,
1943 2799 2004 2867 C,

518 2917 753 2997 Ἑρμῆς,
779 2915 836 2975 ὃν
855 2915 1063 2977 ἕλκουσ’
1090 2918 1138 2975 οἱ
1163 2918 1259 2992 μὲν
1288 2919 1348 2975 ἐκ
1375 2914 1675 2995 προχοιδίου
1693 2958 1710 2983 ,

501 3009 568 3065 *oi
591 3008 636 3065 δ’
665 3008 724 3065 ἐκ
757 3004 1031 3066 καδίσκου.
1056 3034 1079 3058 υ

439 3130 642 3210 Ἑρμῆς
666 3132 872 3201 dictus,
901 3133 1259 3187 inhonorem
1287 3130 1552 3185 Mercurii
1578 3130 1826 3196 haustus»,
1861 3130 2003 3183 calix

437 3222 670 3277 ultimus
711 3221 1099 3276 convivarum.

1176 3352 1268 3403 17·

511 3448 704 3505 Schol.
733 3446 910 3523 Soph.
945 3444 1100 3520 Ajac.
1139 3440 1270 3519 105,
1299 3454 1358 3500 et
1385 3441 1589 3499 Suidas
1607 3482 1624 3512 ,
1667 3438 1962 3515 Δεσμώτης
1986 3456 2003 3500 ε

432 3534 524 3593 καὶ
547 3534 701 3602 αὐτὸς
732 3538 762 3593 δ
788 3533 996 3611 δέσμιος
1012 3576 1030 3605 ,
1059 3534 1132 3598 ὣς
1155 3535 1185 3590 ὁ
1209 3527 1483 3607 δεσμώτης
1502 3526 1836 3606 Προμηθεὺς,
1857 3528 1951 3585 καὶ
1974 3530 2002 3585 ὁ

429 3622 659 3698 δεσμῶν.
689 3624 795 3703 Rp.
827 3624 881 3681 ἐν
911 3622 983 3679 [Ι.
1017 3618 1105 3678 ἐπὶ
1135 3620 1238 3677 τῶν
1269 3616 1706 3697 δεσμοφυλάκων·

526 3736 678 3833 ὄψει
723 3743 840 3837 fi?
885 3747 1070 3817 αὐτὴν
1107 3742 1269 3818 ἐντὸς
1295 3746 1361 3807 οὐ
1397 3746 1624 3806 πολλοῦ
1649 3740 1854 3833 χρόνου

526 3847 688 3942 παρὰ
715 3857 878 3915 τοῖσι
909 3842 1281 3937 δεσμώταισι
1317 3846 1892 3936 καταπιττιιυμένην.

428 3973 610 4041 Ἐντὸς
629 3976 690 4033 οὐ
716 3995 777 4033 π.
803 3995 890 4051 χρ.
915 3976 1062 4031 bene
1090 3975 1260 4031 Mein.
1283 3992 1394 4048 pro
1423 3970 1568 4037 ἐκτὸς
1587 3985 1722 4042 etc.,
1747 3975 1917 4049 plane
1944 3984 2009 4029 ut

428 4064 586 4119 Plato
627 4064 816 4119 Alcib.
865 4082 888 4118 ι
945 4081 1004 4137 p.
1057 4062 1187 4133 106,
1239 4062 1314 4130 C,
1355 4063 1760 4119 Demosthenes
1802 4062 1865 4119 C.
1910 4064 2007 4117 Ti-

425 4170 606 4207 mocr.
640 4170 703 4225 p.
733 4168 871 4222 720,
901 4156 974 4215 αἱ.
1011 4166 1026 4206 :
1057 4146 1200 4214 ἐντὸς
1231 4147 1512 4225 τριάκοντα
1533 4150 1772 4226 ἡμερῶν.
1799 4150 2005 4205 Suidas

425 4238 624 4295 πολλοῦ
647 4236 853 4315 χρόνου,
875 4238 1053 4293 schol.
1077 4235 1259 4315 πολλῷ
1295 4234 1491 4315 χρόνῳ.
1521 4236 1724 4308 Ata-152,
1753 4240 1874 4295 scil.
1907 4235 2003 4305 τὴν

424 4324 673 4395 πυτίνην,
720 4342 847 4398 quae
896 4324 1138 4380 dramati
1183 4342 1396 4380 nomen
1449 4323 1630 4381 dedit.
1687 4350 1710 4373 «ι
1747 4326 1994 4397 Hesych.

427 4410 629 4483 Πυτίνη
663 4432 678 4472 :
711 4408 912 4483 πλεκτὴ
956 4408 1176 4489 λάγυνος
1221 4408 1382 4468 οἴνου.
1435 4409 1656 4469 ἔπλεκον
1705 4408 1759 4469 δὲ
1803 4409 1996 4475 ταύτας

428 4502 675 4573 (merito
702 4501 816 4556 hoc
846 4502 1022 4557 Mein.
1051 4501 1388 4575 praeferebat
1424 4502 1658 4577 vulgato
1697 4502 1892 4576 ταῦτα)
1932 4500 1999 4565 ὡς

425 4585 512 4643 ἐπὶ
569 4584 628 4644 τὸ
681 4584 814 4645 πολὺ
861 4586 910 4646 οἱ
967 4586 1270 4663 δεσμῶται,
1317 4584 1406 4643 καὶ
1458 4584 1739 4664 σπυρίδας,
1797 4585 1888 4643 καὶ
1933 4584 1998 4642 τὰ

2121 515 2356 569 τοιαῦτα.
2400 513 2535 583 Qua·
2559 511 2633 568 ad
2660 514 2842 586 ipsum
2866 513 3079 568 Cratini
3102 513 3297 568 locum
3318 516 3619 587 pertinent.
3642 543 3661 566 ι

2120 601 2211 658 Μ.
2238 601 2460 656 Scilicet
2495 601 2703 674 lagenae
2726 609 2782 657 et
2808 600 3013 656 similia
3034 599 3485 658 conficiebantur
3512 607 3665 661 etiam

2118 706 2149 742 a
2180 687 2511 744 custodibus
2535 688 2753 762 publici
2792 691 3033 744 carceris
3052 730 3070 759 ,
3111 690 3297 763 qualis
3334 691 3667 750 conditionis

2116 774 2375 832 homines
2395 776 2517 832 otio
2544 775 2836 832 abundare
2863 776 3049 832 solent
3074 797 3090 832 ι
3116 795 3305 850 neque
3346 781 3500 834 enim
3542 781 3666 837 dee-

2116 874 2245 919 rant
2264 863 2364 936 qui
2376 865 2437 918 in
2448 864 2558 919 hac
2582 873 2703 918 arte
2722 865 2843 918 sola
2859 875 3245 934 versarentur,
3275 867 3457 922 veluti
3475 870 3665 924 Diitre-

2114 951 2255 1024 phes
2270 951 2425 1025 apud
2442 951 2735 1025 Aristoph.
2754 955 2859 1007 Av.
2876 970 2971 1026 79.
2990 977 3017 1001 «ι
3037 952 3443 1024 Καταπιττουμ.
3464 973 3481 1012 z
3504 975 3663 1029 quum

2117 1035 2325 1111 lagenae
2369 1037 2477 1093 inae
2514 1057 2583 1094 ex
2625 1038 2933 1094 viminibus
2964 1037 3228 1111 juncisve
3261 1042 3444 1115 plexae
3468 1057 3662 1116 essent,

2116 1136 2555 1182 consentaneum
2570 1136 2687 1194 est,
2708 1144 2783 1180 ne
2805 1126 3087 1200 liquorem
3104 1128 3447 1201 emitterent,
3466 1133 3661 1187 extrin-

2113 1229 2267 1267 secus
2308 1212 2440 1286 pice
2476 1213 2565 1268 vel
2594 1213 2871 1268 bitumine
2902 1213 3182 1270 obductas
3222 1216 3421 1293 fuisse,
3460 1230 3525 1274 ut
3570 1220 3667 1274 alia

2114 1317 2347 1374 quoque
2369 1318 2499 1356 vasa
2514 1344 2532 1373 ‚
2567 1302 2881 1375 praesertim
2906 1299 3119 1358 fictilia.
3144 1301 3399 1360 Galenus
3440 1303 3479 1360 6
3510 1307 3661 1380 Epid.

2114 1389 2416 1463 Hippocr.,
2446 1390 2535 1447 tit.
2576 1408 2668 1458 ιο,
2716 1408 2779 1464 p.
2819 1397 2933 1464 497
2974 1391 3097 1446 Bas.
3146 1389 3425 1468 τεῦρῆσεις
3452 1397 3573 1469 γοῦν
3608 1393 3666 1450 τὰ

2112 1471 2205 1550 μὶν
2234 1477 2442 1552 (intell.
2473 1474 2539 1532 τὰ
2562 1474 2826 1554 κεράμια)
2856 1475 2957 1534 ὑπὸ
2986 1475 3171 1548 πίττης
3192 1475 3228 1547 ἢ
3258 1477 3431 1559 γύψου
3458 1503 3668 1557 στεγνω-

2112 1561 2263 1622 Θὲντα
2304 1562 2636 1644 μονιμώτερα
2672 1563 2916 1641 γινόμενα
2934 1608 2949 1638 ,
2985 1562 3053 1622 τὰ
3092 1565 3136 1622 δ’
3164 1563 3266 1624 ὑπὸ
3289 1567 3455 1642 μόνου
3488 1568 3665 1648 δέρμα-

2110 1673 2194 1717 τος
2240 1641 2420 1725 ἧττον,
2459 1665 2573 1710 etc.
2620 1679 2643 1702 r·
2683 1655 2736 1710 Ε
2764 1655 2851 1708 Μ.
2880 1655 3061 1728 Igitur
3098 1653 3370 1726 ejusmodi
3420 1658 3667 1733 lagenam

2110 1741 2296 1798 bonus
2317 1744 2407 1798 vir
2426 1743 2684 1800 Cratinus
2699 1783 2717 1818 ‚
2762 1755 2819 1798 et
2843 1742 3075 1816 quidem
3105 1763 3217 1818 pro
3238 1746 3557 1802 vinolentia
3578 1767 3667 1803 sna

2110 1831 2279 1886 solito
2334 1831 2693 1907 capaciorem
2710 1872 2728 1901 ,
2775 1840 2842 1885 ut
2882 1829 3189 1903 conjicias,
3253 1832 3527 1890 fabricari
3570 1837 3667 1892 sibi

2102 1916 2357 1990 jusserit,
2385 1938 2559 1994 quam
2582 1938 2715 1974 mox
2742 1919 3133 2008 accipiendam
3157 1939 3190 1976 a
3214 1920 3519 1996 δεσμώταις
3546 1926 3663 1990 illis,

2108 2005 2276 2061 alicui
2316 2007 2579 2063 familiari
2618 2025 2677 2062 se
2704 2017 3157 2062 monstraturum
3200 2026 3317 2064 esse
3360 2009 3531 2071 dicit.
3570 2014 3667 2066 Mi-

2108 2114 2215 2149 nus
2251 2095 2652 2151 verosimiliter
2678 2095 2853 2153 Mein.
2886 2114 2901 2152 :
2938 2119 2959 2144 ι
2991 2097 3125 2151 Haec
3164 2106 3264 2152 aut
3292 2095 3665 2173 (personata)

2106 2187 2302 2238 uxoris
2328 2185 2543 2240 Cratini
2568 2194 2669 2240 aut
2702 2185 2869 2239 unius
2898 2186 3216 2241 amicorum
3238 2185 3419 2243 verba
3446 2207 3565 2246 esse
3584 2210 3664 2244 su·

2106 2275 2316 2348 spicer,
2340 2273 2501 2328 brevi
2528 2272 2782 2328 futurum
2826 2271 3101 2343 dicentis,
3144 2283 3211 2328 ut
3252 2292 3379 2348 quae
3424 2295 3575 2332 nunc
3601 2278 3664 2333 ai

2106 2379 2270 2416 usum
2311 2361 2573 2417 inhabilis
2621 2360 2767 2417 facta
2802 2362 2873 2416 sit
2908 2361 3103 2436 lagena
3156 2359 3396 2440 (fragm.
3462 2364 3528 2440 8)
3574 2365 3664 2420 ob·

2106 2446 2283 2503 ducto
2306 2448 2587 2505 bitumine
2612 2449 3077 2506 reconcinnetur.
3108 2471 3133 2499 υ

2844 2558 2934 2614 ι8.

2184 2673 2385 2729 Suidas
2412 2693 2468 2730 v.
2498 2669 2802 2747 Ἀράχνιον,
2832 2671 2931 2726 ubi
2976 2673 3131 2728 vocis
3158 2669 3386 2748 ἀράχνια
3416 2677 3655 2749 exempla

2102 2764 2496 2836 proponit
2534 2760 2787 2837 Κρατῖνος
2806 2753 2859 2815 δὲ
2890 2759 2960 2818 Π.

2201 2870 2508 2967 Ᾱραχνίων
2538 2877 2763 2966 μεστὴν
2783 2873 2941 2966 ἔχεις
2971 2877 3077 2947 τὴν
3110 2875 3401 2966 γαστέρα.

2104 3001 2449 3081 Φερεκράτης
2473 3000 2757 3081 Τυραννίδι
2774 3024 2787 3037 ·

2187 3114 2419 3193 Ἆράχνι’
2446 3114 2625 3191 ὥσπερ
2654 3122 2769 3179 ταῖς
2802 3120 3041 3171 σιπυαῐσι
3078 3120 3193 3179 ταῖς
3224 3122 3424 3180 κεναῖς.

2103 3229 2348 3307 Νικοφῶν
2375 3225 2675 3307 Ἀφροδίτης
2694 3234 2868 3304 γοναῖς
2883 3248 2899 3263 ·

2179 3336 2450 3417 Ἀράχνιόν
2476 3360 2527 3394 τι
2556 3336 2757 3415 φαίνετ’
2784 3334 3166 3417 ἕμπεφυκὲναι.

2098 3452 2273 3509 Mein.
2326 3450 2623 3505 manifesto
2672 3459 2864 3523 στι-αις
2900 3451 3153 3524 primum
3201 3466 3383 3523 quum
3432 3441 3547 3528 Ἆρ’
3592 3452 3664 3506 his

2094 3536 2385 3593 versiculis
2408 3536 2652 3612 praefixit
2690 3536 2763 3591 ad
2804 3536 3171 3612 integrandos
3209 3539 3434 3612 primos
3474 3558 3661 3596 eorum

2094 3624 2299 3701 pedes,
2330 3627 2487 3699 quasi
2530 3624 2793 3679 inusitata
2822 3634 2960 3679 esset
3002 3625 3215 3699 positio
3253 3624 3487 3703 debilis,
3520 3627 3665 3699 cujus

2095 3732 2213 3769 non
2249 3712 2455 3768 desunt
2482 3712 2737 3785 exempla
2782 3712 2938 3786 apud
2964 3724 3189 3785 poetas3
3212 3712 3466 3783 deinde,
3498 3732 3663 3788 quum

2095 3795 2193 3870 τὴν
2214 3796 2445 3877 γαστέρα
2464 3800 2872 3874 interpretatur
2894 3818 3096 3855 cavum
3119 3799 3327 3874 lagenae
3347 3842 3366 3870 ,
3392 3804 3661 3875 quoniam

2095 3892 2311 3945 scilicet
2328 3886 2545 3951 κύλικας
2561 3884 2892 3962 γαστρώδεας
2908 3886 3051 3943 dixit
3074 3888 3441 3945 Pherecrates
3465 3890 3660 3945 Athen.

2104 3985 2199 4047 14,
2240 3996 2297 4052 p.
2331 3975 2468 4043 481,
2496 3978 2560 4043 E,
2604 3986 2661 4030 et
2692 3987 2941 4029 ventrem
2974 3976 3199 4047 lagenae
3232 3975 3535 4031 Juvenalis
3576 3996 3662 4047 ιι,

2098 4063 2194 4121 60.
2230 4089 2253 4113 α
2282 4068 2364 4120 Ac
2391 4062 2495 4117 fuit
2524 4061 2726 4131 etiam,
2754 4086 2781 4111 ιι
2811 4062 3025 4134 inquit,
3059 4086 3081 4110 α
3115 4064 3331 4116 vasculi
3362 4082 3552 4137 genus
3572 4059 3663 4135 γά·

2100 4171 2231 4226 στρα
2286 4150 2377 4205 vel
2423 4146 2671 4225 γαστρίον
2722 4147 2937 4202 dictum
2960 4187 2977 4216 ,
3024 4148 3095 4203 de
3152 4166 3271 4220 quo
3322 4150 3667 4204 Letronnius

2093 4238 2409 4293 comment.
2425 4237 2496 4292 dc
2513 4235 2843 4291 nominibus
2858 4254 3122 4291 vasorum
3140 4253 3471 4310 graecorum
3490 4256 3553 4312 p.
3576 4235 3659 4292 31.

2093 4326 2498 4381 Valckenarius
2542 4326 2724 4381 Diatr.
2776 4343 2837 4398 p.
2896 4322 3006 4397 ι69
3052 4325 3269 4380 Cratini
3317 4342 3557 4381 versum
3600 4324 3666 4380 de

2092 4416 2374 4468 esuriente
2422 4412 2806 4486 intelligebat,
2850 4410 3165 4467 admonens
3206 4414 3427 4467 sacculi
3474 4400 3665 4468 Catul-

2092 4501 2225 4555 liani
2244 4518 2581 4555 aranearum
2600 4502 2763 4571 pleni
2790 4497 2865 4574 (i.
2887 4516 2940 4554 e.
2968 4499 3157 4556 vacui.
3174 4497 3220 4573 ).
3258 4522 3284 4549 υ
3316 4500 3474 4555 Sane
3498 4498 3665 4555 verba

2092 4584 2450 4663 Ἀραχνίων...
2482 4586 2713 4662 γαστέρα
2750 4588 2843 4641 vel
2870 4586 2941 4641 ab
2972 4604 3184 4653 uxore,
3226 4588 3317 4642 vel
3364 4588 3443 4643 ab
3474 4589 3665 4659 aliquo

451 4702 3118 4715 *ffl———n-——offl

421 4840 798 4914 Hyperbolum
819 4856 947 4897 vero
965 4762 1288 4897 exstinciilin
1311 4842 1365 4898 in
1381 4841 1625 4899 lucernis
1645 4840 1895 4915 depinge.

419 5016 516 5072 lile
532 5023 714 5072 autem
725 5012 859 5071 dixit
877 5032 892 5069 ε
914 5038 936 5063 ι
947 5015 1126 5086 Quam
1143 4932 1370 5087 plasrvum
1385 5022 1468 5071 est
1484 5014 1721 5073 frustum
1739 5014 1912 5073 botuli
1928 5020 1941 5072 ἔ
1966 5040 1988 5065 1·

419 5186 572 5245 Alios
596 5188 820 5261 quidem
845 5187 1102 5257 (calices)
1133 5108 1405 5245 elv‘llsculo
1420 5230 1433 5257 ‚

2038 4770 2047 4919 Ι
2088 4754 2221 4809 alios
2242 4761 2423 4809 autem
2448 4769 2478 4809 e
2502 4750 2657 4809 cado.

2830 4848 2913 4896 17.

2092 4927 2313 4985 Videbis
2334 4930 2483 4986 enim
2514 4930 2659 4986 illam
2696 4930 2843 4986 brevi

2086 5016 2231 5087 apud
2260 5016 2503 5089 captivos
2534 5018 2649 5087 pice
2675 5014 2995 5074 obductam.

2828 5110 2913 5159 18.

2088 5194 2419 5248 Aranearum
2451 5190 2676 5264 plenum
2698 5190 2863 5247 habes
2886 5198 3147 5247 ventrem.
3183 5244 3192 5251 ,
