3809 5850
420 329 547 422 η’
1422 355 1833 417 COMOEmAE
1876 353 2206 416 verr-:ms
2247 355 2664 429 ιιειιρυωε.

850 542 856 550 .
912 494 1080 550 XXI.
1127 492 1225 550 ΣΑ
1228 489 1484 550 Τ.ΥΡΟΙ

502 643 916 714 Argumentum
950 639 1224 716 Equitum
1264 635 1706 712 Aristophanis:
1735 631 1985 712 ἐδιδάχθη

420 725 481 782 τὸ
504 725 681 804 δρᾶμα
707 724 798 783 ἐπὶ
828 723 1221 804 Στρατοκλέους
1250 721 1535 827 ἄρχοντοςω
1517 718 1747 800 δημοσία
1774 721 1845 787 εἰς
1872 718 1990 790 Λή·-

418 835 539 872 ναια
571 814 639 871 δι’
664 814 821 872 αὐτοῦ
850 817 940 872 τοῦ
974 810 1390 891 Ἀριστοφάνους.
1422 812 1627 888 πρῶτος
1661 806 1833 868 ἐνίκα·
1866 805 1985 866 δεό·

417 923 562 981 τερος
601 904 704 981 Κρ.
738 900 1017 978 Σατύροις·
1046 899 1215 979 τρίτος
1246 896 1618 978 Ἀριστομένης
1656 894 1986 976 Ὑλοφόροις.

420 992 447 1051 l
456 1005 624 1069 taque
668 995 727 1046 in
760 1009 987 1048 scenam
1026 991 1309 1046 commissi
1354 1001 1487 1046 sunt
1525 990 1715 1063 Satyri
1758 989 1984 1062 Olymp.

421 1081 520 1150 88,
553 1088 585 1149 4
624 1080 724 1155 (ab
748 1079 908 1136 Urbe
938 1078 1106 1135 cond.
1140 1079 1279 1152 329,
1312 1088 1442 1134 ante
1470 1078 1605 1135 Chr.
1634 1086 1753 1134 nat.
1786 1073 1946 1152 424).

895 1221 1082 1280 XXII.
1128 1219 1497 1280 ΣΕΡῙΦΙΟΙ.

498 1373 585 1426 De
620 1380 955 1444 argumento
1000 1369 1169 1441 hujus
1196 1369 1405 1424 fabulae
1450 1387 1575 1441 qua·
1612 1367 1815 1442 dispici
1851 1385 1986 1440 pos-

418 1469 576 1529 sunt,
598 1457 905 1515 afferentur
932 1457 1005 1516 ad
1032 1458 1227 1534 fragm.
1260 1477 1282 1516 1
1316 1468 1374 1514 et
1395 1455 1427 1514 5
1457 1467 1515 1514 et
1538 1474 1626 1514 ια.

1180 1597 1229 1636 ι.

502 1699 702 1755 Pollux
741 1718 798 1769 7,
836 1697 913 1772 69
958 1714 973 1754 :
1006 1693 1163 1773 σῦρον
1212 1694 1327 1770 (sic)
1380 1690 1435 1750 δὲ
1470 1691 1678 1767 ἱμάτιον
1732 1691 1989 1773 Κρατῖνός

417 1808 545 1866 φησι
574 1781 856 1864 Σεριφίοις·
890 1841 899 1848 ,

515 1935 575 1974 α.
617 1904 922 1999 ΕςΣυρίαν
952 1899 1014 1972 δ’
1050 1899 1273 1972 ἐνθένδ’
1306 1907 1543 1999 ἀφικνεῒ
1556 1910 1852 2000 μετέωρος
1880 1907 1985 1974 ὑπ’

1776 2041 1848 2079 αυ
1886 2039 1980 2092 ας.

519 2123 580 2206 β.
654 2113 900 2210 ἱμάτιον
960 2117 1295 2210 μοχθηρὸν,
1356 2120 1505 2184 ὅταν
1559 2122 1767 2211 βορρᾶς
1800 2040 1988 2184 κοῖτα-

1746 2250 1986 2299 πνευση.

420 2354 767 2430 Polydectae‚
808 2353 1203 2428 Seriphiorum
1267 2355 1417 2434 regis
1462 2350 1547 2427 (v.
1590 2353 1872 2408 Herodot.
1927 2353 1985 2423 8,

420 2445 519 2513 46,
562 2442 831 2517 Apollod.
872 2460 933 2512 α,
974 2441 1067 2516 4),
1097 2442 1295 2512 verba,
1334 2444 1538 2497 Perseo
1590 2451 1795 2498 contra
1834 2441 1986 2498 Gor-

416 2549 597 2606 gonas
638 2529 969 2604 profecturo
1010 2529 1227 2583 itineris
1265 2530 1548 2588 rationem
1591 2531 1986 2606 monstrantis3

418 2629 477 2673 et
512 2619 699 2674 Persei
734 2635 1073 2691 responsum
1092 2657 1107 2686 ,
1147 2635 1266 2690 quo
1296 2616 1539 2672 ridicule
1571 2635 1782 2672 nomen
1823 2628 1987 2674 terrae

418 2704 725 2778 detorquet
748 2705 805 2759 in
833 2703 1273 2777 appeliationem
1316 2705 1511 2772 vestis,
1542 2702 1615 2758 de
1643 2721 1757 2777 qua
1785 2705 1988 2760 Pollux

424 2812 478 2862 7,
510 2792 580 2848 61
621 2811 635 2846 t
665 2791 890 2867 χλαῖναν
922 2795 1172 2867 παχεῖαν,
1196 2788 1260 2858 ἣν
1283 2787 1491 2865 χειμά
1508 2811 1587 2864 μυ
1604 2812 1720 2846 ναν
1751 2789 1847 2866 μὲν
1882 2794 1986 2849 At-

419 2877 611 2957 0715>oe
645 2879 885 2957 (fragm.
912 2879 1095 2935 incert
1173 2879 1348 2951 1¹4),
1378 2873 1625 2954 Ὅμηρος
1661 2875 1715 2936 δὲ
1748 2881 1983 2957 (odyss.

426 2978 517 3037 14,
572 2968 716 3043 531)
757 2965 1169 3042 ἀλεξάνεμον
1220 2964 1496 3037 κέκληκεν.
1546 2965 1613 3037 ἣν
1645 2962 1701 3023 δὲ
1742 2967 1987 3047 συρίαν

420 3058 468 3115 οἱ
494 3052 716 3131 πολλοὶ,
756 3052 953 3123 ταύτην
991 3050 1355 3112 αὖτόποκον
1404 3052 1676 3127 ἱμάτιον
1722 3056 1773 3111 οἱ
1816 3078 1988 3131 κωμι-

420 3146 521 3203 κοί.
554 3100 716 3201 Idem
755 3162 855 3214 10,
889 3143 1025 3211 64·
1076 3140 1169 3199 καί
1217 3163 1318 3199 που
1346 3140 1438 3199 καὶ
1484 3140 1670 3222 συρία,
1700 3140 1789 3200 καὶ
1827 3141 1986 3223 σύρα,

419 3236 453 3303 ἡ
483 3231 766 3297 ἄκναπτος.
808 3232 1049 3305 Hesych.
1081 3231 1249 3309 Συρία
1296 3250 1309 3287 :
1350 3231 1551 3309 παχεῖα
1585 3230 1799 3310 χλαῖνα.
1844 3236 1988 3290 Mei-

418 3322 554 3380 nek.
585 3319 777 3378 Persei
810 3322 1131 3377 orationem
1168 3322 1559 3377 continuatam
1584 3323 1665 3378 sic
1700 3324 1986 3397 interpre-

426 3411 657 3465 tabatur
686 3430 699 3465 :
740 3434 764 3459 α
807 3412 893 3465 Tu
926 3428 1063 3466 vero
1090 3410 1291 3465 duram
1332 3428 1529 3466 narras
1555 3411 1985 3487 conditionem,

420 3518 599 3571 quum
622 3500 761 3554 mihi
782 3499 1008 3571 Syriam
1025 3500 1382 3555 subeundam
1408 3500 1581 3567 dicis:
1606 3519 1673 3557 ea
1688 3503 1836 3557 enim
1860 3523 1985 3559 mo·

416 3588 551 3645 lesta
581 3598 663 3643 est
701 3589 867 3645 vestis
898 3589 1147 3662 spirante
1174 3591 1375 3644 Borea.
1418 3591 1667 3661 Scilicet,
1708 3616 1731 3641 n
1775 3592 1984 3667 inquit,

425 3701 449 3725 α
490 3672 643 3753 συρία
664 3678 868 3748 vestis,
897 3694 1023 3748 quae
1048 3679 1219 3733 etiam
1259 3674 1394 3750 σῦρα
1429 3689 1485 3732 et
1510 3675 1727 3754 σισύρα,
1764 3681 1856 3735 vel
1894 3680 1988 3736 σι’-

417 3784 609 3843 συρνα,
652 3764 977 3839 dicebatur,
1028 3782 1218 3821 crasso
1270 3766 1503 3838 quidem
1537 3766 1636 3822 filo
1681 3780 1802 3823 erat
1846 3787 1988 3824 con-

420 3865 603 3923 texta,
646 3853 746 3908 sed
788 3854 949 3909 rudis
989 3872 1177 3927 neque
1218 3853 1449 3911 fullonis
1492 3866 1669 3912 artem
1714 3870 1947 3932 experta
1967 3902 1984 3933 ,

417 3942 664 4013 ideoque
682 3941 835 3995 venti
852 3940 1252 4013 spiraminibus
1270 3944 1489 4015 pervia.
1519 3966 1543 3993 ν
1570 3944 1856 4001 Pei-tinent
1873 3946 1986 4002 huc

417 4031 588 4085 etiam
616 4027 893 4083 framenta
918 4045 1013 4103 2,ss
1044 4028 1101 4087 3.

1174 4163 1232 4203 2.

497 4257 815 4331 Stephanus
842 4258 1072 4332 Byzant.
1103 4279 1165 4334 p.
1197 4258 1309 4316 308
1351 4278 1368 4319 ε
1408 4259 1623 4318 Δοόλων
1654 4260 1805 4329 πόλις
1842 4261 1986 4321 (ma-

421 4345 517 4399 lim
546 4342 867 4410 Δουλόπολις
893 4362 907 4403 :
939 4342 1089 4410 πόλις
1118 4348 1203 4418 A„
1224 4349 1313 4403 vel
1338 4347 1553 4406 Δούλων
1586 4346 1737 4415 πόλις
1762 4346 1986 4425 Λιὸύης,

417 4434 597 4489 altero
623 4430 768 4497 πόλις
796 4436 1121 4511 expuncto)
1152 4454 1167 4494 ε
1194 4435 1343 4502 πόλις
1374 4436 1594 4508 Λιὸὑης.
1626 4436 1911 4505 Ἑκαταῖος
1933 4440 1986 4497 ἐν

419 4518 760 4599 Περιηγήσει,
797 4546 819 4570 α
850 4521 959 4579 Καὶ
982 4519 1073 4579 ἐὰν
1097 4524 1275 4589 δοῦλος
1301 4528 1369 4590 εἷς
1393 4523 1489 4605 τὴν
1502 4524 1653 4585 πόλιν
1664 4525 1802 4585 λίθον
1821 4550 1982 4609 προσ·

1020 4691 1365 4749 SERlPllll.

1168 4782 1219 4832 1.

414 4870 468 4912 a.
502 4858 567 4911 ln
604 4857 817 4929 Syriam
844 4857 973 4915 hinc
996 4859 1252 4919 devenies
1276 4862 1528 4921 sublimis
1551 4880 1649 4937 per
1676 4880 1853 4924 auras.

416 4940 473 4997 b.
502 4944 685 4999 Vestis
712 4944 909 5001 misera
936 4946 1100 5004 nante
1124 4949 1411 5020 aquilone.

419 5112 629 5173 Deinde
652 5114 719 5173 ad
748 5116 906 5175 Sacas
932 5040 1595 5195 Wi’e11i;,etsidonios,
1621 5134 1675 5184 et
1696 5130 1983 5200 EremboS,

2079 485 2294 565 ενέγκῃ,
2331 486 2593 566 ἔλευθερος
2627 483 2900 566 γίγνεται,
2940 485 3042 546 κᾶν
3085 485 3224 554 ξένος
3263 478 3374 566 ᾖ.»
3525 489 3648 568 φασὶ

2080 571 2136 632 δὲ
2182 573 2276 631 καὶ
2321 575 2460 633 κατὰ
2507 572 2729 653 Κρήτην
2774 571 3098 632 Δουλόπολιν
3147 553 3284 632 εἶναι
3323 531 3644 654 χιλίανδρον.

2081 660 2400 733 σημειωτέον
2439 660 2494 719 δὲ
2521 658 2601 719 ὅτι
2629 663 2738 740 Κρ.
2778 662 2833 718 ἐν
2860 660 3124 742 Σεριφίοις
3149 661 3356 720 πόλιν
3394 661 3506 722 δοό
3527 667 3648 722 λων

2082 753 2217 828 (pro
2247 749 2591 811 Δουλόπολιν.
2623 750 2836 826 Both.)
2863 748 3022 829 φησὶν
3052 748 3405 810 Ἀπολλωνίου
3429 753 3644 832 φήσαν-

2081 861 2168 904 τος
2181 859 2196 876 ·
2241 840 2317 914 μὴ
2345 839 2452 898 δεῖν
2474 837 2569 906 τὰς
2601 835 2914 918 παραθέσεις
2932 838 3274 897 ἕναλλάσσειν
3299 841 3646 917 (composita

2081 929 2348 1004 nomina,
2393 929 2562 1002 quale
2605 939 2690 985 est
2743 925 3093 1000 Δουλόπολις,
3137 939 3362 984 mutare
3418 929 3642 1001 disjun-

2081 1016 2272 1090 gendo
2287 1057 2303 1088 ,
2344 1017 2500 1074 velut
2537 1017 2690 1076 Crat.
2731 1016 2878 1072 dixit
2901 1013 3054 1072 πόλιν
3078 1013 3280 1074 δούλων
3302 1036 3412 1092 pro
3453 1015 3646 1075 Δουλό·

2081 1104 2256 1162 πολιν.
2287 1107 2499 1162 Rarior
2533 1105 2804 1164 vocabuli
2839 1083 3126 1185 παράθεσις
3165 1104 3540 1180 significatus,
3583 1109 3649 1164 de

2081 1209 2200 1264 quo
2243 1193 2410 1250 silent
2467 1192 2877 1270 lexicographi.
2932 1191 3101 1253 Botle.
3127 1192 3146 1268 )
3200 1191 3328 1269 δίχα
3381 1195 3650 1263 ποιητικῆς

2083 1275 2312 1354 ἀνάγκης
2343 1277 2490 1355 (qua
2533 1279 2765 1353 quidem
2815 1281 3146 1336 necessitate
3185 1281 3338 1338 Crat.
3375 1281 3527 1338 dixit
3560 1280 3647 1338 πό-

2081 1364 2162 1421 λιν
2187 1363 2436 1442 δούλων),
2461 1363 2533 1430 ὥς
2553 1387 2682 1445 φησι
2713 1367 2813 1446 Κρ.

2181 1485 2340 1557 Εἶτα
2391 1492 2584 1568 Σάκας
2647 1492 2920 1584 ἀφικνεῒ,
2992 1479 3110 1558 καὶ
3155 1486 3502 1572 Σιδονίους,
3554 1496 3682 1594 καὶ.

3309 1595 3644 1691 Ερεμὲοὺς,

2179 1703 2236 1778 ἔς
2266 1699 2334 1767 τὲ
2369 1703 2546 1768 πόλιν
2577 1696 2835 1787 δούλων,
2867 1696 3100 1798 ἀνδρῶν
3129 1711 3648 1780 νεοπλουτοπονῆ-

3399 1889 3406 1896 ,
3515 1839 3645 1905 pulv,

2178 1911 2449 2004 αἰσχρῶν
2471 1963 2490 1996 ,
2546 1905 2972 2006 Ανδροκλέων,
3015 1905 3648 2010 διονυσιοκουροπυρώ-

3512 2049 3644 2090 νων.

2081 2149 2286 2204 Versus
2311 2147 2344 2204 3
2380 2159 2562 2205 exstat
2595 2149 2751 2224 apud
2778 2151 3124 2225 Hoeycliium
3155 2171 3213 2210 v.
3242 2153 3641 2228 Διονυσοκουρο·

2084 2230 2336 2312 πυρώνων
2375 2255 2389 2290 :
2427 2233 2683 2314 Κρατῖνος
2713 2237 2767 2293 ἐν
2817 2235 3110 2314 Σεριφίοις·
3160 2237 3486 2316 Δίσχρῶν
3525 2237 3644 2297 Ἀν-

2085 2318 2423 2400 δροκλὲων
2486 2322 3138 2403 Διονυσοκουρώνων.
3200 2323 3328 2382 εἰσὶν
3389 2324 3448 2383 οῗ
3499 2349 3645 2405 φασιν

2085 2411 2138 2465 ἐν
2165 2411 2241 2487 τῷ
2263 2409 2408 2490 αὐτῷ
2422 2409 2576 2468 πέντε
2595 2411 2998 2490 κωμῳδεῖσθαι,
3022 2411 3277 2492 Αἰσχρὸν,
3307 2412 3643 2492 Ἀνδροκλέα,

2081 2494 2368 2568 Διονυσιον,
2395 2499 2595 2577 Κῦρον,
2623 2499 2816 2578 Πυρῶν
2838 2500 3128 2575 (Musurus
3153 2499 3444 2581 Πυρὼνην.)
3473 2501 3644 2580 ἆμαρ-

2081 2583 2352 2650 τάνοντες·
2395 2584 2559 2651 οὐδεὶς
2585 2584 2688 2665 γὰρ
2719 2585 3002 2658 Ἀθηναίων
3049 2586 3406 2669 ἀναγράφεται
3453 2591 3644 2667 Κῦρος·

2083 2673 2161 2730 δεῖ
2185 2663 2273 2729 ουν
2296 2671 2511 2754 γράφειν
2540 2674 3188 2755 Διονυσοκουροπυρώνων.
3223 2675 3312 2734 τὸν
3339 2675 3444 2754 γὰρ
3469 2678 3642 2738 Διόνυ-

2083 2781 2194 2832 σον,
2220 2759 2411 2839 κουρέα
2439 2759 2562 2819 ὄντα
2588 2763 2886 2842 κωμῳδεῖν·
2917 2762 3133 2843 κουρευς
3165 2762 3219 2822 δὲ
3253 2769 3318 2836 ἠν
3291 2765 3478 2843 νπρὸς
3506 2765 3642 2823 πάπ-

2083 2869 2214 2920 που,
2239 2851 2312 2914 ὡς
2335 2848 2486 2920 δηλοι
2499 2851 2528 2905 ὁ
2553 2848 2647 2915 τὰς
2678 2848 2998 2918 Ἀταλάνταις
3023 2853 3041 2928 (
3065 2853 3138 2909 de
3159 2873 3275 2929 quo
3301 2855 3476 2913 Mein.
3503 2857 3637 2912 Hist.

2084 2940 2208 2994 crit.
2260 2939 2426 2998 Com.
2467 2959 2533 3014 p.
2580 2939 2728 3015 225)
2772 2939 2988 3004 συνθείς.
3021 2944 3148 2997 Jam
3187 2944 3359 3000 Mein.
3387 2942 3524 3015 jure
3558 2963 3640 2998 re·

2083 3026 2342 3099 pudiavit
2370 3024 2430 3084 τὸ
2459 3026 2696 3099 διονυσο,
2721 3029 2823 3085 sed
2861 3032 3244 3105 proponendo
3287 3033 3642 3090 Διονυσιοκου·

2085 3116 2420 3191 ρομυρωνῶν,
2457 3128 2519 3171 ut
2546 3118 2637 3172 vel
2665 3118 2831 3191 Myro
2861 3120 3095 3191 quidam
3122 3130 3379 3190 notetur,
3421 3120 3644 3175 aliunde

2084 3205 2446 3278 incognitus,
2502 3205 2594 3260 vel
2631 3207 2694 3260 in
2735 3206 2988 3267 tabernis
3018 3210 3408 3283 unguentariis
3441 3211 3641 3265 versari

2086 3294 2286 3348 solitus
2308 3294 2618 3366 Dionysius
2635 3336 2652 3367 ‚
2673 3312 2846 3368 quem
2871 3297 3097 3370 sugillat
3111 3294 3406 3369 Polyzelus
3431 3298 3644 3351 scholio

2087 3382 2160 3438 ad
2181 3382 2573 3457 Aristophanis
2590 3380 2744 3439 Plut.
2766 3381 2879 3439 550
2905 3404 2919 3439 τ
2943 3386 3048 3455 sic,
3069 3388 3325 3459 inquam,
3345 3386 3459 3440 hoc
3479 3405 3644 3459 expc-

2085 3472 2208 3527 dire
2251 3472 2360 3527 sibi
2407 3472 2558 3527 visus
2597 3474 2819 3529 nonnisi
2863 3474 3158 3531 dimidiam
3201 3474 3370 3530 nobis
3415 3492 3646 3550 operam

2083 3562 2340 3629 navavit,
2371 3562 2419 3615 si
2465 3561 2607 3634 quid
2643 3564 2899 3639 intelligo
2939 3580 2955 3621 ε
3003 3565 3195 3620 scribo
3239 3564 3642 3639 διονυσιοκουρο·

2084 3644 2364 3727 περαίνων,
2399 3651 2632 3706 nomine
2661 3653 2978 3726 composito
3009 3670 3042 3707 e
3073 3650 3388 3724 Διονυσίοις,
3415 3650 3646 3730 κούραις,

2084 3748 2141 3791 ct
2167 3736 2454 3808 adjectivo
2500 3734 2773 3814 πέραινος,
2827 3738 3003 3795 ducto
3046 3740 3146 3794 illo
3179 3758 3213 3795 a
3255 3741 3436 3795 verbo
3467 3738 3644 3817 περαί-

2083 3844 2207 3892 νειν,
2238 3834 2304 3878 ut
2336 3835 2510 3898 poeta
2532 3824 2742 3881 dixerit
2769 3844 2866 3881 eos
2896 3826 2996 3899 qui
3021 3827 3394 3883 Bacchanalia
3421 3840 3646 3903 agentes

2085 3912 2237 3985 turpi
2281 3930 2598 3986 puerorum
2635 3914 2818 3969 amori
2853 3913 3247 3988 indulgebant.
3287 3940 3310 3964 α
3347 3917 3430 3971 De
3465 3918 3642 3983 Sacis,

2084 4001 2420 4073 Scytharum
2445 4002 2667 4057 colonis
2683 4046 2700 4077 ,
2725 4003 3060 4059 interiorem
3081 4005 3274 4059 Asiam
3301 4006 3640 4074 colentibus,

2083 4089 2256 4144 docta
2271 4100 2351 4143 est
2366 4088 2673 4162 disputatio
2691 4091 2858 4146 Naxii
2873 4091 2944 4147 ad
2961 4091 3270 4160 Choerilnm
3288 4111 3346 4167 p.
3367 4110 3388 4147 1
3401 4110 3468 4149 αι
3491 4112 3644 4167 seqq.

2082 4175 2346 4233 Ceterum
2396 4175 2578 4242 Σάὸας
2623 4179 2821 4235 scribit
2857 4179 3182 4236 Holstenius
3199 4220 3216 4251 ,
3263 4181 3514 4239 Saboeos.
3559 4182 3644 4237 si-

2083 4266 2284 4321 donios
2329 4276 2388 4321 et
2431 4268 2706 4323 Erembos
2751 4269 2844 4325 Cr.
2893 4266 3210 4341 conjunxit,
3258 4280 3322 4325 ut
3367 4270 3648 4326 Homerus

2083 4354 2283 4427 OdysS.
2330 4361 2388 4423 4,
2436 4353 2530 4419 84.
2557 4355 2778 4412 Urbem
2821 4356 3156 4431 Dulopolim
3182 4358 3648 4415 commemoravit

2084 4444 2252 4497 etiam
2282 4442 2516 4515 Eupolis
2542 4444 2600 4497 in
2627 4444 2842 4499 Marica
2867 4460 2882 4502 ε
2909 4444 3030 4501 vid.
3057 4445 3298 4517 Hesych.
3331 4465 3391 4503 ν.
3435 4444 3646 4504 Δούλων

2085 4527 2252 4595 πόλις.
2273 4560 2356 4573 -
2379 4528 2699 4608 Ἀνδροκλεῖς
2721 4532 2866 4587 dixit
2888 4531 3163 4589 Androcli
3187 4534 3418 4603 simileS,
3445 4537 3646 4610 turpis·

2080 4694 2226 4752 etad
2254 4696 2546 4754 Servorum
2575 4694 2800 4767 urbem,
2831 4698 3072 4755 virorum
3115 4714 3309 4755 recens
3355 4697 3646 4757 «litatorum

3289 4791 3608 4859 [pravorum
3628 4828 3642 4852 ,

2079 4872 2344 4946 turpium,
2394 4870 2779 4943 Androcliuni,
2809 4872 3241 4933 Bacchanalibus
3277 4890 3476 4949 pueros
3511 4876 3644 4933 irru-

3317 4964 3638 5033 [uiantium.
