3809 5850
436 500 546 551 134

1418 484 1830 545 coMOEDIAE
1872 480 2197 542 VETEms
2242 478 2658 552 RELIQUIAE.

431 622 583 699 apud
625 622 969 694 Hesycliium
998 626 1186 673 autem
1226 614 1456 694 τρύζειν,
1498 614 1658 689 quod
1700 614 1771 670 de
1804 632 1992 688 porco
2084 615 2273 686 Toup.
2328 608 2569 667 Emend.
2613 629 2675 683 p.
2728 617 2798 675 41.
2811 608 2866 679 5,
2919 606 3146 686 ἐνέκαψα
3185 608 3450 682 λανθάνων,
3500 632 3582 668 nec

431 712 645 766 dictum
667 709 835 764 habet
858 708 1064 763 Athen.
1104 711 1197 775 14,
1226 724 1287 779 Ρ.
1320 702 1455 771 656,
1474 704 1541 761 F.
1568 702 1782 761 Πενθῶν
1808 698 1998 757 firmes

428 800 623 871 Quinti
670 797 893 856 Calabri
921 794 1177 849 versibus
1221 811 1314 861 ιο,
1349 792 1463 847 326
1484 831 1505 859 ,
1529 802 1585 846 et
1611 798 1706 859 14,
1741 788 1833 846 36.

1046 949 1121 1007 V.
1164 948 1375 1008 ΘΕΟΙ.

508 1210 717 1267 Athen.
762 1228 861 1277 ιο,
886 1228 950 1281 p.
984 1206 1125 1280 426,
1145 1206 1189 1261 F
1216 1222 1237 1262 ε
1262 1205 1310 1260 01
1340 1204 1407 1259 δ’·
1425 1200 1807 1279 ἐπιτεταμένως
1846 1198 1994 1279 χρώ-

430 1317 575 1371 μενοι
604 1298 679 1374 τῷ
704 1296 850 1373 ποτῷ
879 1292 971 1351 δύο
995 1290 1137 1351 οἴνου
1164 1289 1339 1349 ἔπινον
1365 1290 1495 1369 πρὸς
1522 1290 1675 1348 πέντε
1706 1288 1991 1355 warum...

427 1382 599 1461 Ἵζρμ.
633 1385 820 1449 Θεοῖς·
856 1408 882 1433 ι
935 1378 1095 1439 ἔπειθ’
1118 1379 1149 1411 ²*
1191 1376 1315 1437 ὅταν
1348 1378 1658 1455 πινώμεθ’ἢ
1698 1377 1996 1458 διψώμεθα,

428 1471 689 1551 εὐχόμεθα
734 1470 865 1551 πρὸς
902 1469 1093 1528 τοῦτο’
1146 1470 1175 1525 ὁ
1228 1458 1361 1533 οἶνος
1410 1466 1612 1546 ὧκέρας
1670 1471 1846 1544 γενοῦ·
1900 1467 1996 1525 οὐκ

430 1562 589 1617 ἀστοῦ
621 1557 711 1615 καὶ
732 1559 902 1629 πηλοῦ
941 1553 1037 1634 ’γῶ
1075 1554 1219 1634 φέρω
1250 1554 1449 1623 παίζων
1476 1552 1617 1631 ἅμα,
1639 1552 1671 1583 ““
1701 1544 1880 1618 καῦθις
1907 1574 1994 1629 γε·

426 1646 669 1721 γένηται,
698 1648 853 1704 τοῦτο
878 1644 1031 1703 πέντε
1078 1642 1171 1701 καὶ
1206 1640 1317 1701 δύο.
1352 1666 1374 1693 1·
1415 1644 1733 1719 suspiceris
1769 1644 1888 1698 haec
1919 1643 1996 1697 ita

424 1734 725 1795 scrihenda
748 1752 864 1793 esse
900 1752 913 1789 τ

524 1842 747 1935 ἔπειθ’,
782 1853 819 1917 ὅ
844 1876 906 1917 τι
941 1846 1013 1915 ’ἄν
1047 1846 1313 1941 πίνωμεν
1344 1846 1476 1913 ἔται
1510 1838 1695 1935 δίψης
1722 1848 1917 1937 μέτα,

526 1957 1001 2051 εὐχόμεθαοπρὸς
1048 1959 1216 2020 τοῦτ’
1238 1984 1263 2009 «ι
1305 1948 1481 2028 Οἷνος
1501 2001 1520 2037 ,
1556 1948 1607 2016 ὦ
1639 1955 1838 2045 κέρας,
1896 1976 1994 2046 γε·

1784 2050 1914 2123 νοῦὲ
1953 2080 1988 2115 >³

528 2172 637 2247 κάς
671 2178 780 2235 τοῦ
811 2171 1121 2247 καπήλου,
1164 2170 1277 2260 ’γὼ
1310 2168 1465 2259 φέρω
1490 2160 1725 2247 παίζων
1758 2160 1909 2255 ἐμὰ,

526 2276 727 2353 κεύθὺς
758 2278 1082 2369 γεγένηται
1112 2282 1299 2339 τοῦτο
1322 2276 1501 2340 πέντε
1529 2272 1638 2337 καὶ
1664 2265 1794 2337 δύο.

426 2416 495 2470 In
514 2414 725 2488 quibus
741 2411 986 2486 Bergkio
1004 2411 1348 2468 Commentt.
1369 2429 1433 2485 p.
1455 2409 1487 2466 3
1502 2428 1565 2479 17
1592 2408 1835 2465 debetur
1856 2402 1998 2463 τοῦτ’

426 2490 651 2565 Οἶνος...
670 2502 820 2576 γενοῦ
842 2499 940 2564 κάς
966 2502 1055 2555 τοῦ
1078 2496 1348 2568 καπήλου,
1368 2510 1427 2555 et
1438 2494 1642 2563 κεῦθύς.
1659 2521 1683 2548 ι
1699 2497 1998 2553 Existimat

426 2592 609 2659 enim,
634 2589 981 2644 Mercurium
1001 2587 1588 2643 aliumve-ministrum
1614 2587 1709 2641 hic
1737 2586 1899 2659 loqui
1924 2584 1996 2641 de

424 2678 745 2733 beatissima
770 2678 887 2733 vita
911 2676 1185 2747 deorum;
1226 2674 1300 2731 ad
1340 2673 1499 2747 cujus
1523 2674 1847 2730 felicitatem
1882 2674 1995 2729 hoc

426 2766 673 2821 maxime
709 2764 871 2819 illum
917 2763 1159 2833 referre,
1204 2762 1365 2836 quod
1405 2772 1641 2818 utantur
1688 2762 1995 2817 Amaltheae

427 2872 628 2923 cornu,
656 2870 1012 2927 quacunque
1032 2850 1379 2921 collibuerit,
1402 2850 1619 2905 affatim
1642 2848 1992 2907 effundente.

426 2937 535 2999 Δύο
562 2961 672 3016 pro
699 2935 805 2998 δύω
832 2939 1011 2998 Dind.
1042 2964 1067 2990 υ
1097 2941 1271 2996 Mein.
1300 2942 1370 2998 V.
1408 2938 1445 2995 3
1464 2935 1599 3014 ἐμὰ,
1626 2957 1775 3010 mea,
1804 2957 1996 2994 meum

302 3019 307 3024 ’
426 3040 744 3106 argentum.
809 3029 877 3086 ln
920 3028 1110 3104 primo
1149 3045 1319 3084 versu
1354 3027 1571 3103 passiva
1608 3037 1798 3082 seruat
1846 3029 1996 3084 Her-

426 3137 667 3175 mannus
677 3162 695 3195 ,

522 3223 729 3298 Επειθ’
768 3235 913 3298 ὅταν
949 3228 1238 3323 πινώμεθ’
1270 3228 1309 3303 ἢ
1344 3223 1700 3324 διψώμεθα,

427 3361 581 3418 dicta
622 3361 741 3416 haec
780 3361 1043 3436 opinatus
1082 3359 1155 3416 ab
1192 3361 1389 3435 aliquo
1418 3363 1519 3435 qui
1563 3379 1623 3417 se
1661 3359 1996 3417 fluviatilem
2059 3375 2076 3388 ·

426 3449 598 3507 deum
627 3469 747 3507 esse
772 3452 1085 3509 simularet.

1183 3547 1239 3588 a.

506 3641 702 3698 Schol.
725 3641 1015 3716 Aristoph.
1039 3644 1148 3698 Av.
1177 3638 1321 3696 1551
1353 3637 1499 3705 τταῖς
1522 3635 1829 3718 κανηφόροις
1848 3635 1997 3695 σκιά-

426 3727 559 3784 δειον
607 3725 699 3785 καὶ
730 3727 909 3806 δίφρον
950 3726 1224 3784 ἀκολουθεῖ
1262 3748 1339 3792 τις
1382 3724 1599 3804 ἔχουσα.
1629 3723 1801 3806 Ἕρμ.
1840 3725 1993 3784 Θεῶν

426 3815 692 3892 (Kiister.
722 3814 910 3890 Θεοῖς)
950 3840 976 3864 ι
1010 3811 1230 3891 Ὥσπερ
1272 3815 1327 3872 αἱ
1368 3812 1683 3893 κανηφόροι,
1726 3815 1994 3872 λευκαῖσιν

424 3900 762 3981 ἀλφίτοισιν*
810 3900 1255 3979 ἐντετριμμένοις·
1285 3897 1389 3978 ἐγὼ
1428 3901 1519 3958 δ’*
1548 3901 1702 3959 ἕνεκα
1744 3900 1994 3980 ψαλάθων

424 3987 521 4058 τὴν
550 3987 877 4068 διφροφόρον.
906 4013 932 4040 n
950 3991 1129 4046 Mein.
1154 4007 1319 4046 versu
1350 4009 1383 4045 2
1409 3989 1707 4064 legendum
1731 3999 1893 4062 putat
1921 3988 1998 4045 ἒν-

424 4076 764 4155 τετριμμένος
793 4096 808 4132 ι
850 4101 874 4127 ι
908 4077 1140 4134 videtur
1163 4081 1313 4133 enim
1338 4077 1581 4134 describi
1604 4078 1807 4150 aliquis
1830 4095 1993 4134 cane-

422 4166 624 4239 phorae
643 4165 905 4220 habitum
923 4165 1176 4220 imitatus
1194 4207 1213 4238 ,
1240 4183 1382 4239 quas
1410 4165 1629 4239 capillis
1650 4165 1829 4221 farina
1857 4184 1993 4221 con·

424 4253 631 4327 spcrsis
670 4254 733 4306 in
777 4252 1014 4327 publica
1052 4271 1269 4328 pompa
1320 4254 1611 4308 incessisse
1661 4263 1883 4309 constat
1928 4271 1996 4309 ex
2089 4279 2313 4360 λιάζειν)

424 4343 528 4398 Ar.
552 4340 773 4399 Eccles.
796 4339 931 4411 732.
960 4365 986 4392 u
1016 4337 1408 4420 Κωμικώτερον
1428 4359 1520 4397 me
1540 4341 1731 4414 iudice
1750 4345 1835 4398 est
1856 4341 1995 4398 ἐντε-

424 4423 702 4504 τριμμένοι
720 4469 738 4500 ,
764 4437 831 4483 ut
849 4445 1045 4484 omnes
1064 4428 1145 4484 dii
1162 4430 1241 4484 sic
1261 4429 1544 4485 incessisse
1566 4428 1850 4488 dicantur.
1873 4433 1938 4486 V.
1961 4429 1993 4486 3

424 4515 622 4574 Valck.
646 4516 721 4573 ad
744 4517 1031 4574 Herodot.
1054 4534 1113 4588 a,
1132 4516 1232 4592 93,
1254 4527 1311 4574 et
1326 4519 1608 4574 Pol-sonus
1624 4519 1890 4594 Append.
1919 4519 1996 4575 ad

2081 698 2215 757 sane
2241 696 2414 757 λαθὼν
2441 695 2651 755 sufficit
2671 698 2885 767 versui,
2913 697 3012 753 sed
3045 709 3303 772 apparet,
3327 698 3459 754 aliud
3477 702 3582 755 scri·

2083 789 2254 863 psisse
2297 788 2601 856 Nostrum,
2635 786 2810 859 idque
2857 786 3108 841 arbitror
3149 785 3304 841 fuisse
3327 785 3544 864 ψηλαφῶν
3570 808 3581 841 :

2085 894 2222 932 cave
2235 874 2387 931 enim
2401 868 2639 947 cogites,
2657 884 2724 929 ut
2738 874 2938 944 Mein„
2956 872 3030 929 de
3041 874 3230 929 nescio
3239 891 3346 947 qua
3360 877 3582 948 pecunia,

2083 980 2256 1037 quam
2283 964 2416 1031 iste,
2448 963 2701 1036 quisquis
2733 961 2842 1017 fuit
2859 963 2960 1035 qni
2989 961 3109 1018 haec
3137 964 3396 1031 recitavit,
3411 962 3587 1019 furatus

2085 1051 2256 1107 fuerit
2301 1050 2640 1125 canephorae
2655 1092 2672 1121 ‚
2705 1050 2808 1105 sed
2833 1050 3074 1107 ridIcule
3115 1050 3287 1104 homo
3323 1049 3588 1123 deglutiisse

2086 1140 2297 1195 dicitur
2318 1140 2566 1214 puellam
2581 1180 2598 1207 ,
2622 1139 2665 1195 i.
2702 1156 2754 1197 e.
2784 1137 3173 1195 deosculatum
3189 1156 3301 1193 esse
3321 1147 3372 1191 et
3397 1146 3588 1191 contre-

2086 1238 2286 1299 ctasse,
2311 1238 2376 1283 ut
2401 1228 2548 1285 solet
2569 1224 2724 1298 fieri3
2751 1224 2828 1285 cf.
2857 1227 2994 1285 Pac.
3025 1224 3198 1297 1057.
3221 1225 3403 1285 Scribo
3424 1225 3588 1300 igitur.

2333 1334 2533 1433 ὧσπερ
2560 1342 2625 1407 αἱ
2653 1340 2974 1433 κανηφόροι

2183 1455 2478 1514 λευκοῖσιν
2504 1447 2846 1539 ἀλφίτοισιν
2865 1449 3310 1540 ἐντετριμμένοι
3323 1476 3336 1487 ·

2185 1555 2302 1645 ἐγὼ
2340 1543 2397 1617 δ’
2428 1548 2682 1641 ἐνέκαψα
2713 1549 3004 1643 ψηλαφῶν
3036 1556 3146 1625 τήν
3176 1543 3514 1643 διφροφόρον.

2849 1676 2902 1733 3.

2170 1780 2530 1838 'Herodianus
2559 1776 2700 1859 Περὶ,
2721 1776 2974 1856 μονήρους
2999 1776 3102 1841 λέξ.
3131 1800 3198 1856 Ρ.
3227 1798 3312 1851 17,
3343 1796 3406 1833 ιο
3431 1794 3444 1831 :
3472 1772 3595 1843 δῆλον

2089 1868 2168 1926 ὅτι
2207 1866 2505 1942 σημειώδης
2535 1866 2584 1947 (i'
2609 1867 2629 1944 )
2659 1868 2687 1924 ὃ
2715 1864 2887 1937 δοθιὴν
2919 1866 3054 1946 παρ’
3079 1866 3323 1930 Ἀττικοῖς
3347 1860 3598 1939 λεγόμενος.

2087 1952 2180 2015 καὶ
2225 1956 2302 2032 μὴ
2349 1956 2486 2032 ἔχων
2532 1953 2634 2033 πρὸ
2661 1956 2753 2012 τοῦ
2793 1978 2828 2026 η
2878 1952 3156 2034 σύμφωνον
3203 1954 3353 2031 (ἢ...
3377 1947 3528 2028 Ἔριν..
3556 1948 3597 2003 ἓν

2088 2045 2242 2111 Θεοῖς
2261 2066 2276 2081 ·

2185 2160 2408 2251 Φήμης
2443 2158 2616 2253 ’ἱερᾶς
2663 2152 3077 2252 ἐξοιγνυμένης
3095 2204 3114 2243 ,
3149 2160 3344 2248 ὥσπερ
3385 2152 3602 2226 πέπονος

3351 2251 3596 2331 δοθιῆνος.

2088 2396 2474 2468 Depravatum
2503 2393 2732 2448 videtur
2765 2388 3060 2466 σημειώδης
3075 2432 3092 2460 ,
3140 2402 3202 2449 et
3235 2388 3445 2445 fortasse
3467 2402 3604 2459 repo·

2087 2482 2338 2538 nendum
2365 2478 2632 2559 συνῳδῶς,
2662 2499 2947 2539 consensu.
2989 2480 3180 2537 Verba
3206 2475 3295 2536 καὶ
3320 2508 3395 2521 -
3425 2470 3605 2549 σύμφω-

2087 2588 2174 2625 νον
2203 2568 2344 2643 quid
2379 2570 2488 2624 sibi
2525 2568 2704 2623 velint
2720 2608 2739 2637 ,
2784 2569 2903 2624 scio
2941 2584 3073 2623 cum
3111 2564 3460 2643 ignarissimis
3477 2604 3493 2634 ,
3521 2559 3606 2613 nisi

2085 2657 2236 2713 forte
2265 2656 2504 2727 Herod„
2529 2655 2773 2711 formam
2813 2672 3180 2711 communem
3217 2649 3410 2721 δοθειὴν
3435 2642 3607 2723 signifi-

2067 2762 2222 2800 ·cans
2239 2786 2256 2815 ,
2287 2761 2458 2819 quam
2501 2755 2690 2800 tamen
2721 2742 2954 2799 aliunde
2987 2742 3148 2799 haud
3171 2742 3338 2811 novi,
3381 2737 3512 2794 dixit
3539 2729 3608 2789 λέ-

2087 2830 2303 2907 γόμενός
2349 2832 2462 2888 ἐστι
2505 2828 2595 2887 καὶ
2638 2828 2713 2906 μὴ
2767 2827 2903 2909 ἔχων
2945 2850 2990 2887 ει
3023 2827 3128 2907 πρὸ
3157 2832 3251 2886 τοῦ
3291 2848 3311 2883 ι
3347 2823 3611 2901 cmm-m,

2091 2939 2420 2995 quanquam
2445 2920 2525 2976 sic
2557 2931 2762 2995 praeter
2804 2937 2968 2974 usum
3009 2939 3056 2976 ει
3081 2914 3358 2997 σύμφωνον
3379 2912 3614 2969 indicaret

2091 3009 2530 3084 diphthongum.
2583 3010 2652 3064 In
2701 3009 3003 3082 Hermippi
3041 3025 3218 3062 versu
3257 3004 3429 3061 codex
3465 2995 3614 3071 ὥσπερ

2089 3095 2312 3154 πέπονθε
2343 3097 2600 3166 δοθειῆνος
2615 3139 2634 3170 ,
2660 3095 2824 3170 quod
2851 3096 3102 3152 correxit
3125 3099 3197 3153 L.
3221 3087 3544 3150 Dindorfius.

2170 3313 2378 3368 Athen.
2415 3330 2438 3368 1
2455 3330 2505 3382 1,
2529 3329 2591 3388 Ρ.
2622 3305 2771 3382 478,
2797 3213 2978 3368 Cli-v&
3003 3307 3220 3386 μόνωτα
3247 3301 3462 3383 ποτήρια
3487 3295 3615 3356 κότυ-

2089 3395 2266 3458 λοι....
2285 3393 2461 3478 Ἕρμ.
2493 3397 2539 3456 δ’
2567 3397 2620 3456 ἓν
2640 3398 2822 3464 Θεοῖς·

2187 3514 2310 3580 Τόν
2337 3539 2406 3581 τε
2437 3513 2696 3582 κότυλον
2715 3521 2955 3607 πρῶτον
2983 3511 3211 3607 ἤνεγκ’,
3239 3513 3494 3602 ἐνέχυρον
3519 3509 3620 3571 τῶν

3296 3615 3304 3622 ’
3347 3611 3618 3710 γειτόνων.

2089 3747 2250 3804 Libri
2281 3745 2498 3826 ἤνεγκεν
2531 3743 2748 3826 ἐχυρὸν,
2777 3765 2904 3822 quae
2941 3747 3234 3803 Pol-sonus
3273 3755 3332 3801 et
3364 3735 3626 3799 Jacobsius

2091 3835 2313 3892 Additt.
2364 3857 2430 3912 p.
2483 3833 2600 3912 259
2659 3835 3129 3894 emendaverunt.
3175 3831 3440 3892 Dindorf.
3493 3823 3625 3881 malit

2088 3925 2313 4002 πρῶτος.
2847 3999 2881 4058 5

2172 4105 2336 4164 Idem
2366 4114 2460 4178 14,
2483 4125 2544 4183 p.
2573 4105 2722 4182 636,
2753 4107 2824 4178 D,
2850 4106 2923 4163 de
2947 4103 3270 4183 κρεμὸάλοις
3297 4121 3315 4158 ·.
3333 4096 3499 4177 Ἕρμ.
3523 4091 3562 4150 δ’
3584 4088 3628 4146 ἔν

2085 4195 2166 4256 Θ.
2201 4192 2261 4252 τὸ
2292 4191 2490 4261 τούτοις
2520 4191 2722 4270 κρούειν
2759 4192 3126 4274 κρεμὸαλῖζειν
3169 4193 3382 4272 {immo
3419 4177 3630 4264 κρεμὸα·

2339 4280 2543 4360 εἴρηκεν
2562 4281 2620 4338 ἐν
2644 4277 2843 4347 τούτοις
2855 4301 2871 4317 ·

2193 4389 2479 4475 Λεπάδας
2508 4388 2580 4463 δὲ
2628 4404 2864 4488 πετρῶν
2903 4397 3360 4472 ἀποκόπτοντες
3410 4379 3636 4541 1232&ss-

3363 4505 3630 4573 λιαςουσι.

418 4617 3610 4651 ,...-ψ--ψ--ᾑ--ψ-ῴ-ψμ

1131 4689 1251 4742 Dn.

1184 4780 1236 4830 1.

426 4861 599 4924 Tum,
631 4856 899 4930 quidquid
926 4859 1168 4917 bibimus
1191 4861 1355 4918 amici
1382 4861 1623 4920 sitientes
1642 4905 1657 4931 ‚

427 4944 496 5000 ad
520 4942 574 5000 id
604 4960 889 5018 precamur
924 4964 938 5000 :
970 4968 995 4996 α
1023 4947 1229 5002 Vinum
1252 4947 1371 5015 lia8‚
1400 4954 1635 5006 cornu!-

426 5045 637 5101 egoque
660 5029 729 5086 ad
754 5046 1057 5102 cauponem
1084 5031 1283 5088 ludens
1310 5032 1429 5090 sero
1452 5051 1607 5102 mea3

424 5117 717 5188 statimque
742 5116 797 5172 id
826 5115 1032 5174 sactum
1062 5127 1146 5176 est
1170 5120 1416 5194 quinque
1438 5130 1495 5178 et
1516 5122 1645 5180 duo.

1187 5213 1240 5262 2.
1618 5231 1627 5242 ·

496 5287 656 5345 velut
673 5289 1009 5362 ‚canephorae
1026 5333 1039 5360 ‚

2091 4685 2232 4742 albis
2259 4685 2452 4743 fax-inis
2480 4685 2652 4743 intriti
2678 4685 2936 4759 ωρίΙΙοες

2089 4789 2190 4846 ego
2213 4790 2342 4832 vero
2362 4773 2620 4832 devoravi
2648 4783 2992 4901 eontregtans
3009 4771 3333 4832 selliferam.

2090 4935 2211 4990 Vox
2236 4947 2389 4990 sacra
2412 4949 2584 5004 quum
2603 4939 2788 5004 aperta
2811 4941 2973 5002 esset,
2995 4933 3140 4991 velut
3157 4935 3454 4989 concoctus
3467 4923 3635 5062 sui-pn·

3455 5017 3544 5080 [cu
3565 5021 3634 5062 us.

2843 5097 2879 5148 4

2090 5160 2452 5232 Cotulamque
2475 5163 2708 5234 primam
2733 5135 2947 5288 attulit,
2973 5163 3168 5235 pignus
3193 5159 3512 5216 vicinorum.

2093 5305 2158 5358 Et
2183 5301 2390 5374 patellis
2415 5303 2638 5375 rupium
2662 5267 2913 5360 abscissis
2939 5302 3225 5376 crepitant.
