3809 5850
479 382 588 431 104

1464 378 1874 441 coMOEmAE
1920 380 2247 444 VETERIS
2289 384 2697 459 RELIQUIAE.

471 502 562 559 καὶ
595 502 738 583 παρὰ
779 506 1096 581 Δημοσθένει
1128 506 1372 583 Ὑμεῖς,
1411 498 1456 567 ὦ
1489 510 1706 589 βουλή.
1743 514 1907 569 Libri
1933 535 2035 572 πο·-
2092 522 2094 525 ⁴
2126 534 2189 591 p.
2218 515 2294 573 88
2323 536 2337 572 :
2375 506 2451 582 οἷς
2472 516 2734 597 (neutris)
2758 519 3030 599 διαφόρους
3062 524 3391 595 πληθυντικὰς
3410 528 3627 597 συντάξεις

469 588 692 665 θουμένη
722 592 806 651 κλ.
833 616 922 663 π.,
954 596 1116 669 quod
1142 598 1388 653 correxit
1411 599 1688 668 Meinek„
1713 600 1927 657 addens
1949 619 2037 659 se-
2128 600 2412 680 ἐπάγουσιν
2446 606 2493 663 οἱ
2522 604 2763 678 Ἀττικοὶ,
2784 609 2856 673 ὥς
2886 609 2955 671 Ε.

468 680 720 737 cundum
760 684 938 755 Rasp.
983 703 1041 757 p.
1081 682 1160 757 59
1192 702 1208 742 ε
1245 708 1270 735 κ
1313 686 1502 742 Verba
1529 686 1706 745 Chori
1753 689 2037 745 civitatem

467 765 736 823 afflictam
760 769 835 824 ad
857 771 1154 826 meliorem
1180 790 1372 827 rerum
1391 775 1782 831 conditionem
1811 779 2035 833 restitui

469 857 774 929 cupientis.
818 881 842 907 a»
872 858 1094 914 Eodem
1114 861 1404 933 pertinent
1425 864 1737 937 sequentia.

1208 1004 1300 1043 12.

543 1110 732 1182 Etym.
776 1110 857 1168 M.
897 1130 958 1185 p.
1001 1128 1140 1181 200,
1184 1109 1258 1167 52
1296 1133 1307 1167 :
1353 1108 1601 1191 Ὅμηρος
1629 1114 1736 1191 (11.
1783 1132 1845 1189 9,
1879 1113 2028 1193 ²¹9¹)

462 1192 638 1251 οἴνου
669 1192 1086 1269 ἀποὸλόζων,
1112 1196 1228 1256 ἀντὶ
1250 1201 1342 1258 τοῦ
1371 1198 1609 1275 ἀπεμῶν.
1647 1202 1677 1257 ὁ
1709 1200 1897 1279 τρόπος
1920 1202 2035 1261 ὀνο·

468 1279 782 1355 ματοποιία.
808 1282 900 1340 καὶ
925 1284 978 1341 ἐν
1010 1283 1244 1343 συνθέσει
1271 1286 1336 1345 E.
1365 1286 1391 1310 *
1414 1311 1441 1338 α
1476 1281 1622 1363 Ἅμα
1662 1288 2033 1365 βλυσθοινῆσαι

460 1367 548 1425 καὶ
571 1367 801 1446 χλοῆσαι
823 1368 918 1441 τὴν
941 1370 1115 1432 πόλιν.
1147 1397 1172 1423 ιο
1194 1375 1396 1431 Suidas
1416 1372 1447 1404 ⁸
1483 1373 2029 1447 Ἀναόλυστωνῆ-

461 1476 570 1513 σαι
595 1473 610 1515 :
635 1454 695 1514 τὸ
715 1456 1032 1519 ἀναὸλόσαι.
1068 1462 1135 1519 Ε.
1163 1463 1229 1519 Δ.
1261 1463 1590 1519 Scribamus

551 1586 1064 1682 Ᾱμὸλυστανῆσαι
1101 1594 1206 1662 καὶ
1237 1602 1502 1688 χλοῆσαι
1543 1601 1652 1671 τὴν
1693 1596 1870 1665 πόλιν
1887 1648 1904 1664 .

455 1738 504 1793 Α
535 1747 594 1793 et
614 1757 664 1794 οι
691 1737 955 1808 confusa,
983 1748 1048 1793 ut
1089 1738 1248 1813 apud
1273 1740 1458 1799 Tbnc.
1496 1751 1554 1796 et
1585 1742 1748 1799 alios.
1775 1742 2022 1802 Meinek.

455 1818 919 1899 ἀμὸλυστονῆσαι,
946 1827 1128 1882 citans
1147 1828 1307 1887 Eust.
1331 1828 1408 1883 ad
1435 1829 1504 1886 Il.
1527 1848 1590 1903 p.
1626 1827 1796 1902 1095,
1824 1829 1861 1886 8
1885 1846 1902 1888 z
1928 1832 2021 1887 τοῦ

455 1909 870 1989 ἀναὸεὸρυχάναι
897 1910 1156 1989 λειότερον
1182 1910 1245 1969 τὸ
1269 1910 1580 1981 ἀναὸλόζειν
1603 1913 1765 1971 ἰστίν.
1799 1912 1928 1972 αὐτὸ
1966 1913 2023 1972 δὲ

449 1995 539 2054 καὶ
571 2000 646 2055 ἀν
662 2021 695 2056 α
711 1998 837 2056 Ελυ
852 2003 926 2058 σθ
942 2019 1010 2056 ον
1025 2001 1127 2057 εῖν
1155 1997 1388 2077 λέγεται,
1413 2002 1482 2067 ὥς
1503 2000 1557 2058 ἐν
1585 2001 1846 2079 ῥητορικῷ
1872 1999 2025 2081 εὕρη-

449 2110 535 2147 ται
558 2085 766 2169 λεξικῷ.

1186 2200 1280 2259 ι3”.

523 2329 714 2387 Schol.
742 2330 1004 2386 Aristidis
1022 2330 1142 2385 vol.
1176 2330 1235 2399 3,
1257 2350 1316 2405 p.
1347 2330 1464 2402 672
1487 2331 1666 2389 Dind.
1694 2350 1708 2385 ε
1741 2330 1811 2390 Ε.
1837 2328 2016 2403 ἐποίη-

446 2436 531 2472 σεν
563 2412 862 2473 ἀναστάντα
903 2416 1126 2493 (malim
1164 2414 1521 2493 ἀναστάντας)
1551 2415 1640 2473 τὸν
1679 2415 2011 2490 Μιλτιάδην,

441 2503 533 2561 καὶ
561 2501 877 2582 Ἀριστείδην
896 2547 914 2575 ,
945 2504 1038 2561 καὶ
1065 2503 1316 2575 Σόλωνα,
1355 2502 1446 2562 καὶ
1476 2502 1831 2584 Περικλέα....
1871 2504 2014 2584 λέγει

444 2588 498 2647 δὲ
531 2592 598 2650 Ε.
625 2582 788 2657 οὗτός
805 2611 818 2626 ·

437 2772 444 2797 3
538 2706 676 2773 Καὶ
711 2710 953 2798 μηκέτ’,
997 2702 1156 2789 ὦναξ
1183 2699 1506 2779 Μιλτιάδη
1535 2705 1638 2771 καὶ
1667 2706 2009 2799 Περίκλεις,

536 2812 732 2879 ἐάσετ’
775 2810 975 2904 ἄρχειν
1011 2812 1290 2905 μειράκια
1323 2814 1669 2902 κινούμενα,

535 2920 594 2982 ἐν
621 2924 745 2995 τοῖς
775 2927 1010 3012 σφυροῖς
1043 2922 1298 2985 ἕλκοντα
1325 2921 1436 2993 τήν
1475 2917 1859 3012 στρατηγίαν.

435 3049 548 3102 Pro
597 3044 817 3105 Σόλωνα
859 3047 993 3104 libri
1038 3043 1252 3106 Γέλωνα
1301 3049 1388 3104 vel
1438 3044 1683 3107 Κλέωνα.
1743 3047 2008 3108 Correxit

433 3137 632 3205 Mein„
657 3154 828 3209 quem
847 3135 1018 3192 etiam
1042 3137 1104 3190 in
1122 3134 1492 3192 emendandis
1511 3135 1820 3190 levioribus
1844 3152 2027 3194 erro·.

433 3224 590 3280 ribus
635 3224 1006 3280 librariorum
1051 3235 1278 3280 secutus
1309 3243 1458 3280 sum.
1500 3225 1569 3282 V.
1618 3241 1652 3278 α
1693 3219 1868 3278 δείσετ’
1892 3241 2003 3297 pro

432 3308 614 3367 ἐάσατ’
643 3310 936 3368 Emsleius.
965 3311 1283 3368 Meinekius
1321 3309 1557 3383 conjicit
1587 3306 1892 3386 βινούμενα.
1913 3310 2005 3367 Ad

430 3417 655 3455 versum
697 3399 730 3455 3
760 3399 956 3459 Valck.
999 3399 1303 3475 adscripsit
1346 3401 1444 3456 illa
1483 3398 1876 3454 Demosthenis
1918 3401 2004 3454 De

429 3488 637 3546 Halon.
665 3507 726 3564 p.
763 3487 864 3558 88,
901 3507 927 3544 1
962 3507 977 3544 t
1013 3483 1162 3566 εἴπερ
1190 3485 1337 3562 ὑμεῖς
1363 3484 1452 3544 τὸν
1491 3481 1778 3563 ἐγκέφαλον
1810 3484 1863 3541 ἔν
1896 3485 2004 3550 τοῖς

428 3573 703 3654 κροτάφοις
717 3620 734 3645 ,
761 3571 946 3650 καὶμὴ
972 3575 1025 3632 ἔν
1047 3581 1164 3640 ταῖς
1187 3573 1461 3655 πτέρναις,
1487 3569 1999 3648 καταπεπατημένον

427 3661 650 3740 φορεῖτε.
692 3665 870 3720 Mein.
919 3681 990 3718 ex
1039 3663 1154 3719 levi
1193 3661 1411 3718 indicio
1449 3659 1720 3717 codicum
1759 3659 1917 3716 duali
1946 3658 1999 3716 ἰν

425 3755 534 3806 τοῖν
562 3754 793 3828 σφυροῖν.
828 3749 1086 3824 Scriptor
1107 3750 1360 3806 incertus
1382 3747 1540 3807 Suid.
1573 3765 1631 3817 α,
1653 3765 1720 3822 p.
1755 3745 1862 3816 371
1901 3763 1917 3800 ε
1946 3744 2001 3800 ἐν

425 3837 533 3902 τοῖς
560 3832 768 3902 αἰδοίοις
796 3833 932 3914 ἔχων
959 3833 1048 3892 τὸν
1091 3835 1410 3912 ἐγκέφαλον,
1438 3835 1540 3910 qui
1569 3831 1736 3890 fuisse
1766 3831 1997 3888 videtur

424 3943 618 3980 versus
651 3941 666 3981 τ

504 4011 616 4070 Τὸν
643 4007 927 4087 ἐγκέφαλον
952 4009 1005 4066 ἐν
1026 4015 1187 4067 τοῖσιν
1211 4005 1424 4074 αἰδοίοις
1453 4006 1614 4085 ἔχων.

1163 4139 1187 4176 ι
1200 4127 1232 4187 4
1245 4163 1256 4174 .

507 4236 867 4292 Herodianus
893 4237 980 4292 De
1005 4234 1220 4295 schem.
1249 4234 1312 4289 in
1341 4233 1636 4291 Villoison.
1676 4229 1896 4288 Anecd.
1935 4249 1997 4303 α,

2224 754 2322 767 ——
2362 717 2492 786 Καὶ
2531 720 2777 812 λέγουσί
2805 746 2875 813 γε

2224 820 2306 888 τὰ
2337 816 2615 915 μειράκια
2634 826 3051 919 προῖστάμενα
3074 836 3200 907 τοῖς
3232 825 3508 924 ἀνδράσιν.

2132 974 2156 1001 α
2185 951 2276 1008 Ad
2302 953 2517 1008 Demos
2536 954 2710 1009 retuli
2737 956 2822 1010 rei
2839 955 3017 1030 ipsius
3039 956 3419 1029 probabilitate
3438 960 3621 1018 ductim.

2126 1040 2513 1113 Conqueritur
2530 1042 2603 1112 is,
2632 1060 2803 1115 quem
2825 1043 2945 1098 haec
2972 1044 3295 1117 loquentem
3318 1050 3380 1107 E.
3414 1049 3622 1118 induxit,

2124 1146 2279 1183 nunc
2300 1127 2419 1185 fere
2436 1127 2887 1187 adolescentulos
2906 1148 3179 1205 procaces
3200 1144 3363 1207 atque
3378 1136 3624 1211 imperitos

2124 1214 2199 1270 ad
2223 1214 2456 1289 publice
2478 1213 2786 1273 dicendum
2806 1236 3056 1294 surgere.
3082 1242 3109 1269 α
3134 1222 3186 1275 Ε
3214 1222 3301 1279 Μ.

2864 1330 2887 1367 1
2940 1354 2956 1373 .

2202 1408 2366 1463 Stob.
2398 1407 2593 1465 Floril.
2622 1406 2723 1478 43,
2748 1427 2807 1483 9,
2834 1311 2968 1467 cu⁵m
2994 1411 3253 1469 lemmate
3280 1407 3550 1477 Εὐπόλιδος.

2224 1520 2350 1591 Καὶ
2392 1524 2507 1613 μὴν
2549 1524 2668 1616 ἐγὼ
2700 1530 2946 1591 πολλῶν
2983 1526 3291 1617 παρόντων
3324 1528 3419 1591 οὐκ
3451 1526 3551 1619 ἔχω
3576 1524 3625 1591 τί

3468 1630 3595 1696 λένω

2216 1736 2375 1799 οὕτω
2408 1726 2617 1825 σφόδρ’
2654 1732 2823 1825 ἀλγῶ
2864 1738 2976 1809 τὴν
3012 1734 3323 1802 πολιτείαν
3346 1740 3479 1827 ὁρῶν
3507 1658 3617 1826 τιςιιρζ

3494 1866 3619 1931 υμῖν-

2214 1936 2402 2033 Ἠμεῒς
2414 1945 2527 2036 γὰρ
2544 1948 2656 2035 οὐχ
2667 1948 2827 2010 οὕτω
2850 1945 3002 2022 τέως
3026 1950 3289 2038 ᾠκοῦμεν
3308 1944 3361 2011 οἱ
3376 1946 3619 2039 γέροντες,

2215 2049 2355 2115 ἀλλ’
2391 2046 2541 2121 ἦσαν
2563 2054 2710 2141 ἡμῖν
2738 2058 2816 2143 τῇ
2850 2050 3026 2116 πόλει
3053 2060 3275 2144 προτοῦ
3298 2053 3397 2143 μὲν
3423 2050 3623 2141 οἱστρα-

3482 2154 3624 2247 τηγοὶ

2115 2254 2156 2326 5
2210 2264 2278 2326 ἐκ.
2318 2269 2439 2326 τῶν
2490 2258 2794 2352 μεγίστων
2835 2261 3037 2328 οἰκιῶν
3058 2312 3079 2348 ,
3126 2264 3366 2348 πλούτῳ
3410 2263 3541 2355 γένει
3570 2284 3623 2323 τε

3412 2376 3621 2458 πρῶτοι,

2206 2466 2295 2548 οἷς
2316 2470 2570 2563 ὡσπερεὶ
2589 2470 2805 2537 θεοῖσιν
2833 2472 3184 2565 ηὐχόμεσθα
3200 2500 3215 2513 ·
3238 2470 3457 2565 καὶγὰρ
3474 2468 3620 2541 ἦσαν·

2204 2572 2351 2642 ὥστ’
2385 2576 2672 2667 ἀσφαλῶς
2705 2577 3081 2670 ἐπράττομεν
3100 2605 3115 2619 ·
3144 2577 3263 2645 νυνὶ
3290 2572 3373 2662 δ’,
3392 2580 3513 2643 ὅποι
3544 2576 3625 2637 τό·

3424 2702 3619 2771 χοιμεν,

2203 2786 2658 2880 στρατευόμεσθ’
2689 2788 3029 2880 αἱρούμενοι
3078 2789 3427 2881 καθάρματα
3480 2808 3623 2871 στρα-

3418 2890 3619 2984 τηγούς.

2100 3037 2183 3090 Ex
2216 3033 2597 3110 epirrhemate
2621 3035 2961 3109 parabaseos
2986 3035 3111 3091 haec
3148 3033 3320 3090 ducta
3344 3047 3481 3104 esse,
3504 3045 3617 3102 pro·

2098 3122 2366 3189 habiliter
2391 3122 2708 3179 existimant
2736 3125 3048 3181 Hermann.
3078 3121 3293 3198 Opusc.
3324 3117 3376 3190 5,
3408 3136 3465 3193 p·
3504 3120 3616 3188 ²942

2096 3209 2351 3268 Brunck.
2394 3208 2471 3266 ad
2517 3213 2619 3268 Ar.
2670 3211 2818 3269 nan.
2871 3209 2984 3282 733
3000 3251 3021 3280 ‚
3070 3209 3276 3285 Bergk.
3323 3209 3615 3265 Commentt.

2094 3318 2158 3374 p.
2192 3299 2330 3374 349.
2357 3299 2673 3374 Myr-onidis
2696 3299 2873 3356 verba
2894 3317 3010 3356 esse
3036 3309 3206 3375 putat
3224 3297 3397 3354 Mein.
3422 3297 3573 3352 Versu
3590 3305 3617 3342 ο

2094 3386 2228 3446 libri
2252 3385 2405 3464 ἡμῖν,
2452 3407 2633 3462 quum
2673 3389 3003 3463 oppositum
3030 3391 3188 3463 ἡμεῖς
3228 3385 3467 3460 requirat
3502 3375 3616 3452 ὑμῖν.

2094 3477 2277 3534 Iidem
2296 3495 2354 3534 v.
2383 3483 2418 3544 4
2442 3478 2509 3552 τῇ
2542 3474 2693 3532 πόλει
2712 3475 2919 3552 πρῶτον
2934 3517 2953 3545 ,
2993 3476 3091 3532 cui
3118 3476 3263 3531 nihil
3296 3484 3351 3530 et
3375 3467 3517 3545 quod
3538 3481 3617 3520 re-

2091 3565 2399 3640 spondeat,
2440 3565 2599 3620 velut
2649 3564 2891 3620 alterum
2938 3563 3254 3640 quiddam,
3302 3571 3359 3618 et
3398 3555 3617 3630 sequitur

2094 3653 2311 3730 πρῶτοι.
2338 3653 2527 3724 Quare
2552 3651 2687 3708 dedi
2717 3653 2977 3730 προτοῦ.
3002 3655 3073 3710 V.
3106 3671 3138 3724 7
3170 3651 3305 3709 cod.
3332 3653 3379 3705 A
3404 3655 3455 3703 et
3482 3645 3611 3698 voss.

2089 3738 2215 3810 ὅπη.

2826 3849 2919 3908 16.

2168 3965 2251 4020 Ex
2268 3963 2462 4020 eadem
2488 3963 2745 4018 oratione
2766 3962 2972 4037 petita,
2992 3972 3059 4017 ut
3083 3958 3317 4016 videtur
3338 3950 3615 4014 editoribus

2087 4050 2391 4124 nobisque,
2414 4049 2534 4104 haec
2558 4066 2655 4124 ap.
2692 4049 2901 4106 Athen.
2927 4065 2991 4122 9,
3020 4067 3082 4123 p.
3126 4046 3266 4116 408,
3301 4046 3345 4103 C
3376 4064 3389 4098 ε
3421 4031 3611 4134 Ἀττικοὶ

2089 4136 2145 4195 δὲ
2184 4133 2443 4215 χερνίὸιον
2472 4132 2729 4210 λέγουσιν,
2754 4136 2825 4200 ὥς
2864 4132 3067 4199 Λυσίας
3094 4128 3443 4212 (Ἀνδοκίδης)
3478 4126 3525 4183 ἐν
3553 4141 3615 4198 τῳ

2090 4223 2224 4286 Κατ’
2251 4221 2603 4294 Ἀλκιὸιάδου,
2628 4264 2694 4282 ...
2718 4219 3187 4300 χειρόνιπτρον
3216 4217 3265 4278 δ’
3285 4221 3351 4280 Ε.
3379 4217 3506 4274 ἐνΔ.

448 4329 3589 4370 ..---——-—-.—-—---—--——-—-—————-—-———-—-·

1168 4403 1254 4454 12.

431 4481 702 4544 scaturire
733 4493 789 4540 et
817 4485 990 4541 virere
1017 4483 1431 4556 rempublicam.

1165 4577 1251 4627 13.

419 4663 614 4734 Neque
633 4658 870 4733 amplius
891 4701 908 4728 ,
933 4675 968 4716 ο
997 4660 1158 4716 heros
1181 4657 1453 4716 Miltiades
1479 4666 1535 4715 et
1554 4656 1806 4726 Pericles.

422 4748 686 4820 imperare
705 4747 894 4803 sinetis
929 4744 1358 4804 adolescentulos
1389 4743 1697 4819 paedicat08‚

420 4837 515 4909 qui
541 4836 597 4892 in
623 4835 766 4892 suris
787 4843 987 4908 gerunt
1007 4835 1323 4907 imperium.

421 5047 494 5058 —
517 5019 586 5073 Et
606 5016 800 5073 dicunt
821 5013 1044 5089 quidem
1153 4933 1242 4985 u·

421 5101 810 5160 adolescentuli
843 5116 958 5174 prae
978 5102 1128 5157 viris.

2840 4390 2924 4441 15.
3392 4379 3575 4450 [dicam
3599 4389 3609 4424 t
3700 4383 3702 4419 ¹

2154 4477 2224 4530 Et
2246 4489 2379 4530 sane
2414 4487 2514 4544 ego
2538 4469 2728 4528 multis
2762 4469 3122 4543 praesentibus
3162 4485 3277 4526 non
3298 4465 3464 4524 babeo
3486 4453 3617 4533 quod

2149 4560 2285 4616 adeo
2303 4557 2696 4630 rempublicam
2716 4564 2950 4613 vestram
2980 4555 3173 4613 videns
3198 4555 3497 4612 contristor.
3698 4549 3700 4578 ³

2147 4651 2259 4706 Nos
2280 4646 2427 4703 enim
2466 4659 2624 4702 senes
2664 4645 2876 4718 pridem
2899 4660 3014 4701 non
3039 4643 3120 4701 sic
3146 4659 3269 4700 eam
3304 4636 3613 4698 administra·

2146 4735 2238 4792 sed
2270 4734 2500 4791 fuerunt
2518 4733 2681 4790 nobis
2703 4732 2838 4789 olim
2862 4733 3065 4790 civium
3088 4731 3263 4789 duces
3400 4725 3613 4796 [bamus.

2078 4827 2111 4877 5
2154 4835 2373 4877 summo
2398 4818 2523 4876 loeo
2550 4817 2694 4886 nati,
2720 4816 2924 4875 divitiis
2947 4825 3001 4876 et
3024 4832 3229 4890 genere
3254 4812 3533 4890 principes,

2146 4921 2284 4980 quos
2300 4914 2558 4978 tanquam
2570 4903 2701 4962 deos
2714 4903 3127 4971 invocabamus3
3142 4902 3280 4960 tales
3300 4899 3441 4958 enim
3455 4897 3610 4952 erant:

2166 4993 2267 5060 ita,
2292 5000 2359 5049 ut
2382 4997 2499 5048 tute
2524 5005 2835 5064 ageremus3
2876 5005 3025 5048 nunc
3060 4996 3283 5053 autem,
3322 4991 3603 5058 quocunqu‘

3199 5077 3219 5144 [
3232 5066 3607 5148 proficiscimur,

2147 5165 2513 5239 piacularibus
2528 5165 2715 5224 electis
2733 5163 3153 5238 imperatoribus
3173 5161 3455 5220 bellamus.
