<?xml version="1.0" encoding="UTF-8"?>
<!DOCTYPE html PUBLIC "-//W3C//DTD XHTML 1.0 Transitional//EN"
    "http://www.w3.org/TR/xhtml1/DTD/xhtml1-transitional.dtd">
<html xmlns="http://www.w3.org/1999/xhtml" xml:lang="en" lang="en">
 <head>
  <title>
</title>
<meta http-equiv="Content-Type" content="text/html;charset=utf-8" />
  <meta name='ocr-system' content='tesseract 3.04.00' />
  <meta name='ocr-capabilities' content='ocr_page ocr_carea ocr_par ocr_line ocrx_word'/>
</head>
<body>
  <div class='ocr_page' id='page_1' title='image "./poetarumcomicor01hunzgoog_0080.png"; bbox 0 0 3809 5850; ppageno 0'>
   <div class='ocr_carea' id='block_1_1' title="bbox 377 403 454 454">
    <p class='ocr_par' dir='ltr' id='par_1_1' title="bbox 377 403 454 454">
     <span class='ocr_line' id='line_1_1' title="bbox 377 403 454 454; baseline -0.026 0"><span class='ocrx_word' id='word_1_1' title='bbox 377 403 454 454; x_wconf 81' lang='grc'>60</span> 
     </span>
    </p>
   </div>
   <div class='ocr_carea' id='block_1_2' title="bbox 373 506 1989 1024">
    <p class='ocr_par' dir='ltr' id='par_1_2' title="bbox 373 506 1989 1024">
     <span class='ocr_line' id='line_1_2' title="bbox 375 506 1989 600; baseline 0 -19"><span class='ocrx_word' id='word_1_2' title='bbox 375 527 405 581; x_wconf 86' lang='grc' dir='ltr'><strong>ὃ</strong></span> <span class='ocrx_word' id='word_1_3' title='bbox 437 521 656 600; x_wconf 75' lang='grc' dir='ltr'>ἐναγὴς,</span> <span class='ocrx_word' id='word_1_4' title='bbox 687 521 777 580; x_wconf 80' lang='grc' dir='ltr'>καὶ</span> <span class='ocrx_word' id='word_1_5' title='bbox 815 526 844 582; x_wconf 79' lang='grc' dir='ltr'>ὁ</span> <span class='ocrx_word' id='word_1_6' title='bbox 883 521 1091 600; x_wconf 80' lang='grc' dir='ltr'>εὐαγής.</span> <span class='ocrx_word' id='word_1_7' title='bbox 1123 525 1400 580; x_wconf 82' lang='lat' dir='ltr'>Nimirum</span> <span class='ocrx_word' id='word_1_8' title='bbox 1425 521 1594 600; x_wconf 82' lang='grc' dir='ltr'>ἅγιον,</span> <span class='ocrx_word' id='word_1_9' title='bbox 1621 527 1947 588; x_wconf 76' lang='lat' dir='ltr'><strong>utLatino—</strong></span> <span class='ocrx_word' id='word_1_10' title='bbox 1978 506 1989 520; x_wconf 54' lang='lat'><em>⁶</em></span> 
     </span>
     <span class='ocr_line' id='line_1_3' title="bbox 374 613 1953 687; baseline 0.001 -18"><span class='ocrx_word' id='word_1_11' title='bbox 374 633 504 669; x_wconf 88' lang='lat' dir='ltr'><strong>rum</strong></span> <span class='ocrx_word' id='word_1_12' title='bbox 545 633 798 684; x_wconf 79' lang='lat' dir='ltr'><strong>sacrum,</strong></span> <span class='ocrx_word' id='word_1_13' title='bbox 830 615 1042 670; x_wconf 85' lang='lat' dir='ltr'><strong>dicitur</strong></span> <span class='ocrx_word' id='word_1_14' title='bbox 1083 613 1368 687; x_wconf 82' lang='lat' dir='ltr'><strong>quidquid</strong></span> <span class='ocrx_word' id='word_1_15' title='bbox 1415 616 1668 670; x_wconf 86' lang='lat' dir='ltr'><strong>animum</strong></span> <span class='ocrx_word' id='word_1_16' title='bbox 1709 616 1953 672; x_wconf 82' lang='lat' dir='ltr'><strong>admira·</strong></span> 
     </span>
     <span class='ocr_line' id='line_1_4' title="bbox 376 702 1954 778; baseline 0.002 -23"><span class='ocrx_word' id='word_1_17' title='bbox 376 704 530 758; x_wconf 88' lang='lat' dir='ltr'><strong>tione</strong></span> <span class='ocrx_word' id='word_1_18' title='bbox 569 704 868 778; x_wconf 87' lang='lat' dir='ltr'><strong>percellit;</strong></span> <span class='ocrx_word' id='word_1_19' title='bbox 914 704 1048 757; x_wconf 88' lang='lat' dir='ltr'><strong>hinc</strong></span> <span class='ocrx_word' id='word_1_20' title='bbox 1094 703 1309 776; x_wconf 85' lang='lat' dir='ltr'><strong>duplex</strong></span> <span class='ocrx_word' id='word_1_21' title='bbox 1346 702 1713 776; x_wconf 81' lang='lat' dir='ltr'><strong>significatio,</strong></span> <span class='ocrx_word' id='word_1_22' title='bbox 1751 721 1864 776; x_wconf 88' lang='lat' dir='ltr'>qua</span> <span class='ocrx_word' id='word_1_23' title='bbox 1895 714 1954 758; x_wconf 90' lang='lat' dir='ltr'>et</span> 
     </span>
     <span class='ocr_line' id='line_1_5' title="bbox 373 789 1948 850; baseline 0.003 -6"><span class='ocrx_word' id='word_1_24' title='bbox 373 789 700 845; x_wconf 78' lang='lat' dir='ltr'><strong>venerabile</strong></span> <span class='ocrx_word' id='word_1_25' title='bbox 719 801 775 845; x_wconf 88' lang='lat' dir='ltr'>et</span> <span class='ocrx_word' id='word_1_26' title='bbox 787 791 1114 845; x_wconf 79' lang='lat' dir='ltr'><strong>detestabile</strong></span> <span class='ocrx_word' id='word_1_27' title='bbox 1128 789 1379 847; x_wconf 83' lang='lat' dir='ltr'><strong>denotat.</strong></span> <span class='ocrx_word' id='word_1_28' title='bbox 1404 789 1489 847; x_wconf 85' lang='lat' dir='ltr'><strong>Cf.</strong></span> <span class='ocrx_word' id='word_1_29' title='bbox 1511 793 1735 848; x_wconf 63' lang='lat' dir='ltr'><strong>Hanoxr.</strong></span> <span class='ocrx_word' id='word_1_30' title='bbox 1748 793 1948 850; x_wconf 78' lang='lat' dir='ltr'><strong>Exere.</strong></span> 
     </span>
     <span class='ocr_line' id='line_1_6' title="bbox 382 869 1949 952; baseline -0.001 -19"><span class='ocrx_word' id='word_1_31' title='bbox 382 896 437 945; x_wconf 84' lang='lat'>1,</span> <span class='ocrx_word' id='word_1_32' title='bbox 467 897 528 951; x_wconf 90' lang='lat' dir='ltr'>p.</span> <span class='ocrx_word' id='word_1_33' title='bbox 561 896 586 932; x_wconf 87' lang='lat'>1</span> <span class='ocrx_word' id='word_1_34' title='bbox 604 897 627 932; x_wconf 86' lang='lat'>1</span> <span class='ocrx_word' id='word_1_35' title='bbox 653 895 775 951; x_wconf 89' lang='lat' dir='ltr'><strong>seq.</strong></span> <span class='ocrx_word' id='word_1_36' title='bbox 805 899 831 928; x_wconf 69' lang='lat' dir='ltr'><strong>n</strong></span> <span class='ocrx_word' id='word_1_37' title='bbox 865 879 914 930; x_wconf 85' lang='lat' dir='ltr'><em>E</em></span> <span class='ocrx_word' id='word_1_38' title='bbox 939 879 1028 936; x_wconf 90' lang='lat' dir='ltr'>M.</span> <span class='ocrx_word' id='word_1_39' title='bbox 1059 869 1222 950; x_wconf 78' lang='grc' dir='ltr'>Ἀγος</span> <span class='ocrx_word' id='word_1_40' title='bbox 1243 896 1352 950; x_wconf 88' lang='lat' dir='ltr'>pro</span> <span class='ocrx_word' id='word_1_41' title='bbox 1384 872 1506 951; x_wconf 78' lang='grc' dir='ltr'>ἄγος</span> <span class='ocrx_word' id='word_1_42' title='bbox 1527 877 1949 952; x_wconf 39' lang='lat' dir='ltr'><strong>proprie-dixe·</strong></span> 
     </span>
     <span class='ocr_line' id='line_1_7' title="bbox 375 967 700 1024; baseline -0.003 -3"><span class='ocrx_word' id='word_1_43' title='bbox 375 968 491 1021; x_wconf 91' lang='lat' dir='ltr'><strong>rint</strong></span> <span class='ocrx_word' id='word_1_44' title='bbox 518 967 700 1024; x_wconf 69' lang='lat' dir='ltr'><strong>lones.</strong></span> 
     </span>
    </p>
   </div>
   <div class='ocr_carea' id='block_1_3' title="bbox 347 1171 1965 2958">
    <p class='ocr_par' dir='ltr' id='par_1_3' title="bbox 377 1171 1954 1494">
     <span class='ocr_line' id='line_1_8' title="bbox 457 1171 1954 1252; baseline -0.001 -21"><span class='ocrx_word' id='word_1_45' title='bbox 457 1175 620 1231; x_wconf 83' lang='lat' dir='ltr'><strong>Idem</strong></span> <span class='ocrx_word' id='word_1_46' title='bbox 665 1175 747 1233; x_wconf 88' lang='lat' dir='ltr'>ib.</span> <span class='ocrx_word' id='word_1_47' title='bbox 795 1194 854 1248; x_wconf 89' lang='lat' dir='ltr'>p.</span> <span class='ocrx_word' id='word_1_48' title='bbox 901 1173 1048 1248; x_wconf 84' lang='lat'><strong>339,</strong></span> <span class='ocrx_word' id='word_1_49' title='bbox 1103 1173 1210 1246; x_wconf 84' lang='lat'>30,</span> <span class='ocrx_word' id='word_1_50' title='bbox 1260 1171 1605 1251; x_wconf 77' lang='grc' dir='ltr'>Ἀγροὸόας</span> <span class='ocrx_word' id='word_1_51' title='bbox 1649 1171 1813 1252; x_wconf 80' lang='grc' dir='ltr'>ἀνήρ</span> <span class='ocrx_word' id='word_1_52' title='bbox 1858 1191 1874 1232; x_wconf 88' lang='lat'>:</span> <span class='ocrx_word' id='word_1_53' title='bbox 1927 1176 1954 1230; x_wconf 83' lang='grc' dir='ltr'>δ</span> 
     </span>
     <span class='ocr_line' id='line_1_9' title="bbox 380 1259 1951 1342; baseline -0.001 -24"><span class='ocrx_word' id='word_1_54' title='bbox 380 1261 637 1340; x_wconf 76' lang='grc' dir='ltr'>ἀγροίκως</span> <span class='ocrx_word' id='word_1_55' title='bbox 679 1259 1055 1342; x_wconf 79' lang='grc' dir='ltr'>φθεγγόμενος,</span> <span class='ocrx_word' id='word_1_56' title='bbox 1085 1260 1176 1317; x_wconf 83' lang='grc' dir='ltr'>καὶ</span> <span class='ocrx_word' id='word_1_57' title='bbox 1205 1261 1300 1318; x_wconf 79' lang='grc' dir='ltr'>οὔκ</span> <span class='ocrx_word' id='word_1_58' title='bbox 1324 1261 1542 1328; x_wconf 78' lang='grc' dir='ltr'>ἀστείως</span> <span class='ocrx_word' id='word_1_59' title='bbox 1568 1259 1659 1318; x_wconf 74' lang='grc' dir='ltr'>καὶ</span> <span class='ocrx_word' id='word_1_60' title='bbox 1688 1262 1951 1337; x_wconf 80' lang='grc' dir='ltr'>ἐμμελῶς.</span> 
     </span>
     <span class='ocr_line' id='line_1_10' title="bbox 380 1349 1949 1430; baseline -0.002 -21"><span class='ocrx_word' id='word_1_61' title='bbox 380 1349 517 1409; x_wconf 77' lang='grc' dir='ltr'>οὕτω</span> <span class='ocrx_word' id='word_1_62' title='bbox 559 1351 661 1430; x_wconf 88' lang='grc' dir='ltr'>Κρ.</span> <span class='ocrx_word' id='word_1_63' title='bbox 693 1351 905 1408; x_wconf 86' lang='lat' dir='ltr'><strong>Eadem</strong></span> <span class='ocrx_word' id='word_1_64' title='bbox 944 1349 1118 1408; x_wconf 87' lang='lat' dir='ltr'><strong>habet</strong></span> <span class='ocrx_word' id='word_1_65' title='bbox 1144 1350 1494 1426; x_wconf 80' lang='lat' dir='ltr'><strong>Phrynichus</strong></span> <span class='ocrx_word' id='word_1_66' title='bbox 1517 1351 1756 1408; x_wconf 77' lang='lat' dir='ltr'><strong>Bekkeri</strong></span> <span class='ocrx_word' id='word_1_67' title='bbox 1789 1369 1850 1426; x_wconf 88' lang='lat' dir='ltr'>p.</span> <span class='ocrx_word' id='word_1_68' title='bbox 1883 1369 1949 1421; x_wconf 87' lang='lat'>17</span> 
     </span>
     <span class='ocr_line' id='line_1_11' title="bbox 377 1441 502 1494; baseline -0.008 0"><span class='ocrx_word' id='word_1_69' title='bbox 377 1441 502 1494; x_wconf 85' lang='lat' dir='ltr'><strong>init.</strong></span> 
     </span>
    </p>

    <p class='ocr_par' dir='ltr' id='par_1_4' title="bbox 1116 1551 1192 1625">
     <span class='ocr_line' id='line_1_12' title="bbox 1116 1551 1192 1625; baseline 0 0"><span class='ocrx_word' id='word_1_70' title='bbox 1116 1551 1192 1625; x_wconf 83' lang='grc'>39</span> 
     </span>
    </p>

    <p class='ocr_par' dir='ltr' id='par_1_5' title="bbox 347 1650 1965 2958">
     <span class='ocr_line' id='line_1_13' title="bbox 457 1650 1956 1741; baseline -0.003 -20"><span class='ocrx_word' id='word_1_71' title='bbox 457 1666 619 1722; x_wconf 87' lang='lat' dir='ltr'><strong>Idem</strong></span> <span class='ocrx_word' id='word_1_72' title='bbox 647 1666 730 1724; x_wconf 87' lang='lat' dir='ltr'><strong>ib.</strong></span> <span class='ocrx_word' id='word_1_73' title='bbox 763 1684 826 1740; x_wconf 89' lang='lat' dir='ltr'>p.</span> <span class='ocrx_word' id='word_1_74' title='bbox 863 1665 1008 1734; x_wconf 74' lang='lat'><strong>346,</strong></span> <span class='ocrx_word' id='word_1_75' title='bbox 1051 1685 1106 1738; x_wconf 89' lang='lat'>1,</span> <span class='ocrx_word' id='word_1_76' title='bbox 1135 1660 1370 1727; x_wconf 83' lang='grc' dir='ltr'>Ἀδώνιος</span> <span class='ocrx_word' id='word_1_77' title='bbox 1399 1682 1414 1721; x_wconf 88' lang='lat'>:</span> <span class='ocrx_word' id='word_1_78' title='bbox 1443 1660 1785 1741; x_wconf 76' lang='grc' dir='ltr'>Φερεκράτης</span> <span class='ocrx_word' id='word_1_79' title='bbox 1812 1650 1956 1718; x_wconf 73' lang='grc' dir='ltr'>εἶπεν</span> 
     </span>
     <span class='ocr_line' id='line_1_14' title="bbox 380 1746 1955 1826; baseline -0.005 -16"><span class='ocrx_word' id='word_1_80' title='bbox 380 1751 496 1810; x_wconf 76' lang='grc' dir='ltr'>ἀντὶ</span> <span class='ocrx_word' id='word_1_81' title='bbox 523 1756 617 1810; x_wconf 75' lang='grc' dir='ltr'>τοῦ</span> <span class='ocrx_word' id='word_1_82' title='bbox 647 1751 942 1816; x_wconf 72' lang='grc' dir='ltr'>Ἀδώνιδος·</span> <span class='ocrx_word' id='word_1_83' title='bbox 979 1749 1117 1826; x_wconf 80' lang='grc' dir='ltr'>λέγει</span> <span class='ocrx_word' id='word_1_84' title='bbox 1146 1747 1200 1807; x_wconf 83' lang='grc' dir='ltr'>δὲ</span> <span class='ocrx_word' id='word_1_85' title='bbox 1224 1747 1320 1819; x_wconf 76' lang='grc' dir='ltr'>τὴν</span> <span class='ocrx_word' id='word_1_86' title='bbox 1347 1746 1642 1819; x_wconf 77' lang='grc' dir='ltr'>αἰτιατικὴν</span> <span class='ocrx_word' id='word_1_87' title='bbox 1679 1746 1766 1806; x_wconf 81' lang='grc' dir='ltr'>τὸν</span> <span class='ocrx_word' id='word_1_88' title='bbox 1797 1747 1955 1808; x_wconf 80' lang='grc' dir='ltr'>Ἀδώ-</span> 
     </span>
     <span class='ocr_line' id='line_1_15' title="bbox 379 1835 1956 1916; baseline -0.003 -18"><span class='ocrx_word' id='word_1_89' title='bbox 379 1863 504 1898; x_wconf 88' lang='grc' dir='ltr'>νιον·</span> <span class='ocrx_word' id='word_1_90' title='bbox 537 1837 674 1899; x_wconf 79' lang='grc' dir='ltr'>οὕτω</span> <span class='ocrx_word' id='word_1_91' title='bbox 697 1839 788 1898; x_wconf 77' lang='grc' dir='ltr'>καὶ</span> <span class='ocrx_word' id='word_1_92' title='bbox 823 1837 1053 1898; x_wconf 78' lang='grc' dir='ltr'>Πλάτων</span> <span class='ocrx_word' id='word_1_93' title='bbox 1079 1838 1168 1896; x_wconf 74' lang='grc' dir='ltr'>καὶ</span> <span class='ocrx_word' id='word_1_94' title='bbox 1203 1841 1326 1916; x_wconf 84' lang='grc' dir='ltr'>Κρ.,</span> <span class='ocrx_word' id='word_1_95' title='bbox 1359 1836 1496 1896; x_wconf 79' lang='grc' dir='ltr'>ἀλλὰ</span> <span class='ocrx_word' id='word_1_96' title='bbox 1530 1837 1621 1895; x_wconf 76' lang='grc' dir='ltr'>καὶ</span> <span class='ocrx_word' id='word_1_97' title='bbox 1652 1835 1956 1916; x_wconf 75' lang='grc' dir='ltr'>Ἀριστοφά-</span> 
     </span>
     <span class='ocr_line' id='line_1_16' title="bbox 378 1923 1961 2004; baseline -0.002 -21"><span class='ocrx_word' id='word_1_98' title='bbox 378 1950 471 1999; x_wconf 91' lang='grc' dir='ltr'>νης</span> <span class='ocrx_word' id='word_1_99' title='bbox 489 1969 506 1998; x_wconf 92' lang='grc'>,</span> <span class='ocrx_word' id='word_1_100' title='bbox 546 1926 639 1984; x_wconf 79' lang='grc' dir='ltr'>καὶ</span> <span class='ocrx_word' id='word_1_101' title='bbox 675 1925 865 2004; x_wconf 79' lang='grc' dir='ltr'>ἕτεροι.</span> <span class='ocrx_word' id='word_1_102' title='bbox 895 1925 1106 2002; x_wconf 78' lang='grc' dir='ltr'>λέγουσι</span> <span class='ocrx_word' id='word_1_103' title='bbox 1137 1923 1191 1983; x_wconf 80' lang='grc' dir='ltr'>δὲ</span> <span class='ocrx_word' id='word_1_104' title='bbox 1219 1925 1308 1983; x_wconf 82' lang='grc' dir='ltr'>καὶ</span> <span class='ocrx_word' id='word_1_105' title='bbox 1329 1923 1548 1984; x_wconf 81' lang='grc' dir='ltr'>Ἄδωνιν</span> <span class='ocrx_word' id='word_1_106' title='bbox 1571 1923 1726 1981; x_wconf 79' lang='grc' dir='ltr'>αὐτὸν</span> <span class='ocrx_word' id='word_1_107' title='bbox 1763 1923 1961 1981; x_wconf 81' lang='grc' dir='ltr'>πολλά-</span> 
     </span>
     <span class='ocr_line' id='line_1_17' title="bbox 380 2010 1960 2090; baseline -0.003 -17"><span class='ocrx_word' id='word_1_108' title='bbox 380 2037 479 2078; x_wconf 82' lang='grc' dir='ltr'>κις.</span> <span class='ocrx_word' id='word_1_109' title='bbox 519 2040 544 2066; x_wconf 74' lang='grc' dir='ltr'>α</span> <span class='ocrx_word' id='word_1_110' title='bbox 591 2019 814 2073; x_wconf 82' lang='lat' dir='ltr'><strong>Formae</strong></span> <span class='ocrx_word' id='word_1_111' title='bbox 843 2011 1082 2079; x_wconf 85' lang='grc' dir='ltr'>Ἀδώνιος</span> <span class='ocrx_word' id='word_1_112' title='bbox 1119 2034 1228 2090; x_wconf 87' lang='lat' dir='ltr'>pro</span> <span class='ocrx_word' id='word_1_113' title='bbox 1269 2010 1486 2079; x_wconf 79' lang='grc' dir='ltr'>Ἄδωνις</span> <span class='ocrx_word' id='word_1_114' title='bbox 1515 2015 1738 2070; x_wconf 86' lang='lat' dir='ltr'><strong>nullum</strong></span> <span class='ocrx_word' id='word_1_115' title='bbox 1783 2013 1960 2069; x_wconf 88' lang='lat' dir='ltr'><strong>hodie</strong></span> 
     </span>
     <span class='ocr_line' id='line_1_18' title="bbox 381 2104 1955 2181; baseline -0.002 -18"><span class='ocrx_word' id='word_1_116' title='bbox 381 2107 710 2181; x_wconf 83' lang='lat' dir='ltr'><strong>exemplum</strong></span> <span class='ocrx_word' id='word_1_117' title='bbox 751 2115 1037 2179; x_wconf 84' lang='lat' dir='ltr'><strong>superest,</strong></span> <span class='ocrx_word' id='word_1_118' title='bbox 1075 2107 1182 2160; x_wconf 89' lang='lat' dir='ltr'><strong>nisi</strong></span> <span class='ocrx_word' id='word_1_119' title='bbox 1225 2104 1372 2160; x_wconf 86' lang='lat' dir='ltr'><strong>forte</strong></span> <span class='ocrx_word' id='word_1_120' title='bbox 1401 2104 1560 2179; x_wconf 88' lang='lat' dir='ltr'><strong>apud</strong></span> <span class='ocrx_word' id='word_1_121' title='bbox 1599 2104 1748 2160; x_wconf 79' lang='lat' dir='ltr'><strong>Plut.</strong></span> <span class='ocrx_word' id='word_1_122' title='bbox 1793 2105 1955 2160; x_wconf 87' lang='lat' dir='ltr'><strong>Erot.</strong></span> 
     </span>
     <span class='ocr_line' id='line_1_19' title="bbox 379 2189 1961 2269; baseline -0.006 -15"><span class='ocrx_word' id='word_1_123' title='bbox 379 2214 440 2269; x_wconf 93' lang='grc' dir='ltr'>Ρ.</span> <span class='ocrx_word' id='word_1_124' title='bbox 488 2193 626 2266; x_wconf 88' lang='grc'>756,</span> <span class='ocrx_word' id='word_1_125' title='bbox 656 2194 718 2263; x_wconf 90' lang='lat' dir='ltr'>C,</span> <span class='ocrx_word' id='word_1_126' title='bbox 749 2193 851 2249; x_wconf 86' lang='lat' dir='ltr'><strong>ubi</strong></span> <span class='ocrx_word' id='word_1_127' title='bbox 876 2190 1107 2250; x_wconf 78' lang='grc' dir='ltr'>Ἀδώνιοι</span> <span class='ocrx_word' id='word_1_128' title='bbox 1133 2211 1242 2268; x_wconf 83' lang='lat' dir='ltr'>pro</span> <span class='ocrx_word' id='word_1_129' title='bbox 1267 2189 1538 2250; x_wconf 84' lang='grc' dir='ltr'>Ἀδωναῑοι</span> <span class='ocrx_word' id='word_1_130' title='bbox 1565 2191 1961 2265; x_wconf 86' lang='lat' dir='ltr'><strong>reponendum</strong></span> 
     </span>
     <span class='ocr_line' id='line_1_20' title="bbox 379 2280 1963 2357; baseline -0.003 -19"><span class='ocrx_word' id='word_1_131' title='bbox 379 2284 601 2357; x_wconf 78' lang='lat' dir='ltr'><strong>putavit</strong></span> <span class='ocrx_word' id='word_1_132' title='bbox 631 2281 922 2356; x_wconf 82' lang='lat' dir='ltr'><strong>Bergkius.</strong></span> <span class='ocrx_word' id='word_1_133' title='bbox 959 2282 1160 2338; x_wconf 87' lang='lat' dir='ltr'><strong>Nescio</strong></span> <span class='ocrx_word' id='word_1_134' title='bbox 1203 2291 1424 2350; x_wconf 82' lang='lat' dir='ltr'><strong>tamen,</strong></span> <span class='ocrx_word' id='word_1_135' title='bbox 1467 2298 1542 2336; x_wconf 84' lang='lat' dir='ltr'>an</span> <span class='ocrx_word' id='word_1_136' title='bbox 1579 2280 1692 2335; x_wconf 87' lang='lat' dir='ltr'>hoc</span> <span class='ocrx_word' id='word_1_137' title='bbox 1733 2289 1963 2336; x_wconf 86' lang='lat' dir='ltr'><strong>tueatur</strong></span> 
     </span>
     <span class='ocr_line' id='line_1_21' title="bbox 381 2367 1959 2444; baseline -0.003 -18"><span class='ocrx_word' id='word_1_138' title='bbox 381 2371 696 2444; x_wconf 78' lang='lat' dir='ltr'><strong>Hesychius</strong></span> <span class='ocrx_word' id='word_1_139' title='bbox 717 2412 734 2444; x_wconf 91' lang='lat'><strong>,</strong></span> <span class='ocrx_word' id='word_1_140' title='bbox 757 2371 950 2426; x_wconf 88' lang='lat' dir='ltr'><strong>dicens</strong></span> <span class='ocrx_word' id='word_1_141' title='bbox 969 2367 1019 2426; x_wconf 69' lang='lat' dir='ltr'>’A</span> <span class='ocrx_word' id='word_1_142' title='bbox 1029 2368 1223 2426; x_wconf 87' lang='grc' dir='ltr'>δοναῑοι</span> <span class='ocrx_word' id='word_1_143' title='bbox 1252 2388 1264 2422; x_wconf 88' lang='lat'>:</span> <span class='ocrx_word' id='word_1_144' title='bbox 1295 2369 1343 2424; x_wconf 79' lang='grc' dir='ltr'>οἱ</span> <span class='ocrx_word' id='word_1_145' title='bbox 1367 2369 1506 2444; x_wconf 82' lang='lat' dir='ltr'><strong>(hoc</strong></span> <span class='ocrx_word' id='word_1_146' title='bbox 1523 2367 1742 2425; x_wconf 82' lang='lat' dir='ltr'><strong>addidi.</strong></span> <span class='ocrx_word' id='word_1_147' title='bbox 1759 2367 1959 2443; x_wconf 71' lang='lat' dir='ltr'><strong>Both.)</strong></span> 
     </span>
     <span class='ocr_line' id='line_1_22' title="bbox 347 2453 1957 2537; baseline 0.001 -27"><span class='ocrx_word' id='word_1_148' title='bbox 347 2492 364 2510; x_wconf 91' lang='grc'>.</span> <span class='ocrx_word' id='word_1_149' title='bbox 381 2457 483 2515; x_wconf 79' lang='grc' dir='ltr'>ὑπὸ</span> <span class='ocrx_word' id='word_1_150' title='bbox 505 2456 591 2515; x_wconf 83' lang='grc' dir='ltr'>τὸν</span> <span class='ocrx_word' id='word_1_151' title='bbox 615 2455 766 2537; x_wconf 79' lang='grc' dir='ltr'>ᾅδην.</span> <span class='ocrx_word' id='word_1_152' title='bbox 791 2455 1071 2522; x_wconf 81' lang='grc' dir='ltr'>Ἄδωναῖος</span> <span class='ocrx_word' id='word_1_153' title='bbox 1095 2477 1108 2511; x_wconf 93' lang='lat'><strong>:</strong></span> <span class='ocrx_word' id='word_1_154' title='bbox 1141 2455 1410 2514; x_wconf 77' lang='grc' dir='ltr'>Ποσειδῶν</span> <span class='ocrx_word' id='word_1_155' title='bbox 1443 2455 1612 2526; x_wconf 84' lang='lat' dir='ltr'><strong>(sort.</strong></span> <span class='ocrx_word' id='word_1_156' title='bbox 1645 2453 1957 2531; x_wconf 80' lang='grc' dir='ltr'>Πλούτων),</span> 
     </span>
     <span class='ocr_line' id='line_1_23' title="bbox 381 2540 1959 2623; baseline -0.003 -21"><span class='ocrx_word' id='word_1_157' title='bbox 381 2543 472 2602; x_wconf 76' lang='grc' dir='ltr'>καὶ</span> <span class='ocrx_word' id='word_1_158' title='bbox 502 2543 654 2622; x_wconf 84' lang='grc' dir='ltr'>βόλος</span> <span class='ocrx_word' id='word_1_159' title='bbox 673 2588 690 2620; x_wconf 91' lang='grc'>,</span> <span class='ocrx_word' id='word_1_160' title='bbox 721 2541 756 2614; x_wconf 79' lang='grc' dir='ltr'>ἢ</span> <span class='ocrx_word' id='word_1_161' title='bbox 791 2545 820 2600; x_wconf 81' lang='grc' dir='ltr'><strong>ὁ</strong></span> <span class='ocrx_word' id='word_1_162' title='bbox 845 2543 943 2602; x_wconf 75' lang='grc' dir='ltr'>ὑπὸ</span> <span class='ocrx_word' id='word_1_163' title='bbox 968 2541 1058 2601; x_wconf 80' lang='grc' dir='ltr'>τὸν</span> <span class='ocrx_word' id='word_1_164' title='bbox 1086 2540 1234 2623; x_wconf 77' lang='grc' dir='ltr'>ᾅδην.</span> <span class='ocrx_word' id='word_1_165' title='bbox 1265 2545 1537 2618; x_wconf 82' lang='lat' dir='ltr'><strong>Spectant</strong></span> <span class='ocrx_word' id='word_1_166' title='bbox 1565 2544 1684 2597; x_wconf 86' lang='lat' dir='ltr'>haec</span> <span class='ocrx_word' id='word_1_167' title='bbox 1711 2542 1786 2598; x_wconf 88' lang='lat' dir='ltr'><strong>ad</strong></span> <span class='ocrx_word' id='word_1_168' title='bbox 1813 2561 1959 2618; x_wconf 83' lang='lat' dir='ltr'><strong>grae-</strong></span> 
     </span>
     <span class='ocr_line' id='line_1_24' title="bbox 381 2631 1958 2708; baseline -0.003 -17"><span class='ocrx_word' id='word_1_169' title='bbox 381 2637 604 2691; x_wconf 82' lang='lat' dir='ltr'><strong>canicas</strong></span> <span class='ocrx_word' id='word_1_170' title='bbox 630 2635 1091 2708; x_wconf 70' lang='lat' dir='ltr'><strong>superstitiones»,</strong></span> <span class='ocrx_word' id='word_1_171' title='bbox 1125 2635 1186 2688; x_wconf 88' lang='lat' dir='ltr'>in</span> <span class='ocrx_word' id='word_1_172' title='bbox 1223 2633 1432 2706; x_wconf 90' lang='lat' dir='ltr'><strong>quibus</strong></span> <span class='ocrx_word' id='word_1_173' title='bbox 1472 2631 1798 2688; x_wconf 88' lang='lat' dir='ltr'><strong>Adonidem</strong></span> <span class='ocrx_word' id='word_1_174' title='bbox 1848 2650 1958 2706; x_wconf 88' lang='lat' dir='ltr'>pro</span> 
     </span>
     <span class='ocr_line' id='line_1_25' title="bbox 383 2715 1965 2804; baseline -0.003 -26"><span class='ocrx_word' id='word_1_175' title='bbox 383 2723 496 2779; x_wconf 87' lang='lat' dir='ltr'>deo</span> <span class='ocrx_word' id='word_1_176' title='bbox 538 2723 804 2779; x_wconf 81' lang='lat' dir='ltr'><strong>infernali</strong></span> <span class='ocrx_word' id='word_1_177' title='bbox 837 2723 1096 2778; x_wconf 86' lang='lat' dir='ltr'><strong>habitum</strong></span> <span class='ocrx_word' id='word_1_178' title='bbox 1145 2731 1203 2776; x_wconf 86' lang='lat' dir='ltr'>et</span> <span class='ocrx_word' id='word_1_179' title='bbox 1242 2740 1372 2775; x_wconf 89' lang='lat' dir='ltr'><strong>cum</strong></span> <span class='ocrx_word' id='word_1_180' title='bbox 1407 2715 1543 2804; x_wconf 83' lang='grc' dir='ltr'>ᾍδῃ</span> <span class='ocrx_word' id='word_1_181' title='bbox 1583 2722 1700 2774; x_wconf 85' lang='lat' dir='ltr'><strong>sive</strong></span> <span class='ocrx_word' id='word_1_182' title='bbox 1729 2715 1965 2776; x_wconf 77' lang='grc' dir='ltr'>Ἀϊδωνεῖ</span> 
     </span>
     <span class='ocr_line' id='line_1_26' title="bbox 380 2808 1963 2885; baseline -0.003 -19"><span class='ocrx_word' id='word_1_183' title='bbox 380 2812 730 2885; x_wconf 85' lang='lat' dir='ltr'><strong>permixtum</strong></span> <span class='ocrx_word' id='word_1_184' title='bbox 765 2827 879 2865; x_wconf 89' lang='lat' dir='ltr'><strong>esse</strong></span> <span class='ocrx_word' id='word_1_185' title='bbox 925 2808 1144 2866; x_wconf 82' lang='lat' dir='ltr'><strong>credas,</strong></span> <span class='ocrx_word' id='word_1_186' title='bbox 1196 2809 1394 2882; x_wconf 89' lang='lat' dir='ltr'><strong>Neque</strong></span> <span class='ocrx_word' id='word_1_187' title='bbox 1441 2809 1629 2881; x_wconf 86' lang='lat' dir='ltr'><strong>inepte</strong></span> <span class='ocrx_word' id='word_1_188' title='bbox 1671 2825 1963 2882; x_wconf 85' lang='lat' dir='ltr'><strong>compares</strong></span> 
     </span>
     <span class='ocr_line' id='line_1_27' title="bbox 381 2897 1247 2958; baseline 0.002 -5"><span class='ocrx_word' id='word_1_189' title='bbox 381 2899 714 2955; x_wconf 78' lang='lat' dir='ltr'><strong>hebraicum</strong></span> <span class='ocrx_word' id='word_1_190' title='bbox 742 2898 985 2958; x_wconf 64' lang='lat' dir='ltr'><strong>Adonai.</strong></span> <span class='ocrx_word' id='word_1_191' title='bbox 1024 2921 1047 2949; x_wconf 71' lang='grc' dir='ltr'><strong>υ</strong></span> <span class='ocrx_word' id='word_1_192' title='bbox 1085 2898 1137 2952; x_wconf 86' lang='grc' dir='ltr'><em>Ε</em></span> <span class='ocrx_word' id='word_1_193' title='bbox 1158 2897 1247 2955; x_wconf 89' lang='grc' dir='ltr'>Μ.</span> 
     </span>
    </p>
   </div>
   <div class='ocr_carea' id='block_1_4' title="bbox 379 3017 1962 3988">
    <p class='ocr_par' dir='ltr' id='par_1_6' title="bbox 1124 3017 1219 3076">
     <span class='ocr_line' id='line_1_28' title="bbox 1124 3017 1219 3076; baseline 0 0"><span class='ocrx_word' id='word_1_194' title='bbox 1124 3017 1219 3076; x_wconf 65' lang='grc'>40.</span> 
     </span>
    </p>

    <p class='ocr_par' dir='ltr' id='par_1_7' title="bbox 379 3114 1962 3988">
     <span class='ocr_line' id='line_1_29' title="bbox 463 3114 1959 3200; baseline -0.003 -19"><span class='ocrx_word' id='word_1_195' title='bbox 463 3126 624 3182; x_wconf 89' lang='lat' dir='ltr'><strong>Idem</strong></span> <span class='ocrx_word' id='word_1_196' title='bbox 663 3124 745 3183; x_wconf 87' lang='lat' dir='ltr'>ib.</span> <span class='ocrx_word' id='word_1_197' title='bbox 787 3144 850 3200; x_wconf 92' lang='lat' dir='ltr'>p.</span> <span class='ocrx_word' id='word_1_198' title='bbox 900 3114 1036 3193; x_wconf 83' lang='grc'>354,</span> <span class='ocrx_word' id='word_1_199' title='bbox 1086 3122 1186 3193; x_wconf 87' lang='grc'>25,</span> <span class='ocrx_word' id='word_1_200' title='bbox 1249 3120 1565 3200; x_wconf 83' lang='grc' dir='ltr'>Ἀγείρου</span> <span class='ocrx_word' id='word_1_201' title='bbox 1617 3118 1732 3177; x_wconf 81' lang='grc' dir='ltr'>θέα</span> <span class='ocrx_word' id='word_1_202' title='bbox 1779 3119 1871 3177; x_wconf 77' lang='grc' dir='ltr'>καὶ·</span> <span class='ocrx_word' id='word_1_203' title='bbox 1925 3125 1959 3191; x_wconf 82' lang='grc' dir='ltr'><strong>ἡ</strong></span> 
     </span>
     <span class='ocr_line' id='line_1_30' title="bbox 382 3198 1962 3293; baseline -0.003 -24"><span class='ocrx_word' id='word_1_204' title='bbox 382 3214 535 3293; x_wconf 86' lang='grc' dir='ltr'>παρ’</span> <span class='ocrx_word' id='word_1_205' title='bbox 589 3210 891 3290; x_wconf 71' lang='grc' dir='ltr'>αἴγειρον</span> <span class='ocrx_word' id='word_1_206' title='bbox 949 3210 1064 3269; x_wconf 81' lang='grc' dir='ltr'>θέα</span> <span class='ocrx_word' id='word_1_207' title='bbox 1113 3230 1128 3270; x_wconf 75' lang='lat'>2</span> <span class='ocrx_word' id='word_1_208' title='bbox 1177 3208 1450 3281; x_wconf 77' lang='grc' dir='ltr'>Ἀθήνησιν</span> <span class='ocrx_word' id='word_1_209' title='bbox 1493 3207 1717 3287; x_wconf 81' lang='grc' dir='ltr'>αἴγειρος</span> <span class='ocrx_word' id='word_1_210' title='bbox 1777 3198 1860 3280; x_wconf 68' lang='grc' dir='ltr'>ἦν,</span> <span class='ocrx_word' id='word_1_211' title='bbox 1900 3200 1962 3279; x_wconf 70' lang='grc' dir='ltr'>ἧς</span> 
     </span>
     <span class='ocr_line' id='line_1_31' title="bbox 384 3295 1961 3377; baseline -0.001 -22"><span class='ocrx_word' id='word_1_212' title='bbox 384 3298 606 3372; x_wconf 79' lang='grc' dir='ltr'>πλησίον</span> <span class='ocrx_word' id='word_1_213' title='bbox 629 3298 698 3357; x_wconf 75' lang='grc' dir='ltr'>τὰ</span> <span class='ocrx_word' id='word_1_214' title='bbox 715 3298 858 3377; x_wconf 84' lang='grc' dir='ltr'>ἴκρια</span> <span class='ocrx_word' id='word_1_215' title='bbox 883 3297 1173 3377; x_wconf 81' lang='grc' dir='ltr'>ἐπήγνυντο</span> <span class='ocrx_word' id='word_1_216' title='bbox 1201 3300 1272 3363; x_wconf 84' lang='grc' dir='ltr'>εἷς</span> <span class='ocrx_word' id='word_1_217' title='bbox 1311 3295 1406 3367; x_wconf 77' lang='grc' dir='ltr'>τὴν</span> <span class='ocrx_word' id='word_1_218' title='bbox 1454 3295 1576 3356; x_wconf 80' lang='grc' dir='ltr'>θέαν</span> <span class='ocrx_word' id='word_1_219' title='bbox 1603 3295 1707 3374; x_wconf 85' lang='grc' dir='ltr'>πρὸ</span> <span class='ocrx_word' id='word_1_220' title='bbox 1725 3300 1820 3354; x_wconf 68' lang='grc' dir='ltr'>’τοῦ</span> <span class='ocrx_word' id='word_1_221' title='bbox 1849 3295 1961 3355; x_wconf 85' lang='grc' dir='ltr'>θέα-</span> 
     </span>
     <span class='ocr_line' id='line_1_32' title="bbox 383 3383 1958 3467; baseline -0.003 -22"><span class='ocrx_word' id='word_1_222' title='bbox 383 3410 504 3465; x_wconf 87' lang='grc' dir='ltr'>τρον</span> <span class='ocrx_word' id='word_1_223' title='bbox 525 3387 764 3467; x_wconf 83' lang='grc' dir='ltr'>γενέσθαι</span> <span class='ocrx_word' id='word_1_224' title='bbox 797 3387 904 3464; x_wconf 86' lang='lat' dir='ltr'><strong>(cf.</strong></span> <span class='ocrx_word' id='word_1_225' title='bbox 935 3388 1134 3462; x_wconf 80' lang='lat' dir='ltr'><strong>fragm.</strong></span> <span class='ocrx_word' id='word_1_226' title='bbox 1167 3384 1297 3465; x_wconf 83' lang='grc'>53).</span> <span class='ocrx_word' id='word_1_227' title='bbox 1329 3383 1466 3442; x_wconf 74' lang='grc' dir='ltr'>οὕτω</span> <span class='ocrx_word' id='word_1_228' title='bbox 1491 3386 1598 3464; x_wconf 85' lang='grc' dir='ltr'>Κρ.</span> <span class='ocrx_word' id='word_1_229' title='bbox 1626 3388 1696 3441; x_wconf 87' lang='lat' dir='ltr'>Et</span> <span class='ocrx_word' id='word_1_230' title='bbox 1721 3405 1784 3459; x_wconf 90' lang='lat' dir='ltr'>p.</span> <span class='ocrx_word' id='word_1_231' title='bbox 1820 3393 1958 3462; x_wconf 87' lang='grc'>419,</span> 
     </span>
     <span class='ocr_line' id='line_1_33' title="bbox 389 3471 1961 3555; baseline -0.002 -22"><span class='ocrx_word' id='word_1_232' title='bbox 389 3478 484 3549; x_wconf 86' lang='grc'>15,</span> <span class='ocrx_word' id='word_1_233' title='bbox 529 3475 850 3555; x_wconf 81' lang='grc' dir='ltr'>Αἰγείρου</span> <span class='ocrx_word' id='word_1_234' title='bbox 901 3474 1019 3533; x_wconf 85' lang='grc' dir='ltr'>θέα</span> <span class='ocrx_word' id='word_1_235' title='bbox 1057 3473 1148 3533; x_wconf 80' lang='grc' dir='ltr'>καὶ</span> <span class='ocrx_word' id='word_1_236' title='bbox 1199 3471 1444 3552; x_wconf 84' lang='grc' dir='ltr'>παράἴ</span> <span class='ocrx_word' id='word_1_237' title='bbox 1499 3490 1726 3552; x_wconf 73' lang='grc' dir='ltr'>ειρονε</span> <span class='ocrx_word' id='word_1_238' title='bbox 1773 3476 1808 3544; x_wconf 85' lang='grc' dir='ltr'>ἡ</span> <span class='ocrx_word' id='word_1_239' title='bbox 1857 3472 1961 3530; x_wconf 78' lang='grc' dir='ltr'>ἀπὸ</span> 
     </span>
     <span class='ocr_line' id='line_1_34' title="bbox 379 3496 1960 3644; baseline -0.003 -23"><span class='ocrx_word' id='word_1_240' title='bbox 379 3568 484 3622; x_wconf 83' lang='grc' dir='ltr'>τῶν</span> <span class='ocrx_word' id='word_1_241' title='bbox 524 3564 785 3644; x_wconf 79' lang='grc' dir='ltr'>ἐσχάτων.</span> <span class='ocrx_word' id='word_1_242' title='bbox 823 3561 1046 3642; x_wconf 81' lang='grc' dir='ltr'>αἴγειρος</span> <span class='ocrx_word' id='word_1_243' title='bbox 1089 3562 1191 3641; x_wconf 81' lang='grc' dir='ltr'>γὰρ</span> <span class='ocrx_word' id='word_1_244' title='bbox 1239 3560 1416 3619; x_wconf 81' lang='grc' dir='ltr'>ἐπάνω</span> <span class='ocrx_word' id='word_1_245' title='bbox 1454 3496 1521 3633; x_wconf 51' lang='lat' dir='ltr'>{v</span> <span class='ocrx_word' id='word_1_246' title='bbox 1573 3566 1666 3619; x_wconf 77' lang='grc' dir='ltr'>τοῦ</span> <span class='ocrx_word' id='word_1_247' title='bbox 1717 3558 1960 3639; x_wconf 80' lang='grc' dir='ltr'>θεάτρου,</span> 
     </span>
     <span class='ocr_line' id='line_1_35' title="bbox 383 3644 1960 3732; baseline -0.003 -21"><span class='ocrx_word' id='word_1_248' title='bbox 383 3651 472 3732; x_wconf 75' lang='grc' dir='ltr'>ἀφ’</span> <span class='ocrx_word' id='word_1_249' title='bbox 497 3644 562 3724; x_wconf 73' lang='grc' dir='ltr'>ἧς</span> <span class='ocrx_word' id='word_1_250' title='bbox 584 3655 631 3711; x_wconf 75' lang='grc' dir='ltr'>οἳ</span> <span class='ocrx_word' id='word_1_251' title='bbox 661 3652 736 3727; x_wconf 83' lang='grc' dir='ltr'>μὴ</span> <span class='ocrx_word' id='word_1_252' title='bbox 764 3650 970 3731; x_wconf 81' lang='grc' dir='ltr'>ἔχοντες</span> <span class='ocrx_word' id='word_1_253' title='bbox 991 3650 1148 3707; x_wconf 86' lang='grc' dir='ltr'>τόπον</span> <span class='ocrx_word' id='word_1_254' title='bbox 1181 3647 1450 3728; x_wconf 83' lang='grc' dir='ltr'>ἐθεώρουν.</span> <span class='ocrx_word' id='word_1_255' title='bbox 1493 3675 1517 3699; x_wconf 82' lang='grc' dir='ltr'><strong>α</strong></span> <span class='ocrx_word' id='word_1_256' title='bbox 1551 3650 1822 3707; x_wconf 80' lang='lat' dir='ltr'><strong>Sim&#39;iliter</strong></span> <span class='ocrx_word' id='word_1_257' title='bbox 1851 3650 1960 3707; x_wconf 85' lang='lat' dir='ltr'>He-</span> 
     </span>
     <span class='ocr_line' id='line_1_36' title="bbox 380 3738 1961 3815; baseline -0.003 -18"><span class='ocrx_word' id='word_1_258' title='bbox 380 3743 563 3815; x_wconf 86' lang='lat' dir='ltr'><strong>sych.,</strong></span> <span class='ocrx_word' id='word_1_259' title='bbox 613 3740 813 3809; x_wconf 71' lang='lat' dir='ltr'><strong>Phot„</strong></span> <span class='ocrx_word' id='word_1_260' title='bbox 867 3742 1055 3813; x_wconf 86' lang='lat' dir='ltr'><strong>Etym.</strong></span> <span class='ocrx_word' id='word_1_261' title='bbox 1109 3740 1214 3807; x_wconf 71' lang='lat' dir='ltr'>M„</span> <span class='ocrx_word' id='word_1_262' title='bbox 1255 3740 1453 3793; x_wconf 86' lang='lat' dir='ltr'><strong>omissa</strong></span> <span class='ocrx_word' id='word_1_263' title='bbox 1503 3749 1692 3794; x_wconf 84' lang='lat' dir='ltr'><strong>tamen</strong></span> <span class='ocrx_word' id='word_1_264' title='bbox 1743 3738 1961 3794; x_wconf 81' lang='lat' dir='ltr'><strong>Cratini</strong></span> 
     </span>
     <span class='ocr_line' id='line_1_37' title="bbox 381 3824 1957 3900; baseline -0.002 -17"><span class='ocrx_word' id='word_1_265' title='bbox 381 3831 706 3884; x_wconf 85' lang='lat' dir='ltr'><strong>mentione:</strong></span> <span class='ocrx_word' id='word_1_266' title='bbox 738 3848 796 3884; x_wconf 79' lang='lat' dir='ltr'>v.</span> <span class='ocrx_word' id='word_1_267' title='bbox 829 3828 1054 3900; x_wconf 81' lang='lat' dir='ltr'><strong>Bergkii</strong></span> <span class='ocrx_word' id='word_1_268' title='bbox 1079 3826 1257 3899; x_wconf 86' lang='lat' dir='ltr'><strong>Epist.</strong></span> <span class='ocrx_word' id='word_1_269' title='bbox 1287 3824 1359 3879; x_wconf 87' lang='lat' dir='ltr'><strong>ad</strong></span> <span class='ocrx_word' id='word_1_270' title='bbox 1377 3825 1708 3879; x_wconf 87' lang='lat' dir='ltr'><strong>Schillerum</strong></span> <span class='ocrx_word' id='word_1_271' title='bbox 1730 3845 1790 3898; x_wconf 90' lang='lat' dir='ltr'><strong>p.</strong></span> <span class='ocrx_word' id='word_1_272' title='bbox 1824 3844 1957 3896; x_wconf 88' lang='grc'>122,</span> 
     </span>
     <span class='ocr_line' id='line_1_38' title="bbox 383 3911 1779 3988; baseline -0.001 -17"><span class='ocrx_word' id='word_1_273' title='bbox 383 3927 440 3971; x_wconf 84' lang='lat' dir='ltr'>et</span> <span class='ocrx_word' id='word_1_274' title='bbox 471 3916 759 3972; x_wconf 83' lang='lat' dir='ltr'><strong>Welckeri</strong></span> <span class='ocrx_word' id='word_1_275' title='bbox 792 3914 1060 3988; x_wconf 85' lang='lat' dir='ltr'><strong>Append.</strong></span> <span class='ocrx_word' id='word_1_276' title='bbox 1093 3913 1308 3985; x_wconf 86' lang='lat' dir='ltr'><strong>Trilog.</strong></span> <span class='ocrx_word' id='word_1_277' title='bbox 1355 3931 1414 3986; x_wconf 92' lang='lat' dir='ltr'><strong>p.</strong></span> <span class='ocrx_word' id='word_1_278' title='bbox 1456 3911 1592 3983; x_wconf 87' lang='grc'>257.</span> <span class='ocrx_word' id='word_1_279' title='bbox 1631 3938 1652 3962; x_wconf 77' lang='grc' dir='ltr'><strong>υ</strong></span> <span class='ocrx_word' id='word_1_280' title='bbox 1690 3914 1779 3969; x_wconf 88' lang='grc' dir='ltr'>Μ.</span> 
     </span>
    </p>
   </div>
   <div class='ocr_carea' id='block_1_5' title="bbox 466 4031 1958 4215">
    <p class='ocr_par' dir='ltr' id='par_1_8' title="bbox 466 4031 1958 4215">
     <span class='ocr_line' id='line_1_39' title="bbox 1118 4031 1216 4091; baseline 0.051 -13"><span class='ocrx_word' id='word_1_281' title='bbox 1118 4031 1216 4091; x_wconf 93' lang='grc'>41.</span> 
     </span>
     <span class='ocr_line' id='line_1_40' title="bbox 466 4124 1958 4215; baseline -0.003 -18"><span class='ocrx_word' id='word_1_282' title='bbox 466 4142 625 4199; x_wconf 87' lang='lat' dir='ltr'><strong>Idem</strong></span> <span class='ocrx_word' id='word_1_283' title='bbox 653 4141 733 4200; x_wconf 89' lang='lat' dir='ltr'>ib.</span> <span class='ocrx_word' id='word_1_284' title='bbox 763 4160 824 4215; x_wconf 91' lang='lat' dir='ltr'><strong>p.</strong></span> <span class='ocrx_word' id='word_1_285' title='bbox 854 4140 992 4213; x_wconf 80' lang='lat'>363,</span> <span class='ocrx_word' id='word_1_286' title='bbox 1017 4158 1051 4195; x_wconf 92' lang='grc'>2</span> <span class='ocrx_word' id='word_1_287' title='bbox 1083 4158 1098 4194; x_wconf 74' lang='lat' dir='ltr'><em>z</em></span> <span class='ocrx_word' id='word_1_288' title='bbox 1130 4140 1236 4215; x_wconf 85' lang='grc' dir='ltr'>Κρ.</span> <span class='ocrx_word' id='word_1_289' title='bbox 1269 4134 1323 4195; x_wconf 87' lang='grc' dir='ltr'>δὲ</span> <span class='ocrx_word' id='word_1_290' title='bbox 1348 4134 1792 4214; x_wconf 80' lang='grc' dir='ltr'>αἱμυλόφρων</span> <span class='ocrx_word' id='word_1_291' title='bbox 1821 4124 1958 4212; x_wconf 73' lang='grc' dir='ltr'>εἶπε,</span> 
     </span>
    </p>
   </div>
   <div class='ocr_carea' id='block_1_6' title="bbox 385 4223 1962 4863">
    <p class='ocr_par' dir='ltr' id='par_1_9' title="bbox 385 4223 1962 4863">
     <span class='ocr_line' id='line_1_41' title="bbox 385 4223 1280 4304; baseline -0.008 -17"><span class='ocrx_word' id='word_1_292' title='bbox 385 4228 476 4287; x_wconf 81' lang='grc' dir='ltr'>καὶ</span> <span class='ocrx_word' id='word_1_293' title='bbox 504 4224 1003 4304; x_wconf 81' lang='grc' dir='ltr'>αἱμυλοπλόκος</span> <span class='ocrx_word' id='word_1_294' title='bbox 1043 4228 1072 4282; x_wconf 82' lang='grc' dir='ltr'>ὁ</span> <span class='ocrx_word' id='word_1_295' title='bbox 1111 4223 1280 4289; x_wconf 84' lang='grc' dir='ltr'>αὗτός.</span> 
     </span>
     <span class='ocr_line' id='line_1_42' title="bbox 1123 4347 1218 4405; baseline 0.032 -10"><span class='ocrx_word' id='word_1_296' title='bbox 1123 4347 1218 4405; x_wconf 87' lang='grc'>42.</span> 
     </span>
     <span class='ocr_line' id='line_1_43' title="bbox 465 4449 1718 4531; baseline -0.005 -18"><span class='ocrx_word' id='word_1_297' title='bbox 465 4459 624 4513; x_wconf 82' lang='lat' dir='ltr'><strong>Idem</strong></span> <span class='ocrx_word' id='word_1_298' title='bbox 651 4457 728 4511; x_wconf 88' lang='lat' dir='ltr'>ib.</span> <span class='ocrx_word' id='word_1_299' title='bbox 761 4477 820 4531; x_wconf 86' lang='lat' dir='ltr'>p.</span> <span class='ocrx_word' id='word_1_300' title='bbox 857 4456 1004 4527; x_wconf 87' lang='grc'>372,</span> <span class='ocrx_word' id='word_1_301' title='bbox 1051 4474 1116 4509; x_wconf 87' lang='grc'>10</span> <span class='ocrx_word' id='word_1_302' title='bbox 1151 4472 1166 4510; x_wconf 88' lang='lat'><strong>:</strong></span> <span class='ocrx_word' id='word_1_303' title='bbox 1196 4449 1410 4523; x_wconf 83' lang='grc' dir='ltr'>Ἄκουε,</span> <span class='ocrx_word' id='word_1_304' title='bbox 1437 4450 1578 4527; x_wconf 85' lang='grc' dir='ltr'>σίγα.</span> <span class='ocrx_word' id='word_1_305' title='bbox 1615 4452 1718 4528; x_wconf 89' lang='grc' dir='ltr'>Κρ.</span> 
     </span>
     <span class='ocr_line' id='line_1_44' title="bbox 485 4557 1955 4663; baseline -0.003 -26"><span class='ocrx_word' id='word_1_306' title='bbox 485 4562 712 4652; x_wconf 59' lang='lat' dir='ltr'><strong>Kaous,</strong></span> <span class='ocrx_word' id='word_1_307' title='bbox 753 4570 936 4663; x_wconf 83' lang='grc' dir='ltr'>σίγα,</span> <span class='ocrx_word' id='word_1_308' title='bbox 978 4568 1236 4663; x_wconf 71' lang='grc' dir='ltr'>πρόσεχε</span> <span class='ocrx_word' id='word_1_309' title='bbox 1278 4568 1385 4633; x_wconf 84' lang='grc' dir='ltr'>τὸν</span> <span class='ocrx_word' id='word_1_310' title='bbox 1425 4576 1595 4647; x_wconf 85' lang='grc' dir='ltr'>νοῦν,</span> <span class='ocrx_word' id='word_1_311' title='bbox 1624 4557 1779 4659; x_wconf 77' lang='grc' dir='ltr'>δεῦρ’</span> <span class='ocrx_word' id='word_1_312' title='bbox 1818 4560 1955 4658; x_wconf 68' lang='grc' dir='ltr'>ὅραί</span> 
     </span>
     <span class='ocr_line' id='line_1_45' title="bbox 389 4682 1962 4774; baseline -0.005 -18"><span class='ocrx_word' id='word_1_313' title='bbox 389 4702 458 4756; x_wconf 82' lang='lat' dir='ltr'>Et</span> <span class='ocrx_word' id='word_1_314' title='bbox 480 4719 541 4774; x_wconf 90' lang='lat' dir='ltr'><strong>p.</strong></span> <span class='ocrx_word' id='word_1_315' title='bbox 586 4698 735 4772; x_wconf 84' lang='grc'>369,</span> <span class='ocrx_word' id='word_1_316' title='bbox 767 4696 836 4753; x_wconf 86' lang='grc'>15</span> <span class='ocrx_word' id='word_1_317' title='bbox 865 4718 879 4753; x_wconf 86' lang='lat'>:</span> <span class='ocrx_word' id='word_1_318' title='bbox 913 4693 1126 4767; x_wconf 79' lang='grc' dir='ltr'>Ἄκουε,</span> <span class='ocrx_word' id='word_1_319' title='bbox 1165 4694 1308 4771; x_wconf 86' lang='grc' dir='ltr'>σίγα.</span> <span class='ocrx_word' id='word_1_320' title='bbox 1355 4696 1454 4773; x_wconf 87' lang='grc' dir='ltr'>Κρ.</span> <span class='ocrx_word' id='word_1_321' title='bbox 1487 4682 1593 4749; x_wconf 76' lang='grc' dir='ltr'>οἷον</span> <span class='ocrx_word' id='word_1_322' title='bbox 1630 4690 1785 4749; x_wconf 91' lang='grc' dir='ltr'>τόπον</span> <span class='ocrx_word' id='word_1_323' title='bbox 1819 4690 1962 4750; x_wconf 88' lang='grc' dir='ltr'>δίδου</span> 
     </span>
     <span class='ocr_line' id='line_1_46' title="bbox 387 4778 1956 4863; baseline -0.006 -19"><span class='ocrx_word' id='word_1_324' title='bbox 387 4786 474 4845; x_wconf 77' lang='grc' dir='ltr'>διὰ</span> <span class='ocrx_word' id='word_1_325' title='bbox 505 4789 598 4857; x_wconf 78' lang='grc' dir='ltr'>τῆς</span> <span class='ocrx_word' id='word_1_326' title='bbox 631 4789 779 4863; x_wconf 76' lang='grc' dir='ltr'>σιγῆς</span> <span class='ocrx_word' id='word_1_327' title='bbox 817 4789 883 4863; x_wconf 82' lang='grc' dir='ltr'>τῇ</span> <span class='ocrx_word' id='word_1_328' title='bbox 918 4786 1070 4862; x_wconf 80' lang='grc' dir='ltr'>ἀκοῇ.</span> <span class='ocrx_word' id='word_1_329' title='bbox 1123 4785 1321 4859; x_wconf 89' lang='lat' dir='ltr'><strong>Inepte</strong></span> <span class='ocrx_word' id='word_1_330' title='bbox 1349 4785 1462 4841; x_wconf 88' lang='lat' dir='ltr'>hoc</span> <span class='ocrx_word' id='word_1_331' title='bbox 1500 4785 1540 4841; x_wconf 85' lang='grc' dir='ltr'>Ι.</span> <span class='ocrx_word' id='word_1_332' title='bbox 1571 4782 1754 4839; x_wconf 86' lang='lat' dir='ltr'><strong>codex</strong></span> <span class='ocrx_word' id='word_1_333' title='bbox 1781 4778 1901 4839; x_wconf 78' lang='lat' dir='ltr'><strong>’&#39;Ax.</strong></span> <span class='ocrx_word' id='word_1_334' title='bbox 1944 4801 1956 4835; x_wconf 89' lang='lat'>:</span> 
     </span>
    </p>
   </div>
   <div class='ocr_carea' id='block_1_7' title="bbox 387 4867 1964 5044">
    <p class='ocr_par' dir='ltr' id='par_1_10' title="bbox 387 4867 1964 5044">
     <span class='ocr_line' id='line_1_47' title="bbox 387 4867 1961 4952; baseline -0.006 -18"><span class='ocrx_word' id='word_1_335' title='bbox 387 4874 503 4935; x_wconf 75' lang='grc' dir='ltr'>ἀντὶ</span> <span class='ocrx_word' id='word_1_336' title='bbox 529 4878 620 4934; x_wconf 76' lang='grc' dir='ltr'>τοῦ</span> <span class='ocrx_word' id='word_1_337' title='bbox 640 4875 780 4952; x_wconf 84' lang='grc' dir='ltr'>σίγα.</span> <span class='ocrx_word' id='word_1_338' title='bbox 807 4874 1155 4949; x_wconf 86' lang='lat' dir='ltr'><strong>Thesmoph.</strong></span> <span class='ocrx_word' id='word_1_339' title='bbox 1189 4874 1300 4928; x_wconf 86' lang='grc'>382</span> <span class='ocrx_word' id='word_1_340' title='bbox 1325 4890 1338 4930; x_wconf 90' lang='lat'>:</span> <span class='ocrx_word' id='word_1_341' title='bbox 1364 4867 1734 4947; x_wconf 86' lang='grc' dir='ltr'>Σίγα,-σιώπα</span> <span class='ocrx_word' id='word_1_342' title='bbox 1751 4913 1769 4943; x_wconf 91' lang='grc'>,</span> <span class='ocrx_word' id='word_1_343' title='bbox 1799 4868 1961 4947; x_wconf 86' lang='grc' dir='ltr'>πρόσ-</span> 
     </span>
     <span class='ocr_line' id='line_1_48' title="bbox 389 4958 1964 5044; baseline -0.009 -20"><span class='ocrx_word' id='word_1_344' title='bbox 389 4988 477 5044; x_wconf 81' lang='grc' dir='ltr'>εχε</span> <span class='ocrx_word' id='word_1_345' title='bbox 519 4963 606 5022; x_wconf 86' lang='grc' dir='ltr'>τὸν</span> <span class='ocrx_word' id='word_1_346' title='bbox 653 4966 789 5033; x_wconf 80' lang='grc' dir='ltr'>νοῦν,</span> <span class='ocrx_word' id='word_1_347' title='bbox 839 4980 1088 5036; x_wconf 89' lang='lat' dir='ltr'><strong>quorum</strong></span> <span class='ocrx_word' id='word_1_348' title='bbox 1151 4961 1367 5035; x_wconf 84' lang='lat' dir='ltr'><strong>singula</strong></span> <span class='ocrx_word' id='word_1_349' title='bbox 1419 4960 1649 5034; x_wconf 85' lang='lat' dir='ltr'><strong>singulis</strong></span> <span class='ocrx_word' id='word_1_350' title='bbox 1693 4958 1964 5014; x_wconf 82' lang='lat' dir='ltr'><strong>dicuntur</strong></span> 
     </span>
    </p>
   </div>
   <div class='ocr_carea' id='block_1_8' title="bbox 391 5129 1633 5285">
    <p class='ocr_par' dir='ltr' id='par_1_11' title="bbox 391 5129 1633 5285">
     <span class='ocr_line' id='line_1_49' title="bbox 1133 5129 1222 5178; baseline -0.011 0"><span class='ocrx_word' id='word_1_351' title='bbox 1133 5129 1222 5178; x_wconf 77' lang='lat'><strong>⁴2.</strong></span> 
     </span>
     <span class='ocr_line' id='line_1_50' title="bbox 391 5211 1633 5285; baseline -0.008 -12"><span class='ocrx_word' id='word_1_352' title='bbox 391 5215 564 5285; x_wconf 84' lang='lat' dir='ltr'><strong>Audi,</strong></span> <span class='ocrx_word' id='word_1_353' title='bbox 589 5218 685 5273; x_wconf 76' lang='lat' dir='ltr'><strong>silc</strong></span> <span class='ocrx_word' id='word_1_354' title='bbox 705 5224 724 5283; x_wconf 76' lang='grc'>,’</span> <span class='ocrx_word' id='word_1_355' title='bbox 749 5216 990 5272; x_wconf 72' lang='lat' dir='ltr'><strong>animum</strong></span> <span class='ocrx_word' id='word_1_356' title='bbox 1017 5211 1264 5280; x_wconf 77' lang='lat' dir='ltr'><strong>adverte,</strong></span> <span class='ocrx_word' id='word_1_357' title='bbox 1290 5212 1394 5267; x_wconf 79' lang='lat' dir='ltr'><strong>huc</strong></span> <span class='ocrx_word' id='word_1_358' title='bbox 1425 5214 1633 5283; x_wconf 74' lang='lat' dir='ltr'><strong>specta!</strong></span> 
     </span>
    </p>
   </div>
   <div class='ocr_carea' id='block_1_9' title="bbox 1369 393 2603 469">
    <p class='ocr_par' dir='ltr' id='par_1_12' title="bbox 1369 393 2603 469">
     <span class='ocr_line' id='line_1_51' title="bbox 1369 393 2603 469; baseline 0.003 -17"><span class='ocrx_word' id='word_1_359' title='bbox 1369 393 1776 454; x_wconf 81' lang='lat' dir='ltr'><strong>COMOEDIAE</strong></span> <span class='ocrx_word' id='word_1_360' title='bbox 1822 393 2145 454; x_wconf 83' lang='lat' dir='ltr'><strong>VETERIS</strong></span> <span class='ocrx_word' id='word_1_361' title='bbox 2187 393 2603 469; x_wconf 78' lang='lat' dir='ltr'><strong>RELIQmAE.</strong></span> 
     </span>
    </p>
   </div>
   <div class='ocr_carea' id='block_1_10' title="bbox 2040 527 3613 690">
    <p class='ocr_par' dir='ltr' id='par_1_13' title="bbox 2040 527 3613 690">
     <span class='ocr_line' id='line_1_52' title="bbox 2041 527 3613 606; baseline 0.005 -26"><span class='ocrx_word' id='word_1_362' title='bbox 2041 528 2417 601; x_wconf 86' lang='lat' dir='ltr'><strong>garrientibus</strong></span> <span class='ocrx_word' id='word_1_363' title='bbox 2448 547 2461 582; x_wconf 74' lang='grc' dir='ltr'>ε</span> <span class='ocrx_word' id='word_1_364' title='bbox 2495 547 2565 584; x_wconf 88' lang='lat' dir='ltr'>ne</span> <span class='ocrx_word' id='word_1_365' title='bbox 2588 529 2711 601; x_wconf 86' lang='lat' dir='ltr'><strong>quis</strong></span> <span class='ocrx_word' id='word_1_366' title='bbox 2739 527 3069 602; x_wconf 83' lang='grc' dir='ltr'>ταυτολογεῖν</span> <span class='ocrx_word' id='word_1_367' title='bbox 3088 541 3253 604; x_wconf 76' lang='lat' dir='ltr'><strong>putet</strong></span> <span class='ocrx_word' id='word_1_368' title='bbox 3276 532 3613 606; x_wconf 80' lang='lat' dir='ltr'><strong>Aristopha-</strong></span> 
     </span>
     <span class='ocr_line' id='line_1_53' title="bbox 2040 615 3085 690; baseline 0.005 -21"><span class='ocrx_word' id='word_1_369' title='bbox 2040 633 2200 684; x_wconf 88' lang='lat' dir='ltr'><strong>nem;</strong></span> <span class='ocrx_word' id='word_1_370' title='bbox 2232 626 2290 672; x_wconf 88' lang='lat' dir='ltr'>et</span> <span class='ocrx_word' id='word_1_371' title='bbox 2315 617 2571 672; x_wconf 84' lang='lat' dir='ltr'><strong>similiter</strong></span> <span class='ocrx_word' id='word_1_372' title='bbox 2596 615 2747 690; x_wconf 84' lang='lat' dir='ltr'><strong>apud</strong></span> <span class='ocrx_word' id='word_1_373' title='bbox 2771 617 3085 674; x_wconf 77' lang='lat' dir='ltr'><strong>Cratinum.</strong></span> 
     </span>
    </p>
   </div>
   <div class='ocr_carea' id='block_1_11' title="bbox 2042 727 3614 1006">
    <p class='ocr_par' dir='ltr' id='par_1_14' title="bbox 2042 727 3614 1006">
     <span class='ocr_line' id='line_1_54' title="bbox 2771 727 2881 802; baseline 0.009 -19"><span class='ocrx_word' id='word_1_374' title='bbox 2771 727 2881 802; x_wconf 67' lang='grc'>43.</span> 
     </span>
     <span class='ocr_line' id='line_1_55' title="bbox 2123 815 3614 920; baseline 0.003 -26"><span class='ocrx_word' id='word_1_375' title='bbox 2123 815 2285 894; x_wconf 85' lang='lat' dir='ltr'><strong>Idem</strong></span> <span class='ocrx_word' id='word_1_376' title='bbox 2312 839 2389 894; x_wconf 85' lang='lat' dir='ltr'><strong>ib.</strong></span> <span class='ocrx_word' id='word_1_377' title='bbox 2436 859 2493 913; x_wconf 89' lang='lat' dir='ltr'>p.</span> <span class='ocrx_word' id='word_1_378' title='bbox 2545 837 2696 910; x_wconf 86' lang='grc'>374,</span> <span class='ocrx_word' id='word_1_379' title='bbox 2736 857 2827 914; x_wconf 89' lang='grc'>19,</span> <span class='ocrx_word' id='word_1_380' title='bbox 2876 835 3159 906; x_wconf 79' lang='grc' dir='ltr'>Ἀλαζών</span> <span class='ocrx_word' id='word_1_381' title='bbox 3194 861 3207 894; x_wconf 89' lang='grc'>;</span> <span class='ocrx_word' id='word_1_382' title='bbox 3255 839 3614 920; x_wconf 73' lang='grc' dir='ltr'>ὑπερήφανος,</span> 
     </span>
     <span class='ocr_line' id='line_1_56' title="bbox 2042 922 3041 1006; baseline 0.005 -24"><span class='ocrx_word' id='word_1_383' title='bbox 2042 924 2269 1006; x_wconf 75' lang='grc' dir='ltr'>ψευστὴς</span> <span class='ocrx_word' id='word_1_384' title='bbox 2296 923 2387 982; x_wconf 80' lang='grc' dir='ltr'>καὶ</span> <span class='ocrx_word' id='word_1_385' title='bbox 2410 923 2743 1000; x_wconf 82' lang='grc' dir='ltr'>κομπαστής.</span> <span class='ocrx_word' id='word_1_386' title='bbox 2778 922 2914 983; x_wconf 78' lang='grc' dir='ltr'>οὕτω</span> <span class='ocrx_word' id='word_1_387' title='bbox 2940 927 3041 1004; x_wconf 89' lang='grc' dir='ltr'>Κρ.</span> 
     </span>
    </p>
   </div>
   <div class='ocr_carea' id='block_1_12' title="bbox 2779 1052 2874 1112">
    <p class='ocr_par' dir='ltr' id='par_1_15' title="bbox 2779 1052 2874 1112">
     <span class='ocr_line' id='line_1_57' title="bbox 2779 1052 2874 1112; baseline -0.053 1"><span class='ocrx_word' id='word_1_388' title='bbox 2779 1052 2874 1112; x_wconf 92' lang='grc'>44.</span> 
     </span>
    </p>
   </div>
   <div class='ocr_carea' id='block_1_13' title="bbox 2043 1155 3623 1422">
    <p class='ocr_par' dir='ltr' id='par_1_16' title="bbox 2043 1155 3623 1422">
     <span class='ocr_line' id='line_1_58' title="bbox 2122 1155 3620 1236; baseline 0.001 -22"><span class='ocrx_word' id='word_1_389' title='bbox 2122 1157 2345 1214; x_wconf 89' lang='lat' dir='ltr'><strong>Ibidem</strong></span> <span class='ocrx_word' id='word_1_390' title='bbox 2406 1178 2469 1233; x_wconf 91' lang='lat' dir='ltr'>p.</span> <span class='ocrx_word' id='word_1_391' title='bbox 2526 1164 2671 1228; x_wconf 89' lang='grc'>404,</span> <span class='ocrx_word' id='word_1_392' title='bbox 2735 1178 2847 1230; x_wconf 88' lang='grc'>12,</span> <span class='ocrx_word' id='word_1_393' title='bbox 2896 1155 3273 1236; x_wconf 84' lang='grc' dir='ltr'>Ἄνθρωπος</span> <span class='ocrx_word' id='word_1_394' title='bbox 3338 1160 3620 1230; x_wconf 87' lang='grc' dir='ltr'>λυπησί-</span> 
     </span>
     <span class='ocr_line' id='line_1_59' title="bbox 2043 1242 3623 1323; baseline 0.001 -20"><span class='ocrx_word' id='word_1_395' title='bbox 2043 1247 2237 1320; x_wconf 90' lang='grc' dir='ltr'>λογος</span> <span class='ocrx_word' id='word_1_396' title='bbox 2282 1267 2293 1301; x_wconf 87' lang='lat'>:</span> <span class='ocrx_word' id='word_1_397' title='bbox 2346 1244 2593 1320; x_wconf 77' lang='grc' dir='ltr'>σημαίνει</span> <span class='ocrx_word' id='word_1_398' title='bbox 2652 1242 2707 1302; x_wconf 84' lang='grc' dir='ltr'>δὲ</span> <span class='ocrx_word' id='word_1_399' title='bbox 2752 1248 2781 1302; x_wconf 79' lang='grc' dir='ltr'><strong>ὁ</strong></span> <span class='ocrx_word' id='word_1_400' title='bbox 2822 1245 3001 1303; x_wconf 79' lang='grc' dir='ltr'>λυπῶν</span> <span class='ocrx_word' id='word_1_401' title='bbox 3040 1245 3126 1304; x_wconf 76' lang='grc' dir='ltr'>διὰ</span> <span class='ocrx_word' id='word_1_402' title='bbox 3165 1251 3257 1305; x_wconf 79' lang='grc' dir='ltr'>τοῦ</span> <span class='ocrx_word' id='word_1_403' title='bbox 3292 1247 3465 1323; x_wconf 80' lang='grc' dir='ltr'>λέγειν</span> <span class='ocrx_word' id='word_1_404' title='bbox 3504 1247 3623 1312; x_wconf 80' lang='grc' dir='ltr'>τοὺς</span> 
     </span>
     <span class='ocr_line' id='line_1_60' title="bbox 2043 1335 2735 1422; baseline 0.001 -29"><span class='ocrx_word' id='word_1_405' title='bbox 2043 1335 2225 1422; x_wconf 77' lang='grc' dir='ltr'>πέλοις.</span> <span class='ocrx_word' id='word_1_406' title='bbox 2270 1336 2483 1394; x_wconf 82' lang='lat' dir='ltr'><strong>Eadem</strong></span> <span class='ocrx_word' id='word_1_407' title='bbox 2512 1335 2735 1394; x_wconf 82' lang='lat' dir='ltr'><strong>Suidas.</strong></span> 
     </span>
    </p>
   </div>
   <div class='ocr_carea' id='block_1_14' title="bbox 2784 1447 2878 1514">
    <p class='ocr_par' dir='ltr' id='par_1_17' title="bbox 2784 1447 2878 1514">
     <span class='ocr_line' id='line_1_61' title="bbox 2784 1447 2878 1514; baseline 0.021 -10"><span class='ocrx_word' id='word_1_408' title='bbox 2784 1447 2878 1514; x_wconf 88' lang='grc'>45.</span> 
     </span>
    </p>
   </div>
   <div class='ocr_carea' id='block_1_15' title="bbox 2050 1554 3617 1730">
    <p class='ocr_par' dir='ltr' id='par_1_18' title="bbox 2050 1554 3617 1730">
     <span class='ocr_line' id='line_1_62' title="bbox 2124 1554 3617 1640; baseline -0.001 -22"><span class='ocrx_word' id='word_1_409' title='bbox 2124 1562 2213 1620; x_wconf 88' lang='lat' dir='ltr'>lb.</span> <span class='ocrx_word' id='word_1_410' title='bbox 2246 1581 2307 1636; x_wconf 97' lang='grc' dir='ltr'>Ρ.</span> <span class='ocrx_word' id='word_1_411' title='bbox 2342 1561 2481 1632; x_wconf 85' lang='grc'>406,</span> <span class='ocrx_word' id='word_1_412' title='bbox 2522 1581 2615 1635; x_wconf 86' lang='grc'>11,</span> <span class='ocrx_word' id='word_1_413' title='bbox 2642 1554 2947 1638; x_wconf 78' lang='grc' dir='ltr'>Ἄνοργοι</span> <span class='ocrx_word' id='word_1_414' title='bbox 2980 1581 2995 1616; x_wconf 89' lang='lat'>:</span> <span class='ocrx_word' id='word_1_415' title='bbox 3028 1558 3143 1617; x_wconf 84' lang='grc' dir='ltr'>ἀντὶ</span> <span class='ocrx_word' id='word_1_416' title='bbox 3165 1564 3260 1618; x_wconf 77' lang='grc' dir='ltr'>τοῦ</span> <span class='ocrx_word' id='word_1_417' title='bbox 3286 1559 3408 1618; x_wconf 78' lang='grc' dir='ltr'>ἄνευ</span> <span class='ocrx_word' id='word_1_418' title='bbox 3436 1562 3617 1640; x_wconf 80' lang='grc' dir='ltr'>ὀργῆς.</span> 
     </span>
     <span class='ocr_line' id='line_1_63' title="bbox 2050 1645 3581 1730; baseline 0.001 -20"><span class='ocrx_word' id='word_1_419' title='bbox 2050 1651 2153 1730; x_wconf 84' lang='grc' dir='ltr'>Κρ.</span> <span class='ocrx_word' id='word_1_420' title='bbox 2188 1651 2383 1708; x_wconf 84' lang='lat' dir='ltr'><strong>Malim</strong></span> <span class='ocrx_word' id='word_1_421' title='bbox 2407 1645 2523 1707; x_wconf 78' lang='grc' dir='ltr'>ἀντὶ</span> <span class='ocrx_word' id='word_1_422' title='bbox 2550 1653 2643 1706; x_wconf 74' lang='grc' dir='ltr'>τοῦ</span> <span class='ocrx_word' id='word_1_423' title='bbox 2672 1651 2734 1709; x_wconf 77' lang='grc' dir='ltr'>οἱ</span> <span class='ocrx_word' id='word_1_424' title='bbox 2762 1647 2883 1706; x_wconf 81' lang='grc' dir='ltr'>ἄνευ</span> <span class='ocrx_word' id='word_1_425' title='bbox 2912 1649 3088 1728; x_wconf 72' lang='grc' dir='ltr'>ὀργῆς.</span> <span class='ocrx_word' id='word_1_426' title='bbox 3118 1651 3335 1708; x_wconf 80' lang='lat' dir='ltr'><strong>Eadem</strong></span> <span class='ocrx_word' id='word_1_427' title='bbox 3358 1652 3581 1711; x_wconf 81' lang='lat' dir='ltr'><strong>Suidas.</strong></span> 
     </span>
    </p>
   </div>
   <div class='ocr_carea' id='block_1_16' title="bbox 2784 1775 2875 1840">
    <p class='ocr_par' dir='ltr' id='par_1_19' title="bbox 2784 1775 2875 1840">
     <span class='ocr_line' id='line_1_64' title="bbox 2784 1775 2875 1840; baseline 0.011 -10"><span class='ocrx_word' id='word_1_428' title='bbox 2784 1775 2875 1840; x_wconf 90' lang='grc'>46.</span> 
     </span>
    </p>
   </div>
   <div class='ocr_carea' id='block_1_17' title="bbox 2048 1883 3629 2490">
    <p class='ocr_par' dir='ltr' id='par_1_20' title="bbox 2048 1883 3629 2490">
     <span class='ocr_line' id='line_1_65' title="bbox 2125 1883 3621 1964; baseline -0.001 -19"><span class='ocrx_word' id='word_1_429' title='bbox 2125 1890 2213 1945; x_wconf 85' lang='lat' dir='ltr'><strong>lb.</strong></span> <span class='ocrx_word' id='word_1_430' title='bbox 2246 1909 2307 1964; x_wconf 91' lang='lat' dir='ltr'>p.</span> <span class='ocrx_word' id='word_1_431' title='bbox 2351 1897 2487 1958; x_wconf 89' lang='grc'>410,</span> <span class='ocrx_word' id='word_1_432' title='bbox 2541 1889 2638 1958; x_wconf 76' lang='grc'>31,</span> <span class='ocrx_word' id='word_1_433' title='bbox 2686 1883 3226 1963; x_wconf 83' lang='grc' dir='ltr'>Ἀνταναγνῶναι</span> <span class='ocrx_word' id='word_1_434' title='bbox 3275 1908 3287 1942; x_wconf 90' lang='lat'>:</span> <span class='ocrx_word' id='word_1_435' title='bbox 3335 1885 3429 1944; x_wconf 83' lang='grc' dir='ltr'>οῦκ</span> <span class='ocrx_word' id='word_1_436' title='bbox 3459 1885 3621 1944; x_wconf 79' lang='grc' dir='ltr'>ἅντι-</span> 
     </span>
     <span class='ocr_line' id='line_1_66' title="bbox 2048 1972 3627 2056; baseline -0.001 -24"><span class='ocrx_word' id='word_1_437' title='bbox 2048 1972 2260 2033; x_wconf 73' lang='grc' dir='ltr'>ὅάλλειν</span> <span class='ocrx_word' id='word_1_438' title='bbox 2318 1974 2457 2056; x_wconf 87' lang='lat' dir='ltr'><strong>(leg.</strong></span> <span class='ocrx_word' id='word_1_439' title='bbox 2506 1973 2856 2050; x_wconf 75' lang='grc' dir='ltr'>ἀντιὸαλεῖν).</span> <span class='ocrx_word' id='word_1_440' title='bbox 2912 1972 3049 2031; x_wconf 75' lang='grc' dir='ltr'>οὕτω</span> <span class='ocrx_word' id='word_1_441' title='bbox 3098 1975 3203 2052; x_wconf 87' lang='grc' dir='ltr'>Κρ.</span> <span class='ocrx_word' id='word_1_442' title='bbox 3262 1972 3627 2049; x_wconf 85' lang='lat' dir='ltr'><strong>Phrynichus</strong></span> 
     </span>
     <span class='ocr_line' id='line_1_67' title="bbox 2048 2059 3627 2141; baseline -0.001 -21"><span class='ocrx_word' id='word_1_443' title='bbox 2048 2067 2229 2140; x_wconf 83' lang='lat' dir='ltr'><strong>Praep.</strong></span> <span class='ocrx_word' id='word_1_444' title='bbox 2257 2065 2433 2140; x_wconf 86' lang='lat' dir='ltr'><strong>Soph.</strong></span> <span class='ocrx_word' id='word_1_445' title='bbox 2462 2084 2524 2139; x_wconf 90' lang='lat' dir='ltr'>p.</span> <span class='ocrx_word' id='word_1_446' title='bbox 2564 2083 2663 2133; x_wconf 89' lang='grc'>27,</span> <span class='ocrx_word' id='word_1_447' title='bbox 2707 2083 2799 2137; x_wconf 90' lang='grc'>10,</span> <span class='ocrx_word' id='word_1_448' title='bbox 2832 2059 3244 2138; x_wconf 79' lang='grc' dir='ltr'>Ἀνταναγνῶναι</span> <span class='ocrx_word' id='word_1_449' title='bbox 3278 2083 3291 2117; x_wconf 91' lang='lat'><strong>:</strong></span> <span class='ocrx_word' id='word_1_450' title='bbox 3322 2061 3589 2141; x_wconf 77' lang='grc' dir='ltr'>χρήσιμον</span> <span class='ocrx_word' id='word_1_451' title='bbox 3608 2108 3627 2134; x_wconf 86' lang='grc'>,</span> 
     </span>
     <span class='ocr_line' id='line_1_68' title="bbox 2049 2141 3627 2230; baseline -0.001 -21"><span class='ocrx_word' id='word_1_452' title='bbox 2049 2141 2198 2230; x_wconf 71' lang='grc' dir='ltr'>(οἷον)</span> <span class='ocrx_word' id='word_1_453' title='bbox 2231 2152 2326 2209; x_wconf 80' lang='grc' dir='ltr'>οὐκ</span> <span class='ocrx_word' id='word_1_454' title='bbox 2356 2149 2652 2208; x_wconf 77' lang='grc' dir='ltr'>ἀντιὸαλεῖν</span> <span class='ocrx_word' id='word_1_455' title='bbox 2668 2189 2687 2222; x_wconf 88' lang='grc'>,</span> <span class='ocrx_word' id='word_1_456' title='bbox 2734 2147 2843 2207; x_wconf 79' lang='grc' dir='ltr'>οὐδ’</span> <span class='ocrx_word' id='word_1_457' title='bbox 2892 2147 3247 2213; x_wconf 77' lang='grc' dir='ltr'>ἀντεξετάσαι.</span> <span class='ocrx_word' id='word_1_458' title='bbox 3277 2175 3303 2202; x_wconf 71' lang='grc' dir='ltr'>ι</span> <span class='ocrx_word' id='word_1_459' title='bbox 3342 2155 3627 2227; x_wconf 83' lang='lat' dir='ltr'><strong>Apertum</strong></span> 
     </span>
     <span class='ocr_line' id='line_1_69' title="bbox 2048 2237 3629 2314; baseline -0.001 -19"><span class='ocrx_word' id='word_1_460' title='bbox 2048 2252 2165 2310; x_wconf 86' lang='lat' dir='ltr'><strong>est,</strong></span> <span class='ocrx_word' id='word_1_461' title='bbox 2193 2241 2307 2296; x_wconf 90' lang='lat' dir='ltr'>hoc</span> <span class='ocrx_word' id='word_1_462' title='bbox 2342 2240 2488 2295; x_wconf 81' lang='lat' dir='ltr'><strong>velle</strong></span> <span class='ocrx_word' id='word_1_463' title='bbox 2520 2239 2953 2313; x_wconf 82' lang='lat' dir='ltr'><strong>grammaticos,</strong></span> <span class='ocrx_word' id='word_1_464' title='bbox 3000 2237 3392 2314; x_wconf 81' lang='grc' dir='ltr'>ἀνταναγνῶναι</span> <span class='ocrx_word' id='word_1_465' title='bbox 3428 2238 3629 2294; x_wconf 84' lang='lat' dir='ltr'><strong>dicen·</strong></span> 
     </span>
     <span class='ocr_line' id='line_1_70' title="bbox 2050 2327 3623 2401; baseline -0.002 -19"><span class='ocrx_word' id='word_1_466' title='bbox 2050 2327 2186 2383; x_wconf 92' lang='lat' dir='ltr'><strong>dum</strong></span> <span class='ocrx_word' id='word_1_467' title='bbox 2226 2347 2341 2384; x_wconf 87' lang='lat' dir='ltr'><strong>esse</strong></span> <span class='ocrx_word' id='word_1_468' title='bbox 2386 2345 2551 2382; x_wconf 85' lang='lat' dir='ltr'><strong>sensu</strong></span> <span class='ocrx_word' id='word_1_469' title='bbox 2592 2327 2961 2401; x_wconf 77' lang='lat' dir='ltr'><strong>comparandi</strong></span> <span class='ocrx_word' id='word_1_470' title='bbox 2994 2327 3084 2382; x_wconf 80' lang='lat' dir='ltr'>vel</span> <span class='ocrx_word' id='word_1_471' title='bbox 3128 2328 3487 2400; x_wconf 70' lang='lat' dir='ltr'><strong>explorandi.</strong></span> <span class='ocrx_word' id='word_1_472' title='bbox 3533 2327 3623 2382; x_wconf 81' lang='lat' dir='ltr'>Cf.</span> 
     </span>
     <span class='ocr_line' id='line_1_71' title="bbox 2048 2413 3456 2490; baseline 0.001 -19"><span class='ocrx_word' id='word_1_473' title='bbox 2048 2417 2355 2490; x_wconf 80' lang='lat' dir='ltr'><strong>Phrynichi</strong></span> <span class='ocrx_word' id='word_1_474' title='bbox 2384 2417 2501 2474; x_wconf 87' lang='lat' dir='ltr'><strong>Ecl.</strong></span> <span class='ocrx_word' id='word_1_475' title='bbox 2534 2434 2595 2490; x_wconf 91' lang='lat' dir='ltr'>p.</span> <span class='ocrx_word' id='word_1_476' title='bbox 2625 2434 2763 2487; x_wconf 86' lang='grc'>217,</span> <span class='ocrx_word' id='word_1_477' title='bbox 2790 2414 2987 2488; x_wconf 86' lang='lat' dir='ltr'><strong>ibique</strong></span> <span class='ocrx_word' id='word_1_478' title='bbox 3009 2413 3264 2471; x_wconf 84' lang='lat' dir='ltr'><strong>Lobeck.</strong></span> <span class='ocrx_word' id='word_1_479' title='bbox 3304 2437 3330 2464; x_wconf 69' lang='grc' dir='ltr'><strong>υ</strong></span> <span class='ocrx_word' id='word_1_480' title='bbox 3362 2417 3456 2472; x_wconf 80' lang='grc' dir='ltr'>Μ.</span> 
     </span>
    </p>
   </div>
   <div class='ocr_carea' id='block_1_18' title="bbox 2792 2543 2887 2608">
    <p class='ocr_par' dir='ltr' id='par_1_21' title="bbox 2792 2543 2887 2608">
     <span class='ocr_line' id='line_1_72' title="bbox 2792 2543 2887 2608; baseline -0.063 -6"><span class='ocrx_word' id='word_1_481' title='bbox 2792 2543 2887 2608; x_wconf 84' lang='grc'>47.</span> 
     </span>
    </p>
   </div>
   <div class='ocr_carea' id='block_1_19' title="bbox 2050 2645 3627 2886">
    <p class='ocr_par' dir='ltr' id='par_1_22' title="bbox 2050 2645 3627 2886">
     <span class='ocr_line' id='line_1_73' title="bbox 2130 2645 3627 2727; baseline -0.001 -19"><span class='ocrx_word' id='word_1_482' title='bbox 2130 2653 2221 2708; x_wconf 83' lang='grc'>11).</span> <span class='ocrx_word' id='word_1_483' title='bbox 2254 2673 2314 2727; x_wconf 83' lang='grc' dir='ltr'>Ρ.</span> <span class='ocrx_word' id='word_1_484' title='bbox 2353 2649 2493 2722; x_wconf 92' lang='grc'>415,</span> <span class='ocrx_word' id='word_1_485' title='bbox 2546 2671 2601 2722; x_wconf 84' lang='grc'>1,</span> <span class='ocrx_word' id='word_1_486' title='bbox 2647 2645 3107 2716; x_wconf 73' lang='grc' dir='ltr'>Ἀπαλλάξαςτ</span> <span class='ocrx_word' id='word_1_487' title='bbox 3151 2647 3263 2706; x_wconf 76' lang='grc' dir='ltr'>ἀντὶ</span> <span class='ocrx_word' id='word_1_488' title='bbox 3302 2653 3393 2706; x_wconf 74' lang='grc' dir='ltr'>τοῦ</span> <span class='ocrx_word' id='word_1_489' title='bbox 3435 2649 3627 2714; x_wconf 76' lang='grc' dir='ltr'>πείσας</span> 
     </span>
     <span class='ocr_line' id='line_1_74' title="bbox 2052 2735 3625 2818; baseline -0.002 -22"><span class='ocrx_word' id='word_1_490' title='bbox 2052 2741 2370 2809; x_wconf 74' lang='grc' dir='ltr'>ἀποστῆναι.</span> <span class='ocrx_word' id='word_1_491' title='bbox 2418 2741 2524 2818; x_wconf 84' lang='grc' dir='ltr'>Κρ.</span> <span class='ocrx_word' id='word_1_492' title='bbox 2569 2736 2660 2795; x_wconf 81' lang='grc' dir='ltr'>καὶ</span> <span class='ocrx_word' id='word_1_493' title='bbox 2704 2735 3042 2814; x_wconf 81' lang='grc' dir='ltr'>Δημοσθένης</span> <span class='ocrx_word' id='word_1_494' title='bbox 3082 2735 3172 2794; x_wconf 82' lang='grc' dir='ltr'>καὶ</span> <span class='ocrx_word' id='word_1_495' title='bbox 3200 2736 3367 2796; x_wconf 80' lang='grc' dir='ltr'>ἄλλοι.</span> <span class='ocrx_word' id='word_1_496' title='bbox 3410 2739 3625 2795; x_wconf 85' lang='lat' dir='ltr'><strong>Eadem</strong></span> 
     </span>
     <span class='ocr_line' id='line_1_75' title="bbox 2050 2829 3297 2886; baseline -0.003 0"><span class='ocrx_word' id='word_1_497' title='bbox 2050 2829 2249 2886; x_wconf 83' lang='lat' dir='ltr'><strong>Snidas</strong></span> <span class='ocrx_word' id='word_1_498' title='bbox 2270 2840 2327 2886; x_wconf 86' lang='lat' dir='ltr'>et</span> <span class='ocrx_word' id='word_1_499' title='bbox 2353 2831 2619 2886; x_wconf 84' lang='lat' dir='ltr'><strong>Zonaras.</strong></span> <span class='ocrx_word' id='word_1_500' title='bbox 3289 2831 3297 2840; x_wconf 87' lang='lat'><strong>‘</strong></span> 
     </span>
    </p>
   </div>
   <div class='ocr_carea' id='block_1_20' title="bbox 2789 2940 2887 3005">
    <p class='ocr_par' dir='ltr' id='par_1_23' title="bbox 2789 2940 2887 3005">
     <span class='ocr_line' id='line_1_76' title="bbox 2789 2940 2887 3005; baseline -0.041 -2"><span class='ocrx_word' id='word_1_501' title='bbox 2789 2940 2887 3005; x_wconf 90' lang='grc'>48.</span> 
     </span>
    </p>
   </div>
   <div class='ocr_carea' id='block_1_21' title="bbox 2052 3052 3630 3222">
    <p class='ocr_par' dir='ltr' id='par_1_24' title="bbox 2052 3052 3630 3222">
     <span class='ocr_line' id='line_1_77' title="bbox 2130 3052 3630 3133; baseline 0 -21"><span class='ocrx_word' id='word_1_502' title='bbox 2130 3058 2215 3115; x_wconf 84' lang='lat' dir='ltr'><strong>lb.</strong></span> <span class='ocrx_word' id='word_1_503' title='bbox 2256 3076 2318 3133; x_wconf 90' lang='lat' dir='ltr'>p.</span> <span class='ocrx_word' id='word_1_504' title='bbox 2356 3058 2506 3128; x_wconf 86' lang='grc'>428,</span> <span class='ocrx_word' id='word_1_505' title='bbox 2542 3076 2638 3127; x_wconf 87' lang='grc'>17,</span> <span class='ocrx_word' id='word_1_506' title='bbox 2683 3052 3123 3111; x_wconf 79' lang='grc' dir='ltr'>Ἀποκεῗσθαι</span> <span class='ocrx_word' id='word_1_507' title='bbox 3166 3052 3397 3133; x_wconf 87' lang='grc' dir='ltr'>πόρρω</span> <span class='ocrx_word' id='word_1_508' title='bbox 3443 3076 3457 3111; x_wconf 88' lang='lat'>:</span> <span class='ocrx_word' id='word_1_509' title='bbox 3512 3057 3630 3114; x_wconf 78' lang='grc' dir='ltr'>ἅτι-</span> 
     </span>
     <span class='ocr_line' id='line_1_78' title="bbox 2052 3140 3177 3222; baseline -0.002 -21"><span class='ocrx_word' id='word_1_510' title='bbox 2052 3143 2329 3219; x_wconf 83' lang='grc' dir='ltr'>μάζεσθαι.</span> <span class='ocrx_word' id='word_1_511' title='bbox 2362 3142 2497 3202; x_wconf 77' lang='grc' dir='ltr'>οὕτω</span> <span class='ocrx_word' id='word_1_512' title='bbox 2526 3144 2631 3222; x_wconf 87' lang='grc' dir='ltr'>Κρ.</span> <span class='ocrx_word' id='word_1_513' title='bbox 2665 3140 2872 3199; x_wconf 86' lang='lat' dir='ltr'><strong>Eadem</strong></span> <span class='ocrx_word' id='word_1_514' title='bbox 2909 3144 3177 3199; x_wconf 85' lang='lat' dir='ltr'><strong>Zonaras.</strong></span> 
     </span>
    </p>
   </div>
   <div class='ocr_carea' id='block_1_22' title="bbox 2048 3364 3629 3710">
    <p class='ocr_par' dir='ltr' id='par_1_25' title="bbox 2048 3364 3629 3710">
     <span class='ocr_line' id='line_1_79' title="bbox 2128 3364 3629 3444; baseline 0.001 -21"><span class='ocrx_word' id='word_1_515' title='bbox 2128 3369 2217 3427; x_wconf 87' lang='lat' dir='ltr'><strong>lb.</strong></span> <span class='ocrx_word' id='word_1_516' title='bbox 2262 3389 2323 3443; x_wconf 89' lang='lat' dir='ltr'>p.</span> <span class='ocrx_word' id='word_1_517' title='bbox 2356 3368 2493 3443; x_wconf 82' lang='grc'>430,</span> <span class='ocrx_word' id='word_1_518' title='bbox 2530 3369 2588 3437; x_wconf 87' lang='grc'>3,</span> <span class='ocrx_word' id='word_1_519' title='bbox 2614 3375 2639 3401; x_wconf 75' lang='lat'><strong>*</strong></span> <span class='ocrx_word' id='word_1_520' title='bbox 2672 3364 3116 3444; x_wconf 84' lang='grc' dir='ltr'>Ἀποκριπάμενος</span> <span class='ocrx_word' id='word_1_521' title='bbox 3164 3384 3179 3425; x_wconf 90' lang='lat'><strong>:</strong></span> <span class='ocrx_word' id='word_1_522' title='bbox 3225 3366 3629 3441; x_wconf 77' lang='grc' dir='ltr'>ἅποσπεισάμε-</span> 
     </span>
     <span class='ocr_line' id='line_1_80' title="bbox 2048 3452 3629 3535; baseline 0.001 -24"><span class='ocrx_word' id='word_1_523' title='bbox 2048 3476 2150 3521; x_wconf 91' lang='grc' dir='ltr'>νος.</span> <span class='ocrx_word' id='word_1_524' title='bbox 2182 3452 2317 3513; x_wconf 77' lang='grc' dir='ltr'>οὕτω</span> <span class='ocrx_word' id='word_1_525' title='bbox 2343 3458 2441 3534; x_wconf 89' lang='grc' dir='ltr'>Κρ.</span> <span class='ocrx_word' id='word_1_526' title='bbox 2471 3455 2675 3532; x_wconf 81' lang='lat' dir='ltr'><strong>Bergk.</strong></span> <span class='ocrx_word' id='word_1_527' title='bbox 2711 3457 3050 3513; x_wconf 87' lang='lat' dir='ltr'><strong>Commentt.</strong></span> <span class='ocrx_word' id='word_1_528' title='bbox 3090 3474 3147 3530; x_wconf 92' lang='lat' dir='ltr'>p.</span> <span class='ocrx_word' id='word_1_529' title='bbox 3178 3454 3294 3511; x_wconf 87' lang='grc'>258</span> <span class='ocrx_word' id='word_1_530' title='bbox 3318 3452 3629 3535; x_wconf 81' lang='grc' dir='ltr'>Ἀποκρινά·</span> 
     </span>
     <span class='ocr_line' id='line_1_81' title="bbox 2051 3540 3629 3619; baseline -0.001 -18"><span class='ocrx_word' id='word_1_531' title='bbox 2051 3565 2202 3619; x_wconf 88' lang='grc' dir='ltr'>μενος</span> <span class='ocrx_word' id='word_1_532' title='bbox 2236 3566 2247 3599; x_wconf 91' lang='lat'>:</span> <span class='ocrx_word' id='word_1_533' title='bbox 2306 3542 2737 3619; x_wconf 82' lang='grc' dir='ltr'>ἀποσεισάμενος.</span> <span class='ocrx_word' id='word_1_534' title='bbox 2786 3543 2899 3599; x_wconf 88' lang='lat' dir='ltr'><strong>Sed</strong></span> <span class='ocrx_word' id='word_1_535' title='bbox 2941 3540 3053 3598; x_wconf 88' lang='lat' dir='ltr'>hoc</span> <span class='ocrx_word' id='word_1_536' title='bbox 3102 3543 3380 3614; x_wconf 84' lang='lat' dir='ltr'><strong>alienum,</strong></span> <span class='ocrx_word' id='word_1_537' title='bbox 3424 3556 3629 3619; x_wconf 83' lang='lat' dir='ltr'><strong>aptum</strong></span> 
     </span>
     <span class='ocr_line' id='line_1_82' title="bbox 2049 3628 3627 3710; baseline -0.001 -22"><span class='ocrx_word' id='word_1_538' title='bbox 2049 3652 2112 3688; x_wconf 84' lang='lat' dir='ltr'><strong>ac</strong></span> <span class='ocrx_word' id='word_1_539' title='bbox 2139 3634 2441 3689; x_wconf 83' lang='lat' dir='ltr'><strong>verisimile</strong></span> <span class='ocrx_word' id='word_1_540' title='bbox 2468 3628 2665 3690; x_wconf 82' lang='grc' dir='ltr'>Ἀποκ</span> <span class='ocrx_word' id='word_1_541' title='bbox 2683 3628 2882 3710; x_wconf 89' lang='grc' dir='ltr'>ρουσά</span> <span class='ocrx_word' id='word_1_542' title='bbox 2898 3651 3091 3706; x_wconf 84' lang='grc' dir='ltr'>μενος</span> <span class='ocrx_word' id='word_1_543' title='bbox 3128 3650 3143 3685; x_wconf 88' lang='lat'>:</span> <span class='ocrx_word' id='word_1_544' title='bbox 3185 3630 3627 3707; x_wconf 77' lang='grc' dir='ltr'>ἀποσεισάμενος,</span> 
     </span>
    </p>
   </div>
   <div class='ocr_carea' id='block_1_23' title="bbox 2131 3740 3622 3933">
    <p class='ocr_par' dir='ltr' id='par_1_26' title="bbox 2131 3740 3622 3933">
     <span class='ocr_line' id='line_1_83' title="bbox 2791 3740 2886 3801; baseline 0.042 -4"><span class='ocrx_word' id='word_1_545' title='bbox 2791 3740 2886 3801; x_wconf 85' lang='grc'>50.</span> 
     </span>
     <span class='ocr_line' id='line_1_84' title="bbox 2131 3852 3622 3933; baseline -0.005 -18"><span class='ocrx_word' id='word_1_546' title='bbox 2131 3858 2221 3916; x_wconf 93' lang='lat' dir='ltr'>Ib.</span> <span class='ocrx_word' id='word_1_547' title='bbox 2254 3877 2315 3932; x_wconf 90' lang='lat' dir='ltr'>p.</span> <span class='ocrx_word' id='word_1_548' title='bbox 2353 3858 2501 3925; x_wconf 74' lang='lat'>433,</span> <span class='ocrx_word' id='word_1_549' title='bbox 2540 3875 2639 3926; x_wconf 88' lang='grc'>21,</span> <span class='ocrx_word' id='word_1_550' title='bbox 2682 3854 2994 3932; x_wconf 83' lang='grc' dir='ltr'>Ἀπορεῖν</span> <span class='ocrx_word' id='word_1_551' title='bbox 3022 3852 3139 3911; x_wconf 80' lang='grc' dir='ltr'>καὶ</span> <span class='ocrx_word' id='word_1_552' title='bbox 3180 3852 3622 3933; x_wconf 83' lang='grc' dir='ltr'>σφακελίζειν</span> 
     </span>
    </p>
   </div>
   <div class='ocr_carea' id='block_1_24' title="bbox 2048 3940 3634 4197">
    <p class='ocr_par' dir='ltr' id='par_1_27' title="bbox 2048 3940 3634 4197">
     <span class='ocr_line' id='line_1_85' title="bbox 2050 3940 3632 4023; baseline 0 -24"><span class='ocrx_word' id='word_1_553' title='bbox 2050 3944 2136 4022; x_wconf 77' lang='grc' dir='ltr'>τῷ</span> <span class='ocrx_word' id='word_1_554' title='bbox 2179 3942 2375 4023; x_wconf 77' lang='grc' dir='ltr'>δεινῷ</span> <span class='ocrx_word' id='word_1_555' title='bbox 2418 3965 2433 4000; x_wconf 85' lang='lat'>:</span> <span class='ocrx_word' id='word_1_556' title='bbox 2462 3941 2520 4000; x_wconf 84' lang='grc' dir='ltr'>τὸ</span> <span class='ocrx_word' id='word_1_557' title='bbox 2550 3941 2645 4019; x_wconf 82' lang='grc' dir='ltr'>μὲν</span> <span class='ocrx_word' id='word_1_558' title='bbox 2674 3942 3002 4022; x_wconf 77' lang='grc' dir='ltr'>σφακελίζειν</span> <span class='ocrx_word' id='word_1_559' title='bbox 3026 3940 3363 4021; x_wconf 80' lang='grc' dir='ltr'>φλεγμαίνειν</span> <span class='ocrx_word' id='word_1_560' title='bbox 3394 3940 3509 3998; x_wconf 80' lang='grc' dir='ltr'>ἐστὶ</span> <span class='ocrx_word' id='word_1_561' title='bbox 3537 3942 3632 3999; x_wconf 75' lang='grc' dir='ltr'>καὶ</span> 
     </span>
     <span class='ocr_line' id='line_1_86' title="bbox 2050 4028 3634 4110; baseline 0 -23"><span class='ocrx_word' id='word_1_562' title='bbox 2050 4030 2135 4087; x_wconf 80' lang='grc' dir='ltr'>διὰ</span> <span class='ocrx_word' id='word_1_563' title='bbox 2164 4035 2317 4089; x_wconf 76' lang='grc' dir='ltr'>τοῦτο</span> <span class='ocrx_word' id='word_1_564' title='bbox 2344 4034 2598 4092; x_wconf 75' lang='grc' dir='ltr'>σπᾶσθαι.</span> <span class='ocrx_word' id='word_1_565' title='bbox 2636 4032 2741 4110; x_wconf 89' lang='grc' dir='ltr'>Κρ.</span> <span class='ocrx_word' id='word_1_566' title='bbox 2776 4028 3045 4089; x_wconf 83' lang='lat' dir='ltr'><strong>Similiter</strong></span> <span class='ocrx_word' id='word_1_567' title='bbox 3070 4030 3290 4088; x_wconf 70' lang='lat' dir='ltr'><strong>SuidaS.</strong></span> <span class='ocrx_word' id='word_1_568' title='bbox 3330 4032 3441 4087; x_wconf 85' lang='lat' dir='ltr'>Pro</span> <span class='ocrx_word' id='word_1_569' title='bbox 3476 4030 3634 4108; x_wconf 76' lang='grc' dir='ltr'>δεινῷ</span> 
     </span>
     <span class='ocr_line' id='line_1_87' title="bbox 2048 4117 3087 4197; baseline -0.001 -19"><span class='ocrx_word' id='word_1_570' title='bbox 2048 4122 2319 4197; x_wconf 84' lang='lat' dir='ltr'><strong>Bergkius</strong></span> <span class='ocrx_word' id='word_1_571' title='bbox 2340 4124 2677 4181; x_wconf 88' lang='lat' dir='ltr'><strong>Commentt.</strong></span> <span class='ocrx_word' id='word_1_572' title='bbox 2706 4142 2765 4197; x_wconf 94' lang='grc' dir='ltr'>Ρ.</span> <span class='ocrx_word' id='word_1_573' title='bbox 2800 4118 2915 4177; x_wconf 87' lang='grc'>258</span> <span class='ocrx_word' id='word_1_574' title='bbox 2946 4117 3087 4197; x_wconf 83' lang='grc' dir='ltr'>δίνῳ.</span> 
     </span>
    </p>
   </div>
   <div class='ocr_carea' id='block_1_25' title="bbox 2790 4230 2882 4289">
    <p class='ocr_par' dir='ltr' id='par_1_28' title="bbox 2790 4230 2882 4289">
     <span class='ocr_line' id='line_1_88' title="bbox 2790 4230 2882 4289; baseline -0.033 0"><span class='ocrx_word' id='word_1_575' title='bbox 2790 4230 2882 4289; x_wconf 87' lang='grc'>51.</span> 
     </span>
    </p>
   </div>
   <div class='ocr_carea' id='block_1_26' title="bbox 2048 4343 3639 5031">
    <p class='ocr_par' dir='ltr' id='par_1_29' title="bbox 2048 4343 3639 5031">
     <span class='ocr_line' id='line_1_89' title="bbox 2076 4343 3631 4419; baseline -0.001 -18"><span class='ocrx_word' id='word_1_576' title='bbox 2076 4414 2081 4419; x_wconf 23' lang='lat'>⁸</span> <span class='ocrx_word' id='word_1_577' title='bbox 2128 4344 2541 4401; x_wconf 83' lang='lat' dir='ltr'><strong>Grammaticus</strong></span> <span class='ocrx_word' id='word_1_578' title='bbox 2564 4344 2673 4403; x_wconf 82' lang='lat' dir='ltr'><strong>Ms.</strong></span> <span class='ocrx_word' id='word_1_579' title='bbox 2698 4344 2851 4419; x_wconf 85' lang='lat' dir='ltr'><strong>apud</strong></span> <span class='ocrx_word' id='word_1_580' title='bbox 2868 4344 2935 4402; x_wconf 92' lang='lat' dir='ltr'>G.</span> <span class='ocrx_word' id='word_1_581' title='bbox 2968 4345 3356 4398; x_wconf 72' lang='lat' dir='ltr'><strong>Her-mannum</strong></span> <span class='ocrx_word' id='word_1_582' title='bbox 3383 4343 3631 4400; x_wconf 78' lang='lat' dir='ltr'><strong>Dissert.</strong></span> 
     </span>
     <span class='ocr_line' id='line_1_90' title="bbox 2049 4428 3633 4511; baseline -0.001 -25"><span class='ocrx_word' id='word_1_583' title='bbox 2049 4432 2123 4487; x_wconf 89' lang='lat' dir='ltr'>de</span> <span class='ocrx_word' id='word_1_584' title='bbox 2160 4432 2406 4505; x_wconf 82' lang='lat' dir='ltr'><strong>AEschyli</strong></span> <span class='ocrx_word' id='word_1_585' title='bbox 2448 4431 2635 4489; x_wconf 88' lang='lat' dir='ltr'><strong>Niobe</strong></span> <span class='ocrx_word' id='word_1_586' title='bbox 2676 4450 2735 4505; x_wconf 89' lang='lat' dir='ltr'>p.</span> <span class='ocrx_word' id='word_1_587' title='bbox 2774 4430 2809 4485; x_wconf 88' lang='grc'>6</span> <span class='ocrx_word' id='word_1_588' title='bbox 2842 4428 3087 4511; x_wconf 87' lang='lat' dir='ltr'><strong>(Opusc.</strong></span> <span class='ocrx_word' id='word_1_589' title='bbox 3114 4432 3229 4486; x_wconf 86' lang='lat' dir='ltr'><strong>vol.</strong></span> <span class='ocrx_word' id='word_1_590' title='bbox 3272 4430 3325 4499; x_wconf 85' lang='lat'>3,</span> <span class='ocrx_word' id='word_1_591' title='bbox 3366 4448 3424 4503; x_wconf 87' lang='lat' dir='ltr'>p.</span> <span class='ocrx_word' id='word_1_592' title='bbox 3473 4433 3581 4504; x_wconf 76' lang='grc'>40)</span> <span class='ocrx_word' id='word_1_593' title='bbox 3620 4447 3633 4485; x_wconf 91' lang='lat'>:</span> 
     </span>
     <span class='ocr_line' id='line_1_91' title="bbox 2049 4512 3637 4595; baseline -0.003 -22"><span class='ocrx_word' id='word_1_594' title='bbox 2049 4514 2185 4573; x_wconf 83' lang='grc' dir='ltr'>ἔοικε</span> <span class='ocrx_word' id='word_1_595' title='bbox 2229 4516 2291 4572; x_wconf 83' lang='grc' dir='ltr'>τὸ</span> <span class='ocrx_word' id='word_1_596' title='bbox 2326 4516 2733 4594; x_wconf 79' lang='grc' dir='ltr'>φενακίζειν,</span> <span class='ocrx_word' id='word_1_597' title='bbox 2776 4514 2867 4573; x_wconf 80' lang='grc' dir='ltr'>καὶ</span> <span class='ocrx_word' id='word_1_598' title='bbox 2894 4518 2928 4586; x_wconf 83' lang='grc' dir='ltr'>ἡ</span> <span class='ocrx_word' id='word_1_599' title='bbox 2968 4514 3222 4595; x_wconf 76' lang='grc' dir='ltr'>φενάκη</span> <span class='ocrx_word' id='word_1_600' title='bbox 3264 4512 3371 4570; x_wconf 80' lang='grc' dir='ltr'>ἀπὸ</span> <span class='ocrx_word' id='word_1_601' title='bbox 3397 4517 3491 4571; x_wconf 75' lang='grc' dir='ltr'>τοῦ</span> <span class='ocrx_word' id='word_1_602' title='bbox 3522 4536 3637 4582; x_wconf 75' lang='grc' dir='ltr'>πη-</span> 
     </span>
     <span class='ocr_line' id='line_1_92' title="bbox 2048 4598 3637 4682; baseline -0.002 -21"><span class='ocrx_word' id='word_1_603' title='bbox 2048 4604 2255 4672; x_wconf 85' lang='grc' dir='ltr'>νικίζειν</span> <span class='ocrx_word' id='word_1_604' title='bbox 2279 4603 2370 4662; x_wconf 76' lang='grc' dir='ltr'>καὶ</span> <span class='ocrx_word' id='word_1_605' title='bbox 2397 4608 2489 4675; x_wconf 70' lang='grc' dir='ltr'>τῆς</span> <span class='ocrx_word' id='word_1_606' title='bbox 2511 4604 2735 4675; x_wconf 88' lang='grc' dir='ltr'>πηνίκης</span> <span class='ocrx_word' id='word_1_607' title='bbox 2761 4603 3123 4682; x_wconf 84' lang='grc' dir='ltr'>γίγνεσθαι,...</span> <span class='ocrx_word' id='word_1_608' title='bbox 3150 4602 3242 4659; x_wconf 88' lang='grc' dir='ltr'>καὶ</span> <span class='ocrx_word' id='word_1_609' title='bbox 3272 4603 3429 4672; x_wconf 76' lang='grc' dir='ltr'>δῆλον</span> <span class='ocrx_word' id='word_1_610' title='bbox 3458 4598 3543 4657; x_wconf 76' lang='grc' dir='ltr'>ὅτι</span> <span class='ocrx_word' id='word_1_611' title='bbox 3584 4603 3637 4658; x_wconf 80' lang='grc' dir='ltr'>οἷ</span> 
     </span>
     <span class='ocr_line' id='line_1_93' title="bbox 2049 4687 3631 4770; baseline -0.003 -21"><span class='ocrx_word' id='word_1_612' title='bbox 2049 4692 2387 4770; x_wconf 88' lang='grc' dir='ltr'>παλαιότεροι</span> <span class='ocrx_word' id='word_1_613' title='bbox 2427 4692 2652 4769; x_wconf 80' lang='grc' dir='ltr'>κωμικοὶ</span> <span class='ocrx_word' id='word_1_614' title='bbox 2691 4692 2917 4763; x_wconf 90' lang='grc' dir='ltr'>πηνίκην</span> <span class='ocrx_word' id='word_1_615' title='bbox 2958 4690 3048 4748; x_wconf 82' lang='grc' dir='ltr'>καὶ</span> <span class='ocrx_word' id='word_1_616' title='bbox 3088 4690 3371 4759; x_wconf 81' lang='grc' dir='ltr'>πηνικίζειν</span> <span class='ocrx_word' id='word_1_617' title='bbox 3422 4687 3631 4765; x_wconf 82' lang='grc' dir='ltr'>ἔλεγον.</span> 
     </span>
     <span class='ocr_line' id='line_1_94' title="bbox 2054 4774 3637 4859; baseline -0.005 -20"><span class='ocrx_word' id='word_1_618' title='bbox 2054 4783 2161 4857; x_wconf 83' lang='grc' dir='ltr'>Κρ.</span> <span class='ocrx_word' id='word_1_619' title='bbox 2201 4804 2225 4831; x_wconf 71' lang='grc' dir='ltr'><strong>α</strong></span> <span class='ocrx_word' id='word_1_620' title='bbox 2256 4779 2597 4859; x_wconf 76' lang='grc' dir='ltr'>Πονηροὺς</span> <span class='ocrx_word' id='word_1_621' title='bbox 2639 4776 3035 4858; x_wconf 80' lang='grc' dir='ltr'>ἀνθρώπους</span> <span class='ocrx_word' id='word_1_622' title='bbox 3067 4776 3451 4848; x_wconf 78' lang='grc' dir='ltr'>πηνικίζων</span> <span class='ocrx_word' id='word_1_623' title='bbox 3484 4774 3637 4841; x_wconf 77' lang='grc' dir='ltr'>ἐξα·</span> 
     </span>
     <span class='ocr_line' id='line_1_95' title="bbox 2052 4862 3639 4947; baseline -0.004 -22"><span class='ocrx_word' id='word_1_624' title='bbox 2052 4876 2218 4947; x_wconf 76' lang='grc' dir='ltr'>πατᾷ.</span> <span class='ocrx_word' id='word_1_625' title='bbox 2268 4894 2291 4919; x_wconf 70' lang='lat' dir='ltr'><strong>n</strong></span> <span class='ocrx_word' id='word_1_626' title='bbox 2343 4868 2553 4945; x_wconf 76' lang='grc' dir='ltr'>λέγεται</span> <span class='ocrx_word' id='word_1_627' title='bbox 2590 4867 2645 4925; x_wconf 82' lang='grc' dir='ltr'>δὲ</span> <span class='ocrx_word' id='word_1_628' title='bbox 2686 4867 2884 4939; x_wconf 87' lang='grc' dir='ltr'>πηνίκη</span> <span class='ocrx_word' id='word_1_629' title='bbox 2924 4870 2959 4937; x_wconf 80' lang='grc' dir='ltr'>ἡ</span> <span class='ocrx_word' id='word_1_630' title='bbox 2989 4862 3218 4929; x_wconf 77' lang='grc' dir='ltr'>ἕπίθετος</span> <span class='ocrx_word' id='word_1_631' title='bbox 3244 4862 3405 4937; x_wconf 84' lang='grc' dir='ltr'>κόμη.</span> <span class='ocrx_word' id='word_1_632' title='bbox 3458 4866 3639 4919; x_wconf 82' lang='lat' dir='ltr'><strong>Liber</strong></span> 
     </span>
     <span class='ocr_line' id='line_1_96' title="bbox 2048 4950 3635 5031; baseline -0.004 -20"><span class='ocrx_word' id='word_1_633' title='bbox 2048 4958 2145 5013; x_wconf 86' lang='lat' dir='ltr'><strong>hic</strong></span> <span class='ocrx_word' id='word_1_634' title='bbox 2164 4975 2398 5031; x_wconf 89' lang='lat' dir='ltr'><strong>quoque</strong></span> <span class='ocrx_word' id='word_1_635' title='bbox 2428 4956 2749 5027; x_wconf 83' lang='grc' dir='ltr'>πηνηκίζειν,</span> <span class='ocrx_word' id='word_1_636' title='bbox 2769 4952 3037 5029; x_wconf 74' lang='grc' dir='ltr'>πηνήκης,</span> <span class='ocrx_word' id='word_1_637' title='bbox 3060 4950 3317 5023; x_wconf 75' lang='grc' dir='ltr'>πηνήκην,</span> <span class='ocrx_word' id='word_1_638' title='bbox 3340 4954 3479 5007; x_wconf 83' lang='lat' dir='ltr'><strong>etin</strong></span> <span class='ocrx_word' id='word_1_639' title='bbox 3494 4954 3635 5007; x_wconf 80' lang='lat' dir='ltr'><strong>Cra·</strong></span> 
     </span>
    </p>
   </div>
  </div>
 </body>
</html>
