3809 5850
1619 432 1965 495 EUPOLlS.

241 584 378 647 Οὐκ
411 578 688 669 ἀργαλέα
715 568 857 647 δῆτ’
896 573 1024 640 ἐστὶ
1051 573 1308 665 πάσχειν
1346 568 1512 637 ταῦτ’
1553 570 1683 662 ἐμὲ,

245 689 352 752 τὸν
385 673 846 772 Λευκολοφίδου
873 672 1096 763 παῖδα,
1129 688 1237 745 τοῦ
1269 677 1633 771 Πορθάονοςς

161 840 186 866 α
217 820 396 873 Versu
424 833 448 869 1
478 808 718 889 ἀργαλέα
743 812 924 867 schol.
947 812 1238 883 Ravenn.,
1257 809 1433 883 vulgo
1462 802 1736 885 ἀργαλέον.

156 909 222 965 V.
255 923 290 961 2
320 904 531 978 scripsi
551 896 942 981 Λευκολοφίδου
985 920 1098 977 pro
1125 896 1486 977 Λευκολόφου.
1518 900 1742 953 Leuco-

3292 438 3401 491 183

1833 584 1858 615 a
1895 568 1984 621 De
2010 563 2273 631 stimme,
2304 564 2477 619 Niciae
2506 562 2785 631 familiari,
2814 560 2883 617 cf.
2906 562 3053 619 Hist.
3080 562 3205 620 crit.
3236 562 3400 620 Com.

1825 674 1887 731 p.
1919 654 2129 720 141.V.
2158 671 2179 706 1
2214 640 2303 709 οὗν
2325 650 2607 709 cod.ven.
2626 668 2735 725 pro
2758 636 2845 707 aii.
2880 650 3133 707 Fortasse
3150 648 3231 708 ἄν.
3266 676 3289 701 ι»
3313 652 3403 707 Μ.

2573 772 2665 832 16.

1912 876 2075 935 Idem
2098 873 2276 932 schol.
2304 876 2439 931 Pac.
2475 874 2644 945 1046,
2670 875 2741 932 de
2772 876 3041 935 Hierocle
3071 894 3085 935 ε
3112 866 3255 942 οὗτος
3275 875 3409 953 μα’ν-

155 992 457 1068 lophidam
501 990 794 1047 Adimanti
845 1000 1070 1064 patrem
1117 996 1530 1045 commemorat
1581 986 1741 1041 Plato
1833 987 1914 1030 τις
1942 953 2007 1034 ἦν
2036 959 2127 1019 καὶ
2155 961 2587 1041 χρησμολόγος...
2615 961 2708 1020 καὶ
2740 962 2807 1022 Ε.
2842 964 2920 1024 Π.

155 1084 340 1155 Gorg.
361 1099 424 1155 p.
456 1078 556 1154 18,
582 1080 654 1149 E,
679 1087 738 1133 et
759 1076 1090 1153 Xenophon
1113 1076 1262 1132 Hell-
1296 1093 1352 1144 1,
1384 1080 1444 1143 4,
1468 1091 1566 1132 21.
1599 1073 1744 1127 Eum

155 1169 330 1225 metri
357 1168 697 1225 necessitate
725 1175 958 1221 coactus
983 1162 1394 1237 Leucolophum
1425 1160 1572 1217 dixit
1606 1160 1744 1215 Ari-

157 1258 332 1331 stoph
341 1296 358 1311 .
367 1296 386 1327 ,
403 1254 514 1311 nisi
525 1254 674 1311 forte
683 1250 996 1331 λευκόλοφον
1007 1252 1240 1307 ridiculi
1254 1266 1432 1307 causa.
1452 1245 1748 1326 Πορθάονος

159 1364 272 1420 pro
303 1340 578 1420 Πορθάνος
606 1342 809 1417 scripsi
843 1358 976 1396 cum
1011 1337 1316 1396 Dindorfio
1332 1380 1349 1407 ,
1383 1354 1744 1413 quanquam,

160 1433 308 1506 quid
346 1433 440 1501 sit,
483 1428 646 1504 quod
679 1427 1174 1503 Leucolophidam
1203 1426 1542 1483 Porthaonis
1566 1423 1748 1481 filium

159 1520 390 1591 fecerit,
416 1519 724 1573 nescimus.
766 1516 1140 1573 Adimantum
1175 1525 1380 1591 postea
1407 1514 1620 1587 olymp.
1645 1510 1746 1587 93,

166 1616 200 1674 4
233 1606 252 1684 (
277 1618 414 1663 ante
443 1606 576 1663 Chr.
604 1615 726 1661 nat.
770 1609 884 1672 404
911 1604 930 1680 )
973 1605 1032 1660 in
1057 1604 1266 1679 proelio
1293 1602 1370 1659 ad
1409 1602 1748 1676 AEgospota-

159 1716 304 1753 mon
349 1706 584 1770 captum
623 1712 742 1751 esse
774 1704 974 1751 narrat
1014 1692 1350 1767 Xenophon
1393 1691 1548 1749 Hell.
1595 1709 1656 1763 α,
1696 1710 1747 1759 1,

163 1786 262 1841 32.
293 1808 322 1833 ι
351 1786 538 1839 Mee'n.
571 1784 660 1839 De
700 1779 1034 1838 Porthaone
1048 1820 1068 1851 ,
1113 1781 1216 1855 qui
1263 1776 1434 1837 etiam
1479 1776 1756 1834 Por-thena

161 1873 504 1929 nominatus
524 1878 626 1938 est,
653 1888 714 1927 v,
743 1868 914 1925 Iliad.
961 1875 1053 1940 14,
1087 1866 1219 1938 115,
1243 1868 1432 1941 Heyn.
1463 1864 1538 1921 ad
1574 1866 1751 1940 Apol·

163 1961 284 2018 lod.
336 1978 393 2033 1,
437 1978 495 2030 7,
539 1976 634 2014 10.
677 1956 852 2033 Apud
893 1958 1231 2013 Pausaniam
1263 1971 1498 2029 quoque
1541 1958 1606 2027 4,
1637 1952 1750 2021 35,

163 2046 488 2105 sehubart.
531 2044 844 2102 secundnm
885 2046 1078 2119 plnres
1137 2061 1208 2101 ac
1259 2042 1524 2098 meliores
1573 2041 1754 2097 libros

173 2134 486 2213 Πορθάονος
513 2152 626 2209 pro
651 2134 886 2209 vulgato
917 2128 1246 2211 Παρθάονος.
1295 2133 1446 2206 Apta
1483 2128 1756 2186 heroibus

169 2227 284 2283 illis
299 2224 592 2282 bellicosis
623 2223 860 2280 nomina
883 2221 1060 2279 ducta
1080 2238 1116 2278 a
1133 2216 1327 2298 πέρθω,
1349 2213 1608 2296 πέπορθα,
1625 2236 1749 2295 πορ·

165 2312 312 2384 θείω,
337 2309 572 2391 πορθέω.

925 2423 1016 2480 13.

251 2552 422 2609 Idem
455 2552 640 2611 schol.
667 2550 822 2611 Eub.
847 2548 956 2608 351
991 2570 1008 2607 ε
1035 2546 1283 2628 σοφιστὴς
1311 2550 1340 2605 ὁ
1360 2546 1545 2624 Σίμων
1570 2538 1636 2618 ἦν
1663 2544 1756 2605 καὶ

173 2644 282 2699 τῶν
319 2641 376 2697 ἐν
411 2637 656 2719 πολιτεία
693 2635 1087 2717 διαπρεπόντων
1114 2634 1263 2709 τότε,
1291 2634 1384 2693 καὶ
1411 2634 1618 2701 πάντως
1653 2636 1755 2692 τῶν

174 2724 450 2801 δημοσίων
473 2748 528 2784 τι
549 2724 862 2806 ἐνοσφίσατο
887 2722 1201 2805 χρημάτων.
1233 2722 1552 2799 μνημονεύει
1579 2722 1627 2779 δ’
1669 2722 1757 2779 αὖ·

173 2820 268 2874 τοῦ
307 2813 409 2873 καὶ
437 2815 510 2874 Ε.
543 2815 600 2871 ἐν
627 2814 731 2888 Π.,
773 2812 864 2873 ἐπὶ
901 2812 1010 2879 τοῖς
1050 2812 1229 2877 «trote
1256 2809 1556 2870 διαθάλλων
1603 2810 1758 2868 αὐτὸν

175 2902 514 2982 ἐγκλήμασιν
536 2898 716 2970 οὕτως·

273 3030 364 3113 ἐξ
395 3030 742 3128 Ἡρακλείας
767 3035 1034 3130 ἀργύριον
1067 3035 1364 3128 ὑφείλετο.

933 3191 1024 3250 14.

259 3313 426 3369 Idem
445 3311 630 3368 schol.
652 3312 816 3383 vesp.
843 3307 917 3364 82
944 3307 1082 3382 (ubi
1103 3304 1425 3384 καταπύγων
1447 3307 1606 3363 audit
1625 3305 1763 3362 Phi-

183 3398 468 3544 laxennsd
499 3414 516 3456 ε
547 3394 642 3454 καὶ
670 3392 774 3474 γὰρ
797 3396 826 3452 ὁ
852 3391 1132 3462 Φιλόξενος
1175 3394 1506 3473 ἐκωμῳδεῖτο
1533 3395 1602 3458 ὥς
1631 3390 1765 3470 πόρ-

182 3508 284 3552 νος.
309 3487 382 3546 Ε.
481 3529 496 3544 .

283 3593 440 3670 iton
469 3593 544 3667 δέ
575 3625 670 3677 τις
697 3599 932 3684 θήλεια,
960 3593 1272 3677 Φιλόξενος
1301 3603 1370 3665 ἐκ
1400 3598 1712 3690 Διομείων.

193 3758 216 3778 α
253 3733 402 3804 Hine
425 3728 720 3808 θηλυδριῶν
747 3730 930 3786 choro
957 3741 1312 3801 accensetur,
1338 3741 1404 3786 ut
1420 3733 1632 3786 Demus
1656 3727 1764 3804 (fr.

205 3821 344 3893 17),
384 3839 416 3876 a
447 3818 700 3876 Libanio
740 3819 856 3874 Pro
896 3817 1074 3874 saltat.
1112 3837 1208 3892 19,
1238 3837 1298 3893 p.
1343 3817 1484 3888 500,
1524 3820 1598 3873 D.
1639 3819 1770 3873 Non

193 3911 334 3965 male
355 3910 534 3982 nasp.
559 3926 628 3982 p.
665 3903 774 3963 105
793 3906 1187 3962 hexametrum
1215 3907 1374 3961 illum
1403 3905 1478 3961 ab
1505 3907 1771 3962 Hierocle

199 3997 296 4062 (fr.
329 3995 440 4071 16)
465 3996 621 4051 inter
643 3995 874 4051 oracula
899 3992 1088 4050 fusum
1117 4011 1238 4052 esse
1261 3993 1510 4066 conjicit.
1541 4017 1568 4043 ι»
1599 3995 1650 4048 Ε
1679 3995 1766 4050 M.

942 4120 1033 4180 15.

1934 1074 2248 1172 Ῐερόκλεες,
2285 1079 2567 1163 βέλτιστε
2597 1070 2980 1171 χρησμῳδῶν
3020 1074 3200 1157 ἄναξέ

1837 1204 2202 1283 comparavit
2228 1202 2497 1262 Dindors.
2527 1206 2777 1279 AEschyl.
2804 1206 2961 1282 Sept.
2997 1206 3073 1283 39
3106 1227 3121 1261 ι

1999 1316 2324 1390 Ἐτεόκλεες,
2352 1317 2561 1397 φέριστε
2594 1317 2876 1395 Καδμείων
2902 1316 3053 1387 ἅναξ.

2586 1452 2682 1504 17.

1924 1546 2087 1604 Idem
2124 1544 2301 1601 schol.
2353 1547 2523 1619 Vesp.
2560 1544 2663 1620 98,
2710 1542 2825 1601 τὸν
2874 1544 3359 1623 Πυριλάμπους
3393 1568 3407 1607 :

1845 1632 2110 1711 μέμνηται
2138 1630 2321 1691 τούτου
2345 1630 2433 1690 καὶ
2462 1632 2529 1692 Ε.
2558 1632 2613 1690 ἐν
2645 1632 2721 1691 Π.

1940 1750 2073 1816 Καὶ
2108 1758 2201 1835 τῷ
2240 1748 2664 1841 Πυριλάμπους
2698 1741 2815 1837 ἆρα
2858 1752 3044 1841 Δῆμῳ
3072 1748 3301 1839 κυψέλη

1941 1880 2207 1941 ενεστιν;

1846 1975 1911 2055 ἦν
1941 1982 1996 2042 δὲ
2024 1980 2113 2041 καὶ
2136 1979 2390 2061 εὔμορφος
2416 1982 2445 2039 ὁ
2471 1982 2671 2056 Δῆμος.
2694 1984 3047 2059 scripsissem
3080 1987 3109 2041 ὁ
3138 1983 3319 2059 Δημὸς
3346 2008 3415 2045 ex

1842 2075 2037 2150 regula
2065 2070 2137 2128 de
2161 2089 2275 2145 qua
2295 2070 2373 2127 ad
2398 2070 2561 2127 Iliad.
2600 2089 2657 2143 α,
2687 2078 2835 2143 '7⁰43
2864 2070 2922 2142 3,
2961 2073 3100 2144 445,
3130 2086 3268 2145 etc„
3312 2078 3417 2132 nisi

1845 2162 2075 2218 obstare
2111 2157 2403 2215 videretur
2459 2155 2623 2233 δημὸς
2636 2200 2653 2232 ,
2694 2160 2889 2233 adc’ps.
2938 2162 3195 2217 Fortasse
3242 2162 3417 2237 igitur

1843 2244 2025 2323 Δήμος
2063 2247 2397 2324 ponendum
2443 2259 2528 2304 est
2568 2247 2907 2305 discriminis
2952 2266 3139 2307 causa.
3172 2252 3351 2306 Versu
3387 2269 3409 2306 1

1845 2338 1980 2394 libri
2024 2333 2196 2413 Δήμῳ
2242 2328 2366 2412 ἆρα,
2416 2345 2619 2392 contra
2654 2345 2930 2406 metrum,
2972 2336 3135 2410 quod
3172 2337 3419 2395 restituit

1847 2417 2299 2494 Mcin,’'Evcotw,
2319 2424 2442 2482 scil.
2466 2422 2520 2479 ἕν
2544 2418 2724 2479 dicho.-
2752 2420 3003 2501 Κυψέλην
3030 2423 3085 2480 ἕν
3106 2422 3235 2481 ὠσὶν
3256 2421 3418 2502 ἔχειν,

1845 2514 2035 2570 sordes
2074 2518 2135 2568 in
2172 2513 2403 2567 auribus
2444 2510 2663 2578 habere,
2717 2512 3029 2587 proverbio
3084 2513 3421 2570 dicebantur

1845 2599 2061 2674 stupidi
2091 2609 2145 2655 et
2172 2598 2342 2655 bardi
2372 2595 2905 2677 (quemadmodum
2940 2611 2999 2657 et
3026 2600 3297 2658 Germani
3346 2601 3419 2659 de

1847 2688 2081 2743 homine
2105 2686 2527 2743 inconsiderato
2566 2706 2631 2743 ac
2668 2689 2987 2763 negligente
3019 2688 3211 2744 dicere
3238 2689 3423 2745 solent

1849 2778 1932 2831 Er
1954 2774 2103 2855 linere
2123 2776 2243 2829 und
2270 2774 2423 2830 sieht
2452 2772 2663 2851 nicht).
2692 2776 2955 2832 Comicus
2970 2776 3225 2833 incertus
3240 2777 3419 2833 Bekk.

1854 2861 2074 2923 Anecd.
2100 2882 2163 2940 p.
2196 2861 2311 2930 425
2350 2884 2362 2917 :

1932 2976 2163 3036 ἄπλατον
2194 2977 2248 3034 ἕν
2274 2983 2379 3043 τοῖς
2399 2975 2499 3034 ὠσὶ
2532 2976 2762 3056 κυψέλην
2788 2976 2942 3056 ἔχεις.

1855 3091 2103 3168 (Latinis
2126 3091 2239 3148 hoc
2270 3103 2353 3147 est
2384 3092 2595 3147 habere
2618 3111 2781 3148 aures
2808 3094 3045 3161 obtusas,
3094 3093 3338 3161 hebetes,
3370 3103 3425 3149 et

1849 3199 2018 3236 sensu
2045 3180 2333 3236 contrario
2372 3191 2671 3254 purgatas,
2708 3193 3109 3254 per-purgatas,
3163 3192 3228 3236 ut
3269 3182 3425 3254 apud

1855 3269 2153 3324 Horatium
2174 3279 2229 3324 et
2252 3265 2571 3342 Plautum.)
2594 3269 2680 3322 De
2699 3269 2904 3338 Demo,
2918 3265 3265 3342 Pyt-ilampis
3283 3265 3425 3338 filio,

1851 3354 2209 3412 adolescente
2250 3364 2486 3410 venusto
2502 3395 2519 3424 ,
2573 3362 2829 3410 veterum
2878 3355 3223 3429 scriptorum
3270 3357 3426 3410 locos

1853 3443 2179 3516 composuit
2212 3441 2443 3501 Boeckh.
2493 3439 2749 3498 Prooem.
2798 3442 2953 3498 lectt.
3000 3442 3177 3498 aestiv.
3230 3442 3421 3522 perol.

1865 3528 2035 3604 1839.
2074 3553 2099 3580 υ
2128 3531 2179 3585 Ε
2201 3531 2288 3587 M.
2314 3529 2401 3587 cf.
2437 3547 2571 3584 ann.
2601 3527 2675 3584 ad
2704 3527 2775 3586 fr.
2812 3532 2879 3583 14

2596 3643 2683 3700 18.

1936 3757 2095 3814 Idem
2122 3761 2255 3831 Lys.
2283 3775 2413 3827 270,
2450 3753 2569 3823 τὴν
2596 3751 2902 3816 Λύκωνος
2934 3773 2949 3808 :
2980 3749 3075 3822 τὴν
3106 3749 3321 3812 Ῥοδίαν
3340 3752 3427 3810 λε’·

1856 3863 1938 3919 γει
1978 3842 2116 3902 οὕτω
2157 3839 2524 3918 καλουμένην,
2565 3837 2662 3910 τὴν
2695 3836 3001 3899 Αὐτολύκου
3041 3835 3137 3914 μὲν
3189 3838 3427 3919 μητέρα,

1856 3937 2081 4079 {mihim
2126 3929 2181 3988 δὲ
2240 3929 2514 4002 Λύκωνος,
2563 3929 2645 3986 ἐπ’
2699 3927 2934 4008 αἰσχροῖς
2985 3927 3428 4009 κωμῳδουμένην.

1956 4127 2158 4228 ὅσπερ
2190 4135 2295 4202 ἐπὶ
2322 4139 2433 4210 τήν
2466 4136 2743 4210 Λύκωνος
2774 4133 2923 4224 ἔρρει
2955 4139 3075 4212 πᾶς
3113 4134 3279 4226 ἀνήρ.

273 4239 434 4295 Idem
473 4237 664 4295 schol.
709 4233 845 4295 Pae.
903 4235 1043 4294 1031
1086 4255 1099 4290 :
1136 4235 1165 4289 ὁ
1193 4231 1474 4304 Στιλὸίδης
1503 4233 1774 4311 εὗδόκιμος
1863 4265 1967 4323 MS.
1992 4267 2227 4322 Barocc·
2254 4261 2411 4342 ἔρρει.
2448 4265 2633 4339 vulgo
2662 4274 2939 4339 compto
2984 4281 3149 4320 versu
3176 4260 3427 4340 συνέρρει.

195 4325 284 4384 καὶ
309 4321 626 4404 περιὸόητος
653 4321 911 4400 μάντις...
932 4319 1196 4400 μέμνηται
1221 4321 1274 4380 δὲ
1293 4323 1452 4381 αὐτοῦ
1475 4322 1565 4379 καὶ
1593 4324 1658 4384 Ε.
1695 4324 1747 4382 Π

287 4437 374 4518 Ως
405 4437 481 4508 οῶ
503 4439 628 4506 τίν’
659 4439 820 4506 ἔλθω
855 4432 1020 4511 δῆτά
1052 4463 1146 4505 σοι
1171 4446 1293 4504 τῶν
1325 4437 1632 4530 μάντεων,

289 4548 542 4637 πότερος
573 4545 834 4636 ἀμείνων
863 4545 1258 4637 ἀμφοτέρων;
1295 4543 1334 4618 ἢ
1363 4537 1726 4630 Στιλςίδης;

949 4733 1036 4783 13.

203 4819 275 4873 Ex
303 4815 572 4874 Heraclea
595 4823 888 4888 argentina
915 4813 1222 4871 mffuratus
1248 4823 1346 4871 est.

949 4907 1033 4957 14.

1755 4367 1768 4380 ·
1861 4352 1944 4409 Dc
1967 4353 2196 4410 Rhodia
2214 4373 2271 4410 ν.
2304 4353 2381 4409 ad
2402 4353 2597 4410 Autol.
2626 4352 2700 4411 fr.
2735 4360 2769 4420 4
2796 4363 2850 4409 et
2882 4352 3213 4409 Amicorum
3238 4351 3312 4410 fr.
3345 4370 3435 4410 10.

2609 4478 2630 4513 1
2688 4499 2700 4513 .

1944 4561 2105 4618 Idem
2134 4561 2315 4620 schol.
2357 4563 2508 4618 Ran.
2551 4477 2679 4638 973
2709 4581 2726 4618 ι
2758 4559 2840 4618 ὅτι
2869 4559 3266 4640 (Θηραμένης)
3298 4565 3438 4620 δοκεῖ

1871 4815 2171 4883 Hieroclem
2192 4816 2397 4888 optime
2415 4816 2495 4870 vir
2518 4735 2906 4889 proffietarum
2929 4822 2941 4870 !

2616 4910 2701 4959 17.

205 4994 294 5047 Est
319 4997 506 5048 autem
531 4987 739 5046 femina
766 4986 1051 5060 quaedam,
1088 4987 1421 5044 Philoxenus
1439 4989 1770 5046 Diomensis.
1871 4997 2015 5049 Num
2043 4993 2209 5061 igitur
2236 4991 2559 5064 Pyrilampis
2584 4992 2698 5048 filio
2724 4997 2899 5049 Demo
2922 4993 3113 5049 sordes

203 5169 372 5236 Quem
399 5165 572 5238 igitur
594 5163 784 5220 denuo
812 5160 908 5218 tibi
946 5079 1154 5219 'facum
1179 5168 1396 5220 vatem?

205 5263 316 5310 uter
333 5253 634 5311 amborum
657 5249 896 5323 melior?
915 5263 988 5306 an
1010 5249 1302 5310 Stilbides?

1869 5083 2061 5137 insunt
2083 5087 2101 5147 (
2120 5081 2173 5135 in
2198 5079 2421 5135 auribus
2435 5083 2490 5148 )?

2622 5177 2702 5224 18.
2828 5217 2837 5225 .

1867 5254 2340 5328 Quemadmodum
2353 5254 2421 5312 ad
2436 5257 2670 5327 Lyconis
2684 5272 2907 5314 uxorem
2927 5257 3008 5312 vir
3020 5256 3187 5328 quivis
3199 5253 3438 5312 confluit.
