3809 5850
1530 371 1934 432 EPHIPPUS.

327 553 408 564 —-
431 539 490 578 α.
525 512 781 602 Πότερον
807 513 922 600 ἐγὼ

251 627 342 694 τὸν
357 611 566 704 βατίδα
578 616 816 709 τεμάχη
833 617 1194 706 κατατεμὼν
1210 610 1355 702 ἕψω,
1376 613 1478 706 (τί
1495 615 1606 705 φής
1624 609 1670 703 3)

247 726 594 800 ἢΣιιιελικῶς
615 725 808 796 ὀπτὴν
839 723 1108 804 ποιήσω,
1139 723 1197 804 β.
1229 726 1569 794 Σικελικῶς.

177 931 192 950 -
216 908 354 959 Versu
379 921 408 957 ’.ι
435 899 638 978 τεμάχη
667 922 812 970 κατ.,
845 917 908 958 v.
947 918 1082 956 ann.
1114 898 1190 954 ad
1215 899 1470 954 Alexidis
1499 898 1672 966 Πονη-

179 989 268 1066 ριὶν.
289 992 412 1046 Mire
430 988 626 1046 saidas
651 985 869 1065 Τεμαχί
910 1006 924 1042 t
953 984 1220 1065 ἐπίρρημα
1237 1029 1254 1056 ,
1281 987 1448 1060 quale
1469 987 1673 1042 adver-

179 1081 296 1132 bium
319 1079 565 1153 analogiae
583 1077 804 1152 legibus
824 1084 1188 1149 repugnaret.
1222 1077 1288 1132 V.
1321 1073 1352 1128 3
1383 1074 1674 1130 Elmsleius

177 1167 230 1220 ad
248 1166 456 1224 Acharn.
483 1165 594 1222 300
623 1165 760 1220 ποιῶ
793 1182 909 1234 σοις
940 1161 1334 1237 probabiliter.
1363 1164 1442 1216 »E
1462 1163 1548 1218 M.

858 1345 912 1382 2.

233 1483 358 1539 ldem
383 1479 438 1550 8,
457 1499 514 1556 p.
546 1477 664 1535 358
684 1521 701 1550 ,
731 1477 781 1537 F
810 1496 824 1533 ε
851 1474 1172 1555 ἐκφαυλίζων
1199 1473 1253 1532 δὲ
1286 1474 1375 1532 καὶ
1398 1472 1524 1552 Ἕφ.
1555 1471 1672 1540 τοῦς

175 1565 336 1643 μικροὺς
350 1569 444 1624 τῶν
470 1564 664 1644 ἰχθύων
695 1565 750 1622 ἒν
774 1563 908 1624 Φιλ.
937 1562 1065 1644 φησὶ

315 1743 474 1783 -α.
513 1715 790 1782 Παππία
811 1765 830 1797 ,
863 1716 1066 1800 βούλει
1095 1705 1310 1804 δράμω

237 1821 298 1898 εἰς
316 1826 412 1896 τὴν
439 1821 700 1915 ἀγοράν,
738 1823 800 1906 β.
835 1816 992 1908 Κᾷτ’
1037 1819 1326 1912 ἀγοράσαι
1369 1844 1470 1910 μοι
1600 1847 1662 1884 α.

1251 1979 1258 1984 .
1319 1919 1561 2016 Φράζε,
1584 1927 1666 1992 τί.

233 2036 279 2113 β.
311 2027 460 2124 ἰχθῦς
491 2043 870 2126 φρονοῦντας.
913 2057 972 2098 α.
1022 2026 1145 2113 ἰοὺ,
1189 2023 1420 2121 πάτερὶ
1473 2033 1532 2114 β.
1565 2036 1672 2106 Μτῐ

1319 2161 1420 2225 μοι
1450 2131 1660 2228 βρέφηῖ

231 2245 315 2306 οὐκ
337 2237 500 2327 οἷσθ’,
531 2245 674 2317 ὁτιὴ
714 2239 1026 2335 τάργύριόν
1062 2237 1190 2306 ἐστ’
1229 2241 1568 2334 ἰσάργυρον,
1551 2265 1567 2280 ·

165 2423 298 2498 Vulgo
323 2421 500 2483 Παπία
531 2427 606 2502 β.
631 2419 855 2500 δραμὼν
891 2421 968 2487 εἷς
1001 2443 1054 2481 τ.
1033 2417 1278 2529 ἀγορὰν
1305 2420 1670 2500 καταγοράσαι

165 2532 252 2580 μοι,
289 2514 336 2588 β.
378 2513 483 2590 Φρ.
525 2496 1072 2589 τί.α.’1χθ.φρ.ω
1111 2507 1300 2587 πάτερ.
1334 2507 1410 2586 μή
1441 2533 1528 2584 μοι
1579 2513 1664 2586 βρ.

165 2597 250 2654 Οὔκ
302 2610 400 2659 etc.
429 2601 696 2656 Personae
747 2599 1099 2673 negligenter
1143 2597 1452 2670 distinctae3
1494 2599 1667 2654 verba

167 2687 324 2754 partim
347 2699 647 2764 corrupta,
680 2705 932 2760 quorum
966 2683 1670 2762 καταγοράσαιειιιοιιᾰεινίῑ

163 2771 351 2834 Meinek.
377 2771 480 2834 Ἰοὺ
507 2786 595 2832 est
623 2774 918 2844 mirantis,
964 2773 1145 2849 pisces
1178 2773 1292 2829 dici
1333 2793 1666 2852 φρονουντας,

163 2877 264 2931 quos
286 2871 508 2936 majores
535 2865 717 2920 herus
755 2862 1048 2937 intelligit,
1076 2872 1140 2916 ut
1178 2859 1366 2969 βρέφη
1383 2867 1666 2917 mittor-:es

163 2964 197 2997 v
212 2950 354 3007 ludex
369 2954 662 3027 Aristoph.
693 2970 750 3009 v,
771 2947 874 3011 ἰού.
894 2952 1083 3006 Minus
1109 2962 1305 3023 aptum
1327 2972 1391 3006 ω.
1415 2951 1665 3010 Eustath.

163 3052 366 3112 p.1·;.‚20
395 3038 494 3115 54,
520 3042 643 3096 haec
663 3040 750 3093 ita
764 3036 1068 3111 conjuncta
1097 3036 1305 3091 affert.-
1327 3033 1488 3114 φράζε
1519 3036 1666 3114 ἰχθῦς

165 3127 403 3196 ιροηῦντας
423 3125 500 3203 μή
522 3148 614 3202 μοι
637 3130 734 3205 βρ.
770 3151 796 3177 ει
823 3130 1001 3183 Versu
1031 3132 1062 3193 1.
1095 3126 1229 3181 libri
1248 3123 1554 3203 εἶσάργυρον
1578 3128 1670 3182 vel

161 3210 428 3293 εἶςᾶργυρον.
451 3218 724 3273 Correxit
743 3216 979 3292 Hering.
1005 3214 1242 3272 Observ.
1266 3233 1328 3287 p.
1352 3213 1492 3289 276,
1517 3223 1671 3270 recte

161 3311 361 3360 vertens.
384 3312 558 3361 nescis
574 3307 941 3395 ,pecuniam
981 3314 1212 3378 argento
1245 3314 1438 3357 comm
1471 3322 1667 3357 camm

157 3390 317 3441 me?-
347 3392 496 3449 EM.

863 3510 914 3565 3.

208 3640 338 3695 ldem
367 3641 454 3709 13,
475 3661 534 3717 p.
563 3642 710 3714 571,
745 3644 840 3698 A:

222 3772 288 3855 ὸς
313 3784 506 3859 σκαιὸς
537 3778 596 3848 εἶ
629 3775 988 3875 κᾶγροικοςῗ.
1029 3783 1091 3864 β.
1124 3780 1518 3872 Αἰσχροεπῶν
1551 3782 1639 3845 ἔα·

126 3910 128 3915 ·
223 3884 520 3979 ἐπαρίστερ’
543 3891 607 3954 ἐν
624 3896 720 3975 τῷ
735 3886 998 3978 στοματι
1013 3890 1126 3960 την
1146 3893 1432 3979 γλῶσσαν
1448 3894 1669 3978 φορεῖς,

153 4053 224 4085 ια·
203 4032 254 4088 τὰ
278 4034 358 4105 τὴν
385 4038 660 4121 Ἐφίππου
699 4036 967 4117 Φιλύραν.
993 4040 1106 4097 Alii
1144 4041 1333 4095 minus
1371 4040 1676 4096 commode

153 4120 230 4175 sub
273 4142 374 4183 una
423 4148 680 4205 persona
739 4146 758 4187 ι
808 4126 1082 4207 κᾶγροικος
1147 4128 1514 4208 αἰσχροεπῶν,
1573 4126 1670 4197 ἔα,

155 4206 202 4261 3·-
186 4231 296 4286 up„
322 4226 426 4277 etc.
445 4218 758 4275 Jacobsius
777 4216 1109 4295 αἰσχροεπων
1129 4214 1236 4276 ἀεί.

716 4388 1070 4442 PHILYRA.

205 4596 260 4606 -
279 4569 472 4627 Utrum
495 4587 606 4644 ego
863 4492 888 4542 ¹
901 4527 915 4542 ³
937 4576 946 4583 ‘

157 4645 342 4709 hotidem
365 4648 422 4711 in
445 4657 632 4714 frusta
655 4655 940 4713 dissectam
961 4656 1172 4713 elixabo
1187 4698 1204 4725 ‚
1234 4657 1404 4730 (quid
1423 4655 1562 4712 dieis
1580 4659 1642 4723 Ρ)

153 4748 200 4790 ³¹²
215 4742 385 4800 assaho
403 4744 720 4803 Siculorum
746 4744 946 4801 modo?
967 4745 1026 4801 b.
1047 4745 1356 4803 Siculorum
1385 4742 1567 4801 modo.

865 4856 920 4906 2.

202 4968 260 4981 —
277 4958 324 4998 a.
349 4944 664 5015 Paterculo,
683 4947 836 5003 visne
861 4962 952 5004 me
973 4962 1192 5005 currere

153 5022 202 5075 ad
219 5025 418 5086 forum?
442 5032 500 5087 b.
529 5032 726 5105 Ibique
753 5048 877 5089 eme
902 5031 1035 5089 mihi
1148 5047 1200 5090 a.
1235 5035 1358 5100 Die,
1383 5031 1538 5105 quid.

157 5106 192 5162 b·
217 5113 370 5174 Pisces
385 5118 686 5192 sapientes.
709 5135 762 5175 a.
787 5122 886 5176 Vae
903 5118 1024 5187 tibi,
1050 5124 1233 5193 pater!
1259 5118 1314 5174 b.
1343 5121 1424 5175 Ne
1444 5119 1682 5174 infantes

1455 5210 1476 5275 [
1500 5206 1632 5263 mihi
1664 5227 1675 5262 ε

325 5311 610 5349 nictum»
655 5316 922 5350 001100Βῖ11
949 5314 1008 5350 GR
1017 5314 1228 5349 AECORCM.

3210 379 3323 430 487

1786 503 2274 562 INCERTARUM
2318 501 2779 562 FABULARUM
2831 501 3308 562 FRAGMENTA.

2524 685 2576 721 1.

1841 795 2049 852 Athen.
2090 812 2139 864 ι,
2163 812 2223 868 p.
2258 792 2354 866 28,
2378 795 2445 862 F,
2470 794 2539 849 de
2564 795 2697 848 vino
2722 791 2927 849 Lesbio
2964 812 2974 846 :
2999 789 3269 869 Ἔφιππος
3291 835 3306 862 ,
3346 814 3355 824 ·

1860 967 1955 980 --
1986 935 2156 995 Φιλῶ
2186 954 2253 1019 γε
2295 927 2589 1018 πράμνιον
2630 924 2783 993 οἶνον
2818 922 3096 994 Aeo-&tom

1762 1077 1944 1150 Vulgo
1990 1072 2293 1151 Πράμνιον,
2334 1073 2437 1129 sed
2467 1093 2527 1130 v,
2572 1092 2704 1128 ann.
2755 1073 2827 1128 ad
2876 1057 3168 1148 Aristoph.
3220 1077 3325 1148 Eq.
3418 1125 3423 1130 .

1769 1181 1898 1233 107,
1928 1174 1985 1218 et
2008 1163 2205 1236 virgil.
2242 1161 2452 1234 Georg.
2488 1179 2547 1228 α,
2582 1178 2691 1215 roo
2724 1178 2839 1233 seq.
2893 1162 3138 1217 Meinek.
3182 1181 3327 1217 con-

1755 1250 1883 1323 jicit
1897 1251 2033 1326 φιλῶ
2054 1247 2113 1324 γε’
2138 1270 2220 1305 τοι
2244 1245 2549 1324 πράμνειον,
2578 1261 2685 1307 etc.

2511 1415 2565 1451 9..

1843 1539 1993 1597 Ibid.
2024 1560 2037 1594 ι
2062 1565 2085 1590 α
2115 1536 2295 1608 Πολλὴ
2320 1536 2374 1596 δὲ
2406 1535 2609 1598 Λεσὸία
2636 1514 2845 1615 σταγὼν
2872 1539 3137 1596 ἐκπίνεται
3168 1540 3319 1617 ἄγαν.

1763 1625 2085 1706 Ἀντιφάνης.
2132 1630 2217 1683 lta
2262 1627 2436 1685 codd.
2484 1652 2508 1677 α
2541 1623 2742 1703 Ἀγαν,
2795 1642 2926 1703 post
2966 1629 3127 1702 quod
3160 1633 3325 1686 Anti-

1761 1718 1965 1793 phanis
1990 1735 2201 1774 nomen
2233 1719 2509 1792 sequitur,
2558 1718 2792 1774 sortasse
2831 1717 3136 1775 delendum
3172 1732 3271 1776 est.
3304 1749 3325 1770 .

1763 1809 1812 1861 Ε
1837 1808 1928 1864 Μ.
1952 1807 2094 1862 Mihi
2112 1825 2231 1870 non
2250 1809 2329 1862 sic
2358 1807 2608 1875 videtur,
2633 1805 2735 1861 sed
2762 1808 3138 1881 Antiphonem
3164 1829 3323 1882 quo-

1762 1915 1874 1970 que
1905 1897 2025 1950 haec
2072 1894 2273 1950 dixisse
2304 1906 2477 1969 puto,
2514 1895 2619 1949 nisi
2654 1893 2811 1967 quod
2847 1892 2980 1970 ἄγαν
3010 1915 3120 1970 pro
3154 1894 3322 1965 πολλὴ

1760 1986 1952 2060 posuit
1974 1985 2033 2039 in
2060 2001 2157 2038 sua
2179 1982 2489 2051 comoedia‚
2513 1982 2626 2037 hoc
2655 1982 2849 2050 modo,
2874 1984 2979 2037 nisi
3004 1985 3167 2042 fallor
3186 2027 3201 2052 ,

1841 2125 2149 2186 Ἐκπίνεται
2178 2125 2231 2182 δὲ
2259 2124 2461 2185 Λεσὸία
2492 2123 2695 2201 σταγὼν
2720 2123 2875 2202 ἄγαν.

1759 2281 1952 2335 Malim
1980 2298 2211 2354 quoque
2240 2279 2394 2352 apud
2422 2279 2770 2354 Ephippum,
2795 2280 3023 2352 potiore
3048 2281 3325 2334 vocabulo

1759 2365 1965 2427 Λεσὸία
1989 2370 2189 2424 melius
2214 2367 2515 2437 collocato,

1857 2520 2187 2591 Εκπίνεται
2222 2515 2292 2589 δὲ
2316 2517 2545 2607 Λεσίῗία
2570 2528 2769 2596 πολλὴ
2806 2528 3064 2611 σταγών.

1759 2685 2019 2756 Trajecta
2042 2685 2161 2740 haee
2184 2686 2243 2739 in
2268 2683 2567 2739 codicibus
2592 2701 2700 2756 pro
2732 2695 2899 2757 captu
2932 2682 3321 2753 librariorum,

1762 2774 1968 2846 quibus
2001 2791 2118 2828 non
2146 2784 2225 2828 est
2245 2790 2369 2826 mos
2396 2771 2697 2846 gerendus.

2518 2928 2569 2982 3.

1839 3072 1925 3127 lh.
1951 3091 2012 3146 p.
2048 3092 2144 3147 29,
2172 3077 2223 3129 D
2258 3093 2271 3127 ε
2318 3071 2590 3130 Φοινικίου
2620 3070 2762 3148 (sic)
2807 3068 2860 3128 δὲ
2903 3070 3039 3128 οἴνου
3066 3072 3331 3148 μέμνηται

1760 3156 1851 3216 καὶ
1885 3154 2015 3236 ’'Erp-
2074 3185 2097 3208 ιι
2132 3156 2319 3237 Κάρυαι
2340 3203 2357 3232 ,
2392 3157 2548 3235 ῥόας,
2594 3157 2858 3238 φοίνικας,
2900 3158 3052 3234 ἔτερα
3086 3158 3325 3235 νώγαλα,

1763 3241 2059 3323 σταμνάριά
2075 3248 2121 3303 τ’
2138 3244 2275 3303 οἴνου
2301 3249 2390 3303 τοῦ
2408 3244 2755 3325 φοινικίνουζ»
2783 3244 2873 3304 καὶ
2893 3244 3052 3303 πάλιν
3075 3246 3323 3326 (Epheb.

1772 3354 1826 3409 1,
1847 3336 1911 3409 α)
1942 3359 1965 3385 σι
1992 3333 2292 3393 Φοινικίνου
2320 3333 2461 3413 βῖκός
2484 3358 2560 3399 τις
2587 3332 2978 3412 ὑπανεῴγνυτο.
3016 3362 3040 3386 »
3077 3338 3239 3392 Idem
3271 3356 3326 3405 α,

1761 3444 1822 3499 p.
1851 3422 1952 3496 57,
1987 3428 2050 3495 E,
2080 3427 2150 3481 de
2180 3426 2301 3481 ovis
2334 3446 2347 3480 ε
2380 3421 2508 3502 Ἔφ.
2542 3450 2564 3473 ⁸·
2589 3423 2902 3502 Σταμνάριά
2932 3422 2981 3481 τ’
3006 3423 3141 3481 οἴνου
3164 3424 3327 3501 μικρὰ

1766 3516 1854 3569 τοῦ
1875 3512 2153 3591 φοινικίνου
2169 3558 2186 3583 ,
2210 3510 2407 3590 ᾠάρια,
2436 3510 2629 3569 τοιαῦθ’
2660 3509 2810 3590 ἕτερα
2835 3510 3007 3568 πολλὰ
3028 3510 3264 3587 παίγνια.
3298 3540 3321 3562 υ

1765 3604 1989 3657 Horum
2017 3620 2283 3657 versuum
2330 3621 2352 3657 1
2401 3601 2554 3676 apud
2600 3601 2808 3660 Athen.
2846 3620 2899 3670 α,
2931 3622 2989 3676 p.
3020 3610 3118 3672 47,
3145 3605 3226 3672 D,
3254 3604 3329 3658 ita

1765 3692 2007 3766 scriptus
2054 3690 2292 3747 affertur
2332 3707 2402 3745 ex
2432 3690 2771 3763 Antiphanis
2816 3691 3093 3745 Busiride.
3143 3692 3325 3745 Etiam

1769 3777 1928 3834 Eust.
1956 3778 2029 3834 ad
2054 3777 2216 3835 Iliad.
2242 3777 2331 3848 18,
2354 3776 2468 3834 563
2476 3797 2577 3853 ,.p
2613 3778 2784 3847 1163,
2808 3778 2915 3833 26.
2945 3799 3035 3833 και
3054 3777 3331 3856 τρισυ)λα

1767 3861 1870 3929 ὅως
1893 3862 2133 3941 νώγαλα,
2154 3853 2309 3921 οἶονα
2285 3863 2520 3941 «κάρυα,
2547 3862 2685 3943 ῥοιὰς
2708 3864 2873 3939 (sic),
2900 3863 3149 3942 φοίνικας,
3176 3862 3327 3939 ἔτερα

1764 3948 2057 4028 νώγαλα.
2031 3954 2197 4009 »Sed
2224 3953 2343 4009 haec
2369 3952 2714 4033 depravata·
2700 3970 2844 4021 esse,
2866 3954 3077 4009 indicat
3100 3955 3185 4007 bis
3209 3954 3332 4007 illa-

1765 4050 1886 4093 tum
1915 4039 2093 4115 ἔτερα.
2118 4044 2304 4113 Quare
2331 4042 2475 4098 redii
2500 4043 2577 4099 ad
2604 4044 2829 4117 vulgata
2856 4054 2987 4099 ante
3010 4044 3250 4100 casaub.
3274 4054 3333 4098 et

1766 4128 2113 4204 Schweigh.,
2144 4130 2331 4184 nullus
2355 4130 2646 4199 dubitem,
2674 4132 2813 4203 quin
2842 4131 2958 4185 haec
2982 4133 3051 4185 sit
3084 4133 3333 4205 Ephippi

1764 4234 1965 4271 manus
1994 4235 2008 4270 ε

1770 4384 1945 4441 neseis
1960 4425 1973 4447 ‚
1998 4385 2278 4455 pecuniam
2311 4401 2493 4458 panem
2516 4401 2631 4443 oese
2650 4390 2909 4459 argento?

2533 4494 2567 4544 3
2618 4510 2621 4513 ,

1769 4592 1816 4631 a.
1848 4578 1927 4631 Ut
1965 4576 2132 4633 laevus
2156 4592 2215 4632 es
2238 4584 2405 4647 atque
2424 4578 2693 4631 rusticus!
2717 4576 2772 4629 b.
2802 4578 2959 4632 Mitte
2978 4575 3262 4633 maledieta
3296 4596 3311 4630 ;

1772 4678 2076 4734 perversam
2102 4663 2163 4718 in
2181 4677 2276 4719 ore
2298 4661 2443 4733 geris
2463 4661 2727 4732 linguam.

2139 4793 2239 4847 EX
2276 4790 2609 4848 INCERTIS
2640 4789 2961 4846 FABULIS.

2528 4900 2579 4951 1.

1774 5003 1915 5056 Amo
1935 4998 2155 5072 quidem
2174 4998 2379 5056 durans
2396 5000 2585 5055 vinum
2611 4998 2889 5054 Lesbium.

2533 5120 2583 5169 2.

1774 5206 2053 5277 Multaque
2081 5213 2232 5271 gutta
2258 5202 2451 5259 Lesbia
2476 5203 2729 5259 ebibitur.
