3809 5850
1456 479 1915 544 ANAxANDm
1928 485 2084 548 DES.

165 604 296 658 dixit
323 605 614 678 Aristoph.
643 607 808 680 Vesp.
852 607 1026 678 1437,
1060 608 1284 682 μανικόν
1302 632 1352 666 τι
1385 609 1475 668 καὶ
1507 633 1725 692 τραγῳ-

162 688 292 745 δικὸν
320 691 469 748 Plut.
503 697 638 756 420.
1547 715 1552 720 ’

672 795 773 857 ΙΧ.
819 797 1216 860 ΕΥΣΕΒ-ΕΙΣ.

233 917 388 970 {lane
417 915 670 973 fabulam
699 933 1111 978 commemorat
1129 923 1467 981 Aristoteles
1481 927 1718 982 Rhetor.

169 1003 212 1072 3,
233 1020 320 1072 12,
343 1002 504 1076 cujus
523 1005 702 1060 verba
723 1010 1091 1081 apposuimus
1112 1010 1171 1064 in
1195 1009 1546 1087 Γεροντομαν.
1570 1012 1646 1071 fr.
1669 1033 1722 1070 α.

379 1143 458 1202 Χ.
505 1143 894 1205 ΖῺΙῬΑΦΟῙ
933 1143 970 1215 ἢ
1011 1147 1472 1209 ΓΕΩΓΡΑΦΟΙ.

229 1297 248 1318 ιι
279 1270 548 1342 Ejusdem
583 1273 734 1328 tituli
768 1273 984 1332 fabulas
1004 1277 1350 1352 scripserunt
1376 1281 1722 1355 Antiphanes

161 1369 206 1414 et
221 1359 491 1434 Diphilus,
507 1360 812 1436 Pomponii
825 1380 1058 1438 quoque
1077 1377 1240 1422 erant
1251 1367 1510 1424 Pictor-es.
1531 1390 1556 1418 a·
1569 1369 1620 1422 E
1627 1370 1715 1427 M.

907 1493 958 1534 1.
1446 1521 1452 1528 ,

227 1581 419 1636 Pollux
446 1599 544 1651 ιο,
575 1581 655 1656 59
685 1599 704 1638 t
734 1578 942 1661 εἴρηται
966 1581 1062 1659 μὲν
1089 1583 1190 1662 γὰρ
1214 1583 1306 1643 καὶ
1337 1584 1423 1644 ἐπὶ
1443 1587 1716 1666 ζωγράφου

157 1664 207 1723 τὸ
225 1664 382 1742 ὄνομα
407 1664 664 1746 (πυξίον)
695 1668 746 1725 ἐν
771 1667 1165 1747 Ἀναξανδρίδου
1186 1673 1492 1753 Ζωγράφοις
1513 1670 1548 1744 ἢ
1576 1677 1618 1734 Γ
1621 1697 1716 1733 εω-

157 1752 348 1834 γράροις
371 1753 672 1836 (ἑκατέρως
697 1755 802 1837 γὰρ
829 1757 1172 1838 ἐπιγράφεται
1199 1759 1259 1818 τὸ
1284 1760 1494 1840 δρᾶμα)
1515 1805 1530 1833 ,

238 1907 324 1920 -
356 1868 578 1952 Πυξίον
603 1865 814 1937 λαὸὼν
843 1871 1049 1938 κάθου.
1103 1872 1112 1882 ’

905 2013 962 2052 2.

225 2097 450 2157 Antiatt.
481 2117 544 2173 p.
589 2106 726 2170 104,
760 2101 874 2171 32,
917 2097 1323 2179 Κιννάὸαρις
1358 2119 1372 2160 :
1405 2103 1706 2180 ἀρσενικῶς.

158 2177 246 2241 Ἂν.
275 2183 600 2264 Γεωγροίφῳ.
626 2187 865 2242 Bekkeri
891 2205 1131 2262 gramm.
1165 2189 1380 2249 Anecd.
1412 2209 1468 2265 p.
1508 2193 1658 2250 1208
1694 2213 1708 2248 :

157 2265 466 2416 εὖρηταιὸγὰρ
496 2269 654 2350 παρὰ
687 2269 1043 2354 Ἀλεξανδρίδῃ
1071 2273 1210 2354 (sic)
1239 2277 1274 2347 ἡ
1301 2275 1563 2350 αἰτιατικὴ
1601 2277 1709 2339 τὸν

158 2379 322 2416 κιννα
381 2382 552 2438 αριν.

655 2457 760 2516 XI.
801 2458 1190 2520 ΗΡΑΚΔΗΣ.

132 2605 146 2624 .
225 2575 408 2632 Athen.
429 2583 523 2647 14,
543 2597 609 2652 p.
631 2575 770 2649 638,
786 2580 859 2648 D,
879 2579 952 2636 de
967 2580 1426 2656 Arga,magistro
1444 2587 1668 2642 musicae
1689 2607 1702 2641 :

160 2665 232 2718 τοῦ
254 2661 396 2744 Ἀργᾶ
411 2663 738 2742 μνημονεύει
763 2663 1064 2739 Ἄλεξις,...
1091 2667 1184 2725 καὶ
1211 2666 1318 2729 Ἀν.
1351 2667 1703 2750 ἔνἯρακλεῖ·

237 2766 284 2837 ί)
313 2775 411 2864 μὲν
440 2773 554 2867 γὰρ
593 2776 811 2866 εὐφυής
837 2801 934 2853 τις
970 2771 1122 2842 εἶναι
1154 2775 1425 2868 φαίνεται
1444 2805 1458 2819 ·

239 2881 307 2955 ὡς
332 2869 386 2945 δ’
423 2880 729 2972 εὐρύθμως
758 2875 962 2947 λαὸὼν
992 2883 1064 2949 τὸ
1091 2887 1526 2978 μελετητήριον

237 2978 336 3049 εἶτ’
361 2981 683 3080 ἐσχεδίασε
711 2979 970 3080 δριμέως
1001 2982 1090 3055 gv!
1123 2990 1555 3077 Παπαπαπαῖ,

239 3089 434 3175 μεστὸς
463 3090 783 3185 γενόμενος
812 3094 958 3186 πρὸς
983 3095 1090 3162 τὸν
1133 3090 1334 3189 Ᾱργᾶν
1371 3099 1669 3189 βούλομαι

167 3184 198 3255 5
237 3188 560 3276 κωδωνίσας
596 3197 838 3290 πέμψαι
867 3197 918 3265 σ’
943 3202 1405 3295 ἀγωνιούμενον,

237 3299 322 3365 ἵνα
344 3302 444 3367 καὶ
477 3306 548 3370 σὺ
581 3309 756 3391 νικᾷς
790 3308 929 3383 τοὺς
963 3306 1285 3399 σοφιστὰς,
1312 3304 1361 3373 ὦ
1391 3307 1548 3401 φίλε.

163 3420 304 3476 Versu
324 3440 353 3479 2
377 3426 456 3482 sie
482 3426 810 3501 Schweigh.
837 3447 854 3499 3
886 3427 1020 3483 libri
1050 3424 1322 3507 εὔρυθμος.
1361 3430 1430 3486 V.
1466 3430 1497 3485 3
1528 3431 1699 3507 vulgo

161 3502 278 3580 δρψ..
302 3510 420 3571 ἐν...
461 3518 670 3573 παπαῖ.
709 3540 736 3564 ι
762 3512 1037 3591 Δριμέως,
1067 3518 1112 3575 i.
1159 3536 1218 3591 q.
1260 3518 1503 3584 συνετῶς.
1540 3521 1697 3579 Eust.

159 3609 210 3664 p.
253 3596 410 3669 1455,
445 3600 518 3667 34
567 3621 582 3657 :
624 3599 913 3677 Εὐριπίδης
954 3602 1151 3679 (Cyel.
1201 3604 1310 3683 91)
1356 3603 1444 3661 ἐπὶ
1485 3611 1700 3666 συνετοῦ

161 3676 306 3757 εἴρηκε
334 3683 390 3741 τὸ
431 3686 586 3764 δριμὺ
607 3730 623 3758 ,
654 3689 726 3755 ὥς
752 3686 892 3767 λέγει
931 3686 1302 3769 Ἀριστοφάνης
1335 3694 1366 3750 ὁ
1396 3714 1700 3772 γραμματι-

161 3766 248 3831 κός.
275 3796 296 3819 ¹·
323 3774 499 3835 Mein.
523 3774 634 3837 ’Ἑν
656 3796 766 3851 pro
788 3800 858 3838 τι.
891 3778 1273 3851 Παπαπαπαῖ,
1313 3794 1380 3838 ιιι
1404 3786 1502 3840 Ar.
1527 3786 1698 3842 Thes·

3282 515 3354 566 42
3369 517 3387 566 1

2285 623 2448 681 xm.
2495 623 2927 689 ΘΗΣΑΥΡΟΣ.

2587 773 2639 814 1.

1895 862 2106 920 Athen.
2142 862 2237 940 15,
2260 883 2319 940 p.
2349 869 2487 944 694,
2514 870 2561 924 F.
2586 885 2601 927 t
2632 869 2875 949 ᾀσθέντος
2900 876 3083 933 τούτου
3102 920 3117 947 ,
3148 878 3237 937 καὶ
3256 879 3395 938 πάν-

1817 967 1922 1004 των
1950 947 2213 1016 ἡσθέντων
2252 951 2335 1009 ἐπ’
2370 954 2542 1034 αὐτῷ,
2573 955 2663 1014 καὶ
2697 962 3167 1035 μνημονευσάντων
3196 963 3277 1026 ὅτι
3304 971 3395 1028 καὶ

1816 1035 1844 1090 ὃ
1868 1032 2028 1100 καλὸς
2052 1035 2283 1096 Πλάτων
2306 1040 2462 1098 αὐτοῦ
2493 1039 2759 1118 μέμνηται
2781 1048 2850 1112 ὡς
2882 1045 3071 1127 ἄριστα
3096 1054 3387 1131 εἰρημένου,

1815 1122 1843 1176 ὁ
1878 1120 2143 1198 Μυρτίλος
2172 1123 2273 1206 ἔφη
2307 1123 2706 1209 Ἀναξανδρίδην
2752 1133 2881 1192 αὗτὸ
2930 1135 3391 1218 διακεχλευακέναι

1814 1205 1902 1265 τὸν
1930 1211 2346 1290 κωμῳδιοποιὸν,
2376 1216 2431 1273 ἐν
2456 1217 2727 1300 Θησαυρῷ
2756 1219 2973 1300 λέγοντα
2998 1224 3187 1301 οὕτως,

1913 1318 1967 1390 ὸ
1994 1325 2066 1391 τὸ
2092 1328 2331 1394 σκόλιον
2362 1333 2541 1423 εὑρὼν
2574 1335 2793 1412 ἐκεῖνος
2812 1386 2831 1421 ,
2864 1339 3030 1416 ὅστις
3063 1339 3159 1424 ἦν,

1912 1430 1983 1496 τὸ
2014 1433 2121 1522 μὲν
2154 1433 2441 1527 ὑγιαίνειν
2468 1446 2727 1530 πρῶτον,
2756 1447 2835 1518 ὡς
2864 1439 3105 1536 ἄριστον
3128 1445 3165 1538 ᾗ
3186 1499 3203 1532 ,

1912 1535 2213 1628 ὠνόμασεν
2240 1541 2419 1632 ὀρθῶς
2438 1591 2457 1625 ,
2481 1534 2753 1637 δεύτερον
2785 1538 2845 1611 δ’
2883 1544 3034 1616 εἶναι
3068 1557 3281 1639 καλὸν,

1905 1640 2102 1734 τρίτον
2126 1637 2195 1710 δὲ
2219 1652 2526 1717 πλουτεῖν.
2562 1642 2766 1737 Τοῢθ’,
2806 1659 2969 1743 ὁρᾷς,
3000 1661 3275 1748 ἐμαίνετο
3298 1687 3311 1700 ·

1814 1741 1854 1811 5
1912 1748 2066 1837 μετὰ
2097 1754 2209 1825 τὴν
2238 1749 2461 1845 ὑγίειαν
2492 1752 2604 1847 γὰρ
2636 1756 2707 1823 τὸ
2734 1765 3019 1828 πλουτεῖν
3053 1755 3355 1860 διαφέρει,

1907 1855 2091 1931 καλὸς
2124 1848 2195 1922 δὲ
2226 1867 2444 1926 πεινῶν
2474 1860 2720 1958 αἰσχρόν
2749 1868 2880 1932 ε’στι
2910 1867 3122 1962 θηρίον.

1809 1983 1985 2037 Versu
2022 2002 2043 2037 1
2074 1985 2427 2043 Simonidem
2455 1989 2629 2047 Ceum
2657 1991 2835 2063 dicit,
2864 1995 3022 2068 cujus
3042 2000 3259 2055 scolion
3287 2020 3377 2057 ce-

1807 2069 2170 2129 leberrimum
2205 2075 2285 2130 sie
2312 2076 2495 2152 legam
2526 2099 2538 2133 τ

1887 2186 2055 2266 Ὑγεί’
2086 2181 2151 2262 ἦν
2172 2191 2267 2268 μὲν
2294 2191 2503 2271 ἄριστον
2532 2197 2679 2276 ἀνδρὶ
2707 2202 2905 2279 θνατῷ·

1885 2275 2123 2357 δεύτερον
2150 2277 2204 2337 δὲ
2234 2280 2369 2360 φυὰν
2393 2282 2554 2341 καλὸν
2574 2285 2813 2363 γενέσθαι
2830 2309 2843 2323 ·

1883 2361 2053 2442 τρίτον
2076 2363 2131 2424 δὲ
2155 2369 2397 2426 πλουτεῖν
2421 2369 2621 2439 ἀδόλως
2637 2397 2653 2411 ·

1882 2451 1973 2510 καὶ
1999 2451 2061 2511 τὸ
2084 2451 2331 2535 τέταρτον
2354 2456 2493 2530 ἡὸᾶν
2525 2461 2660 2537 μετὰ
2688 2466 2791 2522 τῶν
2816 2465 3001 2546 φίλων.

1801 2569 1949 2626 Nam
1968 2571 2129 2643 quod
2150 2573 2543 2646 habentlibri,
2574 2573 2860 2654 Ὑγιαίνειν
2884 2581 2979 2658 μὲν
3004 2595 3138 2654 ete„
3162 2603 3231 2641 eo
3252 2605 3375 2642 eor-

1801 2659 2087 2732 rumpitur
2110 2661 2224 2716 hoe
2252 2663 2417 2718 metri
2444 2683 2647 2741 genus,
2686 2670 2847 2742 quod
2873 2689 3150 2746 nusquam
3177 2674 3377 2750 incipit

1800 2744 1872 2800 ab
1897 2759 2206 2821 anapaest03
2222 2738 2287 2819 ἦν
2302 2752 2455 2807 valet
2472 2751 2635 2825 ἐστὶν,
2662 2761 2725 2812 u't
2748 2757 2917 2817 Iliad.
2953 2759 3045 2830 16,
3066 2761 3160 2830 60,
3182 2761 3363 2838 Soph.

1799 2834 2002 2889 Trach.
2043 2836 2497 2915 293,Arist0ph.
2533 2844 2664 2902 Pae.
2699 2842 2836 2915 584,
2858 2857 2971 2906 etc.
3011 2849 3151 2904 Fere
3183 2860 3370 2906 autem

1797 2922 2031 2980 sentiens
2044 2944 2173 2981 eum
2193 2929 2597 2988 Anaxandride
2613 2933 2910 2992 Philemon
2926 2977 2943 3008 ,
2965 2954 3001 2994 a
3018 2940 3190 2996 Mein.
3214 2959 3366 2996 com·

1801 3022 2176 3084 memoratus,
2205 3015 2415 3076 Incert.
2442 3018 2519 3075 68
2546 3040 2557 3073 :

1877 3126 2025 3184 Αἶτῶ
2052 3126 2317 3204 δ’·ὗγίειαν
2338 3132 2561 3209 πρῶτον,
2590 3132 2751 3191 ἔπειτ’
2780 3134 3095 3214 εὐπραξίαν,

1875 3210 2045 3291 τρίτον
2077 3212 2131 3272 δὲ
2158 3215 2388 3296 χαίρειν,
2416 3206 2510 3275 εἶτ’
2534 3218 2757 3299 ὀφείλειν
2781 3222 2992 3299 μηδενί·

1799 3332 1902 3387 ubi
1950 3333 2167 3390 librarii
2219 3337 2566 3413 negligentes
2604 3342 2775 3400 etiam
2821 3344 3021 3415 priore
3055 3362 3219 3401 versu
3270 3334 3368 3403 εἶτ’

1796 3418 2095 3497 εὐπραξίαν,
2124 3442 2253 3479 eum
2277 3422 2459 3483 ἔπειτα
2479 3436 2537 3482 et
2558 3414 2673 3484 εἶτα
2698 3430 3006 3487 succedere
3022 3432 3129 3487 sibi
3150 3433 3369 3489 soleant

1793 3508 1853 3562 in
1884 3509 1997 3564 hoe
2024 3527 2249 3585 genere.
2285 3516 2352 3571 V.
2382 3532 2413 3569 2
2444 3504 2479 3591 ᾖ
2508 3518 2673 3590 posui
2709 3535 2821 3592 pro
2848 3519 3060 3576 soloeco
3086 3520 3369 3579 librorum

1793 3583 1872 3663 ἦν.
1897 3594 2085 3654 Possis
2112 3602 2283 3656 etiam
2310 3596 2367 3657 ὃν
2398 3601 2553 3677 (cum
2583 3602 2855 3681 Bergkio)
2876 3648 2891 3674 ‚
2919 3626 3098 3682 quum
3118 3629 3178 3684 η,
3204 3629 3250 3677 ο,
3281 3632 3364 3685 ου,

1791 3704 1836 3738 ω
1885 3698 2369 3745 commutatorum
2416 3692 2674 3767 exempla
2715 3706 3035 3769 suppetant.
3076 3700 3141 3753 V.
3182 3698 3362 3774 Soph.

1793 3769 1973 3829 Pelias
2004 3792 2066 3844 2,
2108 3777 2287 3851 Soph.
2330 3778 2555 3853 fragm.
2596 3798 2657 3854 p.
2702 3800 2804 3837 ιιι
2850 3795 3057 3839 nostrae
3094 3785 3210 3854 ed.‚
3253 3797 3363 3846 etc.

161 3858 320 3931 moph-
352 3880 514 3923 1121.
535 3870 610 3922 V.
644 3864 680 3921 6
702 3862 816 3931 τοὺς
835 3864 1114 3945 σοφιστὰς,
1142 3867 1417 3940 artifices,
1450 3872 1540 3928 vel
1574 3892 1698 3930 mu..
1788 3861 1856 3916 V.
1886 3860 1922 3916 6
1953 3860 2088 3920 libri
2121 3884 2173 3921 κ.
2202 3862 2256 3921 δὲ
2286 3886 2345 3921 π.
2376 3865 2513 3925 ἔστιν
2553 3866 2780 3945 αἰσχρὸν,
2798 3872 2871 3945 0.,
2910 3872 2969 3925 in
3000 3874 3141 3930 thesi
3174 3877 3363 3948 posito

162 3944 294 4006 sices.
321 3950 604 4027 AEschylus
629 3954 834 4013 Athen.
860 3974 917 4030 p.
939 3955 1078 4031 632,
1104 3958 1147 4015 C
1165 3998 1181 4027 ,
1205 3974 1237 4013 a
1255 3957 1421 4017 Mein.
1447 3962 1646 4019 citatus
1678 3982 1690 4018 :

227 4038 323 4107 Εἶτ’
353 4044 435 4114 οὗν
457 4054 708 4137 σοφιστὴς
733 4058 872 4117 καλὰ
901 4058 1223 4140 παραπαίων
1246 4060 1428 4140 χέλυν.

603 4180 738 4239 ΧΠ.
779 4181 1198 4243 ΘΕΤΤΑΛΟῙ.

227 4294 432 4357 Antiatt.
461 4318 520 4374 p.
567 4302 698 4371 106,
739 4312 828 4371 ω’,
863 4301 1175 4371 Λιθᾶζειν
1208 4326 1222 4360 :
1253 4304 1370 4383 οὐχὶ
1405 4304 1571 4364 λεύειν
1601 4310 1690 4365 καὶ

165 4379 450 4445 καταλεύειν.
473 4384 576 4447 Ἆν.
606 4389 913 4456 Θετταλοῖς.

1787 3950 1965 4005 verbo
1995 3949 2231 4028 αἰσχρόν.

2543 4096 2599 4135 2.

1867 4183 2066 4241 Athen.
2095 4194 2153 4259 4,
2180 4205 2241 4260 p.
2278 4186 2405 4257 176,
2428 4195 2507 4257 A,
2538 4187 2607 4245 de
2636 4189 2880 4269 μοναύλῳ
2910 4191 3186 4251 disserens
3210 4212 3226 4253 ε
3259 4193 3361 4254 ’Av-

1781 4266 1834 4327 δὲ
1856 4268 1910 4326 ἐν
1934 4270 2233 4350 Θησαυρῷ,

1881 4380 2220 4453 Ᾱναλαὲὼν
2253 4388 2541 4480 μόναυλον
2568 4392 2786 4463 ηὔλουν
2815 4394 2921 4459 τὸν
2945 4398 3245 4485 ὑμέναιον.

177 4492 3343 4539 --—·———————-————-—.-.-..-.-..—-—.-—

241 4542 563 4608 Pictones
597 4552 709 4610 sive
741 4556 1008 4613 TERRAE
1041 4558 1591 4619 DESCRIPTORES.

167 4682 222 4697 —
239 4660 574 4735 pugillaribus
604 4672 836 4745 sumptis
860 4675 1008 4732 sede.

706 4763 1108 4849 neaemias

225 4889 314 4947 Hie
331 4896 539 4966 quidem
569 4898 729 4959 bonae
753 4903 955 4961 indolis
977 4904 1144 4962 homo
1167 4914 1278 4975 σει,
1299 4915 1361 4965 ιιι
1384 4908 1600 4967 videtur
1630 4931 1640 4963 :

227 4990 368 5046 quam
386 4982 568 5045 dextre
593 4998 812 5063 sumpto
839 4992 1206 5052 instrumento

224 5060 328 5157 dein
355 5084 416 5125 ex
441 5080 680 5147 tempore
697 5076 828 5135 lusit
850 5078 1142 5151 quiddam!
1175 5085 1336 5156 Papae
1355 5124 1370 5151 ‚

228 5155 301 5203 uni
331 5156 541 5216 satiatus
567 5176 660 5218 ero
679 5202 696 5228 ,
726 5162 798 5220 ad
824 5168 1011 5237 Argan
1041 5168 1162 5225 volo

175 5232 200 5281 5
229 5238 480 5301 probatum
504 5254 556 5304 te
581 5250 785 5308 mittere
808 5253 864 5308 in
883 5262 1157 5313 certamen
1177 5298 1193 5321 ,

233 5328 280 5376 ut
299 5332 348 5381 tu
371 5332 522 5390 etiam
543 5338 770 5397 artifices
799 5341 1008 5414 vincaS,
1037 5344 1228 5402 amice.

2332 4571 2797 4629 THESAURUS.

1855 4738 1979 4807 Ille,
2008 4742 2255 4814 quisquis
2283 4739 2405 4811 fuit,
2439 4662 2767 4815 quiz-colion
2794 4745 3143 4816 exeogstavst.

1851 4828 2141 4885 sanitatem
2168 4828 2391 4901 quidem
2420 4838 2569 4888 reete
2586 4873 2602 4900 ‚
2632 4832 2762 4905 quia
2784 4832 3055 4904 optimum
3074 4834 3173 4902 sit,

1852 4914 2034 4985 primo
2056 4912 2176 4971 loeo
2194 4916 2520 4986 nominavit3
2544 4916 2781 4974 seeundo
2790 4926 2975 4975 autem
2996 4926 3353 4986 venustatem,

1851 5001 2119 5073 tertioque
2142 5000 2375 5059 divitias,
2408 5006 2529 5060 Hoc
2557 5003 2786 5069 dicens(
2802 5002 2953 5061 vides
2970 5009 2989 5072 )
3009 5002 3349 5062 insaniebat:

1772 5092 1816 5142 ‘5
1854 5101 1983 5142 nam
2015 5094 2138 5159 post
2156 5090 2441 5145 sanitatem
2466 5104 2595 5161 opes
2624 5088 2966 5162 praecellunt,

1857 5182 2119 5230 venustus
2144 5184 2327 5232 autem
2353 5177 2595 5232 esuriens
2616 5178 2789 5247 turpis
2812 5174 2995 5233 bellua
3023 5187 3123 5233 est.

2544 5270 2594 5319 2.

1791 5350 2024 5423 sumpto
2051 5354 2311 5409 monaulo
2340 5352 2601 5409 canebam
2628 5352 2993 5425 hymenaeum.
