3809 5850
1557 323 2059 385 PfflLmeES.

155 447 388 504 ἰεῖσθαι.
433 449 590 504 Libri
619 448 776 505 πάλιν
819 450 1048 527 ὑστερεῖς
1081 449 1228 529 (sic)
1275 453 1332 508 in
1379 453 1490 510 fine
1533 473 1724 511 versus

153 547 406 608 faunum.
450 531 686 612 Ἄρτυμα
727 549 828 608 est,
857 539 1144 613 quidquid
1186 553 1450 616 paratum
1482 545 1528 598 si
1569 563 1602 600 a
1629 562 1726 600 co·

151 625 314 694 quis,
359 626 670 697 generatim
711 627 876 694 cibus,
927 645 1048 682 non
1079 629 1258 684 modo
1299 632 1725 686 condimentum.

151 711 516 766 Bau-acham.
552 720 625 778 4ο
652 733 663 767 :

229 796 346 853 οὐδ’
372 794 470 854 ὅσα
499 798 628 876 πρὸς
651 797 822 864 Θοίνας
845 799 1088 878 μερόπων
1118 799 1361 881 τεύχουσι
1390 803 1632 884 μάγειροι

219 887 556 958 κοσμοῦντες
574 885 774 965 χύτρας
798 890 832 944 ἀ
849 911 878 967 ρ
893 911 924 943 τ
939 887 970 945 ὖ
983 913 1022 964 μ
1036 911 1114 947 ασ
1127 911 1144 946 ι
1169 891 1600 952 παντοδαποῖσιν.

147 977 210 1028 Υ.
233 975 270 1028 6
292 977 828 1051 securim-bellicam,
847 981 1001 1052 quali
1015 981 1222 1036 milites
1243 992 1478 1038 utantur
1491 984 1548 1036 in
1566 1001 1726 1058 proe-

145 1061 252 1128 lio,
296 1062 358 1116 h.
396 1081 448 1120 e.
494 1064 792 1137 majorem.
833 1068 930 1121 Est
949 1065 1121 1139 jocus
1158 1070 1436 1127 comicus.

921 1196 977 1234 α.

227 1275 438 1330 Pollux
469 1294 564 1344 ιο,
581 1284 656 1350 94
686 1297 700 1332 :
726 1276 896 1336 καίτοι
910 1277 1000 1334 καὶ
1019 1277 1114 1350 τὴν
1136 1278 1423 1354 μυιοσόὸην
1454 1281 1506 1339 ἔν
1535 1305 1590 1340 τε
1620 1283 1724 1350 τοῖς

149 1361 462 1439 Μενάνδρου
493 1361 850 1444 Φιλαδέλφοις
868 1363 1007 1424 ἔστιν
1044 1369 1235 1447 εὑρεῖν,
1261 1367 1352 1426 καὶ
1393 1370 1446 1426 ἐν
1477 1368 1720 1438 Ἀναξίπ-

145 1471 244 1508 που
264 1451 568 1532 Κιθαρῳδῷ
586 1478 610 1504 α
635 1453 938 1526 Μυιοσόδην
955 1452 1136 1515 λαὸὼν
1155 1457 1456 1536 παράστηθι
1475 1458 1676 1518 evadat.
1697 1487 1717 1510 ι

145 1542 319 1594 Mein.
359 1538 452 1595 καὶ
475 1545 782 1616 praeponit.
813 1546 1005 1600 Malim

237 1657 372 1730 Τὴν
411 1654 735 1748 μυιοσόὸην
763 1657 966 1728 λαὸὼν
995 1663 1336 1753 παράστηθ’
1369 1658 1599 1732 ἐνθάδε.

145 1786 308 1859 Apud
331 1787 626 1845 Pollucem
641 1790 774 1848 libri
793 1794 994 1852 vitiose
1014 1791 1068 1850 ἔν
1092 1815 1176 1870 γε,
1203 1796 1410 1854 menda
1423 1796 1712 1872 frequens.

737 1962 802 2018 v.
846 1963 1119 2024 ΦΡΕΑΡ.

221 2090 432 2146 Athen.
475 2109 496 2146 ι
517 2111 564 2160 ι,
587 2111 651 2168 p.
683 2093 888 2168 486,E
922 2114 935 2149 :
971 2091 1146 2165 Μίλη·
1171 2093 1306 2154 οὕτω
1333 2095 1570 2154 καλεῖταί
1597 2119 1712 2154 τινα

143 2176 370 2255 ποτήρια
387 2221 405 2248 ,
435 2167 508 2236 ὧν
533 2179 846 2255 μνημονεύει
869 2179 974 2243 Ἀν.
1000 2183 1052 2240 ἕν
1083 2181 1307 2262 Φρέατι,
1333 2183 1500 2262 λέγων
1526 2183 1710 2256 οὕτως,

233 2293 314 2356 Σὺ
345 2284 547 2366 δὲτὴν
582 2295 795 2383 μέλην,
831 2295 1078 2388 Συρίσκε
1101 2346 1120 2378 ,
1155 2299 1410 2370 ταυτηνὶ
1440 2295 1648 2366 λαςὼν

230 2398 484 2488 ἔνεγκον
513 2397 613 2463 ἐπὶ
641 2400 714 2464 τὸ
749 2397 936 2491 μνῆμ’
959 2399 1180 2494 ἐκείνῃ,
1215 2400 1559 2494 (μανθάνεις
1580 2403 1632 2496 3)

229 2502 341 2566 καὶ
373 2498 716 2593 κατάχεονῖ

139 2633 310 2687 Versu
352 2651 388 2687 α
411 2633 546 2688 libri
583 2653 746 2690 versu
773 2635 986 2705 hiante,
1021 2633 1186 2711 ἔνεγκ’
1217 2635 1302 2693 ἐπὶ
1323 2649 1431 2696 etc.
1459 2636 1706 2697 Porsen.

139 2717 366 2794 ἔνεγκον,
414 2721 518 2778 sed
569 2723 688 2778 vid.
761 2724 960 2778 Matth.
1017 2724 1110 2780 Gr.
1167 2743 1298 2802 pag.
1342 2725 1476 2782 352.
1521 2729 1712 2798 Quare

135 2810 321 2864 scribo
347 2805 586 2886 ἔνεγκ’
629 2807 766 2886 (ἂν)
799 2809 884 2867 ἐπὶ
909 2807 968 2866 τὸ
996 2833 1085 2883 μν.

755 3098 1078 3155 Lxxxv1.

625 3240 1208 3309 PHILIPPIDES.

213 3424 236 3445 ι
261 3396 507 3453 suidas:
533 3394 884 3471 Φιλιππίδης,
915 3393 1148 3473 κωμικὸς
1175 3393 1264 3454 καὶ
1293 3394 1443 3464 αὖτὸς
1469 3400 1562 3470 τῆς
1587 3397 1704 3467 νίας

133 3485 438 3563 κωμῳδίας,
459 3484 566 3551 υἱὸς
587 3485 930 3552 Φιλοκλέους.
955 3476 1020 3556 ἦν
1043 3483 1095 3543 δὲ
1110 3483 1198 3543 ἐπὶ
1209 3488 1302 3556 τῆς
1316 3485 1422 3560 ρια’
1440 3488 1701 3566 ὀλυμπιά-

129 3573 206 3637 δος
223 3617 238 3641 ,
253 3575 466 3645 floruit
495 3586 682 3630 autem
705 3576 1034 3649 olympiade
1064 3593 1087 3630 ι
1105 3594 1128 3630 1
1145 3593 1168 3630 ι
1204 3573 1224 3649 (
1252 3586 1381 3631 ante
1408 3577 1545 3637 Chr.
1583 3591 1698 3637 nat.

133 3660 404 3737 332-329
425 3662 468 3739 ).
496 3664 622 3718 Hoc
644 3664 690 3719 si
703 3680 904 3719 verum
921 3673 1082 3732 esset,
1103 3661 1304 3718 mediae
1321 3666 1512 3737 potius
1534 3683 1703 3741 quam

129 3768 294 3803 novae
333 3750 635 3806 comoediae
676 3751 1088 3807 accensendum
1124 3763 1384 3826 putarem
1412 3754 1704 3831 Philippi-2

129 3836 252 3891 dem
274 3876 296 3905 ,
349 3855 484 3892 usus
528 3838 698 3894 etiam
746 3839 994 3895 Platonis
1039 3844 1588 3899 commemoratione
1641 3844 1704 3899 in

129 3923 457 3998 fragmento
485 3924 642 3999 apud
671 3924 833 3982 Stob.
861 3926 963 3994 68,
1008 3926 1066 3984 6.
1097 3928 1274 4001 Atqui
1305 3928 1460 4001 apud
1483 3930 1702 3987 Plutar-

127 4012 300 4067 chum
327 4014 443 4069 Vit.
483 4015 756 4069 Demetrii
788 4034 848 4089 p.
881 4012 1018 4089 894,
1057 4014 1131 4083 C;
1163 4034 1300 4090 900,
1331 4016 1413 4086 F,
1447 4029 1505 4073 et
1533 4020 1703 4076 Ama-

129 4108 230 4158 tor.
261 4118 330 4174 p.
379 4098 516 4169 750,
548 4102 622 4169 F,
668 4101 813 4155 Phil.
846 4101 1052 4159 acerbe
1083 4103 1366 4159 invehitur
1394 4104 1454 4159 in
1483 4106 1700 4162 Strato-

127 4188 298 4256 clem,
323 4189 600 4243 Demetrii
621 4198 680 4244 et
701 4190 974 4263 Antigoni
1003 4189 1380 4252 adulatorem.
1407 4194 1558 4249 Hinc
1572 4182 1704 4250 satis

125 4288 288 4331 certo
342 4274 574 4349 colligas
591 4315 609 4344 ,
655 4293 786 4331 eum
831 4274 1089 4333 floruisse
1133 4279 1282 4334 inter
1320 4280 1699 4357 olympiadem

133 4363 238 4419 118
281 4373 344 4419 et
385 4380 494 4418 122
531 4362 701 4438 (ante
729 4363 860 4421 Chr.
894 4374 1011 4422 nat.
1060 4364 1167 4436 307
1199 4378 1258 4421 et
1285 4385 1392 4441 291
1424 4364 1477 4445 );
1525 4368 1702 4441 idque

125 4454 302 4508 etiam
355 4468 427 4506 eo
468 4448 859 4521 confirmatur,
905 4452 1066 4525 qnod
1117 4454 1436 4527 Lysimachi
1485 4456 1700 4510 amicus

127 4540 253 4609 fuit,
299 4538 404 4611 qni
443 4556 638 4614 regem
671 4556 730 4594 se
761 4540 1036 4614 appellari
1057 4538 1225 4612 jussit
1254 4542 1464 4617 olymp.
1503 4541 1627 4609 118,
1663 4560 1696 4597 α

125 4628 296 4701 (ante
311 4626 450 4685 Chr.
475 4637 594 4685 nat.
621 4624 789 4701 306),
813 4638 868 4683 et
887 4628 1034 4683 obiit
1054 4630 1263 4704 olymp.
1287 4648 1347 4704 p.
1377 4636 1483 4696 ταί.
1518 4630 1605 4707 (a.
1632 4630 1698 4690 C.

127 4712 290 4791 283).
317 4714 423 4770 His
451 4712 601 4770 adde
627 4713 808 4787 quod,
837 4734 1012 4789 quum
1047 4718 1362 4773 Demetrius
1385 4717 1696 4774 secundum

123 4824 224 4835 —n—.

884 4882 937 4935 2.

129 4992 406 5051 Muscario
431 4998 654 5061 sumpto
683 4990 788 5046 hue
813 4989 981 5046 adsta.

3278 347 3393 398 669

1821 457 2141 512 Diodorum
2172 460 2283 518 Sic.
2323 479 2419 528 20,
2469 479 2601 534 110,
2632 463 2904 519 archonte
2926 464 3160 521 Nicocle
3186 479 3391 541 myste-

1820 546 1921 600 riis
1974 547 2270 602 Eleusiniis
2342 548 2589 604 initiatus
2646 561 2813 620 esset,
2874 551 2936 606 id
3006 553 3391 630 Philippidem

1821 631 2057 688 irrisisse
2080 633 2217 689 dicit
2248 635 2582 691 Plutarchus
2606 639 2716 693 vit.
2744 640 3019 695 Demetrii
3047 641 3087 698 l.
3132 642 3203 712 l.;
3226 644 3389 715 quod

1821 731 1951 776 ante
1977 721 2190 795 olymp.
2220 740 2329 778 120
2352 731 2422 792 ga.
2445 723 2509 781 C.
2537 723 2671 799 ²99)
2688 723 2943 782 fierinon
2956 729 3164 802 potuit.
3184 731 3388 804 ltaque

1821 819 1921 862 aut
1956 820 2261 883 corruptus
2296 821 2379 866 est
2418 811 2602 866 Suidae
2636 831 2932 884 numerus,
2968 817 3387 892 legendumque

1819 895 1907 952 ἐπὶ
1927 897 2017 965 τῆς
2043 895 2157 976 ρκα’
2189 895 2535 971 ὀλυμπιάδος,
2559 911 2657 955 aut
2674 902 2883 957 accidit
2908 905 2991 958 illi
3018 903 3192 975 idem,
3223 907 3385 980 quod

1817 985 2009 1038 multis
2034 986 2157 1039 aliis
2179 984 2333 1058 (vid.
2364 985 2614 1042 Clinton.
2644 989 2793 1044 Fast.
2821 991 3067 1060 Hellen„
3110 1011 3335 1067 prooem
3363 1035 3381 1063 ‚

1815 1089 1878 1145 p.
1904 1078 1975 1136 44
2006 1068 2048 1147 ),
2083 1082 2146 1126 ut
2177 1071 2449 1130 Nostrum
2478 1074 2855 1132 confunderet
2876 1095 3007 1132 cnm
3038 1078 3379 1154 Philippide,

1818 1171 2020 1214 contra
2041 1177 2211 1232 quem
2238 1161 2561 1236 Hyperides
2584 1163 2826 1236 scripsit,
2854 1175 2914 1220 et
2939 1165 3100 1238 cujus
3124 1168 3385 1223 macilen-

1818 1249 1892 1303 tia
1932 1246 2095 1318 jocos
2136 1248 2381 1322 praebuit
2416 1248 2661 1318 Alexidi,
2700 1251 3125 1325 Aristophonti,
3148 1254 3381 1328 aliisque

1813 1335 2015 1390 mediae
2064 1335 2361 1391 comoediae
2396 1337 2785 1411 scriptoribus.
2828 1339 3095 1396 Comicus
3146 1342 3379 1416 quidem

1813 1433 2013 1478 erectae
2052 1421 2261 1478 indolis
2292 1423 2466 1478 homo
2516 1423 2624 1479 fuit
2663 1435 2721 1480 et
2764 1427 2879 1481 oris
2922 1437 3039 1482 tam
3078 1426 3277 1498 liberi,
3314 1441 3381 1485 ut

1811 1511 2050 1584 pristina
2071 1510 2363 1567 comoediae
2381 1510 2559 1568 virtus
2584 1512 2645 1566 in
2669 1529 2738 1568 co
2766 1513 3031 1570 revixisse
3058 1513 3370 1574 videretur.

1812 1601 1957 1655 Plut.
1980 1600 2018 1654 l.
2048 1601 2084 1656 l.
2122 1619 2136 1655 ε
2170 1589 2231 1668 ἦν
2264 1597 2310 1654 δ’
2334 1601 2362 1656 ὁ
2388 1597 2520 1656 Φιλ.
2547 1597 2864 1677 Λυσιμάχου
2890 1598 3059 1678 φίλος,
3086 1597 3176 1657 καὶ
3204 1601 3375 1660 πολλὰ

1811 1682 1878 1741 δι’
1910 1682 2061 1741 αὐτὸν
2089 1686 2117 1741 ὁ
2152 1683 2317 1759 δῆμος
2348 1677 2405 1742 εὗ
2433 1683 2622 1742 ἔπαθεν
2647 1684 2747 1744 ὑπὸ
2778 1689 2873 1744 τοῦ
2904 1687 3178 1764 βασιλέως.
3208 1687 3375 1746 ἐδόκει

1809 1769 1866 1828 δὲ
1897 1772 1991 1829 καὶ
2016 1770 2140 1850 πρὸς
2170 1771 2355 1851 πρᾶξιν
2400 1773 2546 1851 αὐτῷ
2581 1771 2671 1830 καὶ
2708 1771 2835 1852 πρὸς
2861 1771 3138 1850 στρατείαν
3171 1773 3371 1850 εὐσύμ-

1810 1857 1963 1924 ὄολος
1980 1858 2285 1930 ἀπαντήσας
2304 1847 2437 1918 εἶναι
2467 1859 2558 1918 καὶ
2582 1859 2772 1939 ὀφθείς.
2807 1902 2867 1920 ...
2896 1859 3070 1927 ἄλλως
3097 1858 3153 1918 δὲ
3175 1858 3266 1920 καὶ
3286 1861 3371 1920 διὰ

1807 1946 1866 2005 τὸ
1897 1939 2017 2019 ἦθος
2040 1945 2327 2023 εὐδοκίμει,
2356 1947 2481 2023 μηδ’
2510 1947 2729 2020 αὐλικῆς
2746 1946 3041 2028 περιεργίας
3064 1949 3370 2007 ἅναπιπλά-

1807 2055 1977 2110 μενος.
2024 2035 2492 2114 φιλοφρονουμένου
2532 2031 2591 2093 δέ
2622 2057 2749 2093 ποτε
2777 2039 2869 2094 τοῦ
2890 2035 3206 2116 Λυσιμάχου
3244 2037 3373 2116 πρὸς

1805 2122 1981 2196 αὗτὸν,
2018 2121 2109 2182 καὶ
2151 2122 2381 2188 εἰπόντος
2428 2149 2453 2175 ⁸
2486 2109 2567 2182 τά
2612 2123 2915 2194 Φιλιππίδη
2931 2169 2950 2197 ,
2994 2123 3127 2191 τίνος
3156 2124 3239 2184 σοὶ
3268 2128 3369 2184 τῶν

1804 2211 1945 2286 ἐμῶν
1979 2211 2188 2285 μεταδῶ
2220 2231 2281 2281 υς
2322 2236 2346 2262 ⁸
2374 2211 2571 2282 Μόνον,
2612 2209 2747 2291 ἔφῃ,
2794 2201 2841 2270 ὦ
2870 2214 3124 2290 βασιλεῦ,
3163 2211 3239 2290 μὴ
3264 2217 3369 2272 τῶν

1805 2297 2137 2377 ἀπορρήτων.
2172 2325 2196 2351 ι
2230 2299 2367 2372 Quae
2402 2301 2574 2356 etiam
2606 2301 2727 2355 aliis
2765 2297 3057 2356 Plutarchi
3081 2301 3224 2359 locis
3252 2313 3370 2360 tra-

1805 2383 2020 2441 duntur
2065 2406 2079 2440 :
2125 2385 2245 2442 vid.
2272 2385 2553 2443 Gaissord.
2588 2385 2664 2442 ad
2710 2387 2874 2446 Stob.
2908 2387 3069 2448 Flor.
3120 2393 3219 2465 49,
3271 2409 3363 2466 ¹9·

1801 2472 2045 2530 Fabulas
2078 2471 2459 2548 Philippidem
2495 2475 2880 2548 quadraginta
2915 2487 3179 2550 quattuor
3225 2481 3369 2535 scri-

1800 2561 1977 2634 psisse
2022 2560 2196 2619 refert
2261 2559 2493 2636 Suidas,
2544 2579 2785 2636 quarum
2836 2563 3167 2636 quindecim
3216 2567 3369 2622 tituli

1800 2659 2117 2722 supersunt.
2147 2651 2233 2704 De
2254 2659 2436 2704 morte
2459 2647 2581 2721 ejus
2604 2649 2813 2706 Gellius
2843 2649 2901 2720 3,
2938 2650 3007 2708 15
3040 2671 3055 2706 t
3086 2677 3112 2706 οι
3146 2654 3360 2730 Philip-

1797 2736 1989 2811 pides,
2039 2735 2449 2794 comoediarum
2492 2748 2663 2811 poeta
2700 2738 2857 2794 haud
2894 2739 3175 2812 ignobilis,
3206 2754 3369 2799 aetate

1793 2823 1909 2895 jam
1938 2824 2089 2880 edita
2116 2824 2180 2900 (τ)
2205 2843 2381 2898 quum
2410 2825 2470 2878 in
2498 2825 2803 2880 certamine
2836 2835 3137 2899 poetarum
3162 2837 3367 2901 praeter

1798 2930 1959 2987 spem
1999 2913 2220 2969 vicisset
2269 2923 2328 2968 et
2376 2910 2653 2969 laetissime
2704 2912 2999 2988 gauderet,
3036 2915 3186 2971 inter
3221 2912 3365 2971 illud

1797 2999 2069 3073 gaudium
2094 3010 2328 3077 repente
2342 3009 2603 3055 mortuus
2622 3010 2721 3057 est.
2755 3024 2779 3050 ι
2804 3000 3017 3057 Similia
3047 3000 3120 3057 de
3140 3002 3365 3077 Sopho-

1798 3089 1930 3155 clis,
1972 3087 2339 3157 Philemonis,
2383 3085 2649 3157 Alexidis,
2689 3097 2747 3144 et
2778 3088 3021 3143 aliorum
3066 3100 3362 3162 poetarum

1799 3176 1960 3230 obitu
1988 3184 2353 3230 narrantur-‘-
2372 3174 2422 3228 E
2449 3174 2559 3243 M„
2577 3192 2749 3249 quem
2772 3192 2827 3233 ν.
2858 3174 2931 3231 de
2954 3176 3129 3231 titulis
3146 3174 3363 3233 fabula·

1797 3282 1924 3317 rum
1950 3265 2096 3319 Hist.
2120 3264 2250 3319 crit.
2280 3282 2337 3337 p.
2376 3267 2581 3332 472-4.

2238 3408 2285 3467 Ι.
2319 3406 2905 3466 ΑΔΩΝΙΑΖΟΥΣΑῙ.

1874 3556 1900 3581 ιι
1942 3532 2017 3587 H.
2062 3548 2113 3585 e.
2144 3529 2445 3585 mulierum
2470 3538 2647 3585 eoetus
2672 3528 2901 3587 Adouia
2933 3530 3360 3604 celebrantium,

1794 3620 2023 3694 qualem
2064 3618 2337 3674 describit
2365 3618 2628 3693 Diphilus
2662 3619 2725 3673 in
2758 3619 2996 3687 Theseo,
3022 3619 3229 3677 Athen.
3264 3640 3356 3689 10,

1791 3726 1853 3784 p.
1891 3706 2032 3776 451,
2072 3708 2138 3765 B.
2168 3705 2255 3764 Cf.
2300 3705 2580 3761 Philetari
2622 3704 3005 3761 Adoniazusas
3040 3714 3103 3761 et·
3136 3709 3357 3763 Aristo-

1791 3794 1997 3871 phanis
2030 3796 2209 3853 schol.
2248 3798 2322 3851 ad
2357 3796 2487 3868 Lys.
2528 3792 2642 3867 390
2676 3791 2860 3873 (362).
2896 3794 3115 3851 Similes
3148 3796 3357 3867 Diony-

1791 3889 2032 3941 siazusoe
2068 3884 2353 3939 Timoclis.
2393 3906 2417 3933 ν
2456 3883 2505 3937 Ε
2526 3883 2613 3940 Μ.

1871 4100 2073 4156 Pollux
2100 4096 2157 4167 5,
2198 4116 2339 4169 ιοο,
2366 4099 2437 4154 de
2462 4107 2671 4153 ornatu
2708 4095 2971 4151 muliebri
2999 4116 3011 4150 ε
3040 4094 3160 4175 περὶ
3190 4093 3245 4153 δὲ
3268 4095 3371 4161 τοῖς

1792 4184 2021 4264 στέρνοις
2039 4184 2263 4260 αἰγίδας,
2285 4182 2377 4241 καὶ
2391 4185 2849 4261 μασχαλιστῆρας.
2864 4179 2955 4239 καὶ
2980 4183 3093 4239 σἰνα
3106 4204 3191 4257 μα
3204 4204 3359 4261 σχα-

1791 4272 2053 4352 λιστὴρ,
2096 4276 2165 4339 ὣς
2192 4272 2322 4332 Φιλ.
2354 4274 2382 4329 ὁ
2416 4275 2511 4342 τῆς
2538 4268 2817 4349 κωμῳδίας
2844 4268 3089 4346 ποιητὴς,
3120 4270 3173 4327 ἐν
3197 4268 3361 4329 Ἀδω-

1790 4360 2103 4431 νιαζούσαις.
2134 4388 2157 4413 ιι
2176 4364 2268 4419 Sic
2294 4361 2425 4420 Ald.
2456 4379 2567 4435 pro
2600 4362 2834 4436 vulgato
2862 4357 3355 4437 ἀναμασχαλιστής.

1791 4453 2043 4509 Salinasii
2069 4450 2243 4507 codd.
2286 4444 2539 4518 ἀν·σττ’,ν.
2572 4446 2890 4524 significari
2920 4446 3147 4504 videtur
3162 4448 3358 4503 vincu-

1791 4540 1943 4611 lum,
1976 4558 2094 4613 quo
2132 4538 2300 4593 vestis
2342 4554 2591 4611 superne
2620 4538 2679 4591 in
2720 4536 2903 4591 axillis
2940 4535 3358 4610 constringeba-

1791 4640 1907 4700 tur,
1938 4628 2032 4683 cui
2052 4626 2175 4681 usui
2208 4624 2342 4680 alias
2367 4622 2545 4679 fibula
2576 4618 2822 4700 (πόρπαξ)
2852 4621 3203 4681 inserviebat.
3246 4620 3359 4678 Sed

1791 4715 2020 4772 sortasse
2042 4712 2344 4788 legendum
2373 4722 2455 4768 est
2478 4705 3161 4788 ἀμφιμασχαλιστὴρ,
3199 4708 3360 4782 quod

2098 4922 2107 4931 .
2412 4874 2718 4929 PUTEUS.

1787 4964 1872 5017 'ru
1893 4974 2039 5027 vero,
2066 4960 2300 5031 Syrisce,
2328 4958 2507 5015 meleu
2537 4958 2677 5015 hane
2694 4966 2965 5031 sumptam

1787 5046 1925 5103 affer
1948 5046 2021 5101 illi
2049 5048 2263 5117 virytni
2292 5044 2357 5102 ad
2384 5044 2719 5117 sepulcrum,
2744 5042 3110 5114 (intelligisne
3124 5044 3175 5109 Ρ)

1789 5142 1840 5189 et
1873 5132 2130 5190 infunde!
