3809 5850
1565 405 1858 468 Atssxus.

127 566 200 608 ιυ
248 547 343 608 ὅτι
369 534 474 618 ,δεῖ
501 541 772 633 γυναικὸς
795 543 1180 634 ἐπιφερούσης
1209 532 1542 618 δακτύλους

247 647 512 724 ἁπαλοὺς
529 641 562 676 ’
589 642 692 712 ὑπ’
727 645 982 723 ἀκάνθης
1017 638 1172 738 μηδὲ
1207 644 1265 712 ἓν
1300 649 1530 712 τούτων
1557 671 1670 712 πα-

3208 421 3339 476 ⁶⁴2.

1759 537 1866 596 δια.
1901 540 2190 594 Elmsleius
2216 538 2463 594 malebat
2504 535 2719 616 κρεάδια
2769 537 2876 595 καὶ
2920 537 3177 617 ποδάρια,
3226 543 3326 616 qui

1757 629 2015 702 sequenti
2034 645 2199 696 versu
2228 628 2479 682 correxit
2500 627 2660 700 quod
2676 627 3161 704 legebaturvulgo
3184 627 3325 686 ὦτά-

1473 749 1672 844 oetv‚)
1761 734 1846 792 ρια
1875 711 2011 772 ὕειον
2044 711 2205 790 (cod.
2240 710 2342 772 ΑΡ
2366 713 2443 788 bt)
2478 713 2573 782 ἡπ.
2600 715 2727 769 Huc
2750 717 2999 790 respexit
3026 717 3228 773 Athen.
3262 718 3321 790 3,

248 860 343 925 ἐπὶ
370 859 442 924 τὸ
473 858 758 952 τάγηνον,
793 850 1048 950 φυκίδας
1065 907 1085 945 ,
1112 857 1346 949 ψήττας
1366 857 1536 937 τινας
1553 909 1572 946 ,

247 955 462 1056 καρῖδα
480 1013 501 1048 ,
535 965 752 1056 φύκην,
787 959 1034 1050 κωὸιὸν,
1069 967 1316 1057 πέρκην,
1347 964 1591 1056 σπάρον,

247 1062 425 1160 κρεάδ
431 1067 470 1133 ι’
502 1066 696 1147 ἄττα,
723 1061 1022 1157 ποδάρια,
1053 1072 1242 1162 ῥύγχη
1269 1065 1408 1135 τινὰ
1425 1117 1444 1154 ,

133 1170 200 1240 ι5
250 1169 460 1265 ὠτάρι’
489 1169 630 1262 ὕει’,
659 1174 922 1248 ἡπάτιον
951 1175 1462 1267 ἐγκεκαλυμμένον

248 1279 636 1374 (αἰσχύνεται
651 1278 766 1375 γὰρ
786 1283 1068 1348 πελιτνὸν
1100 1279 1162 1348 ὃν
1185 1291 1274 1368 τῷ
1303 1276 1623 1373 χρώματι)
1645 1331 1665 1368 ,

252 1391 502 1464 ἐποίησά
533 1386 596 1458 τ’
630 1393 779 1457 αὐτὸ
799 1393 1226 1485 ποικιλώτερον
1256 1387 1406 1459 ταώ.

250 1497 498 1574 Τούτοις
530 1497 804 1591 μάγειρος
831 1501 898 1563 οὐ
930 1497 1223 1588 πρόσεισ’,
1255 1487 1384 1560 οὐδ’
1417 1491 1626 1584 ὄψεται

251 1597 615 1694 (οἰμώξεται
640 1601 752 1698 γὰρ
781 1607 850 1680 νὴ
873 1597 1048 1692 Δί’),
1079 1597 1222 1669 ἀλλ’
1255 1603 1374 1696 ἐγὼ
1395 1609 1594 1693 σαφῶς

129 1727 207 1774 20
251 1705 420 1775 ταῦτ’
462 1709 834 1800 οἰκονομήσω
856 1759 875 1796 ,
907 1707 1013 1774 καὶ
1040 1715 1380 1801 γλαφυρῶς,
1411 1707 1511 1773 καὶ
1538 1732 1674 1773 ποι-

1440 1813 1627 1889 κίλως
1649 1862 1667 1898 ,

251 1923 432 1984 οὕτω·
455 1927 626 1986 πονῶ
651 1917 766 2014 γὰρ
795 1913 1012 2008 τοῦψον
1044 1917 1215 1995 αὐτὸς
1232 1969 1250 2002 ,
1279 1921 1434 1985 ὥστε
1462 1919 1598 1993 τοὺς

253 2015 637 2104 δειπνοῦντας
655 2025 737 2102 εἰς
759 2023 839 2093 τὰ
863 2016 1118 2092 λοπάδι’
1143 2017 1466 2115 ἐμὸάλλειν
1483 2030 1672 2090 ποιεῖν

255 2130 433 2197 ἐνίοτε
457 2133 600 2208 τοὺς
622 2124 879 2208 ὀδόντας
898 2179 918 2218 ,
946 2130 1066 2206 ὑπὸ
1095 2141 1206 2208 τῆς
1233 2121 1478 2206 ἡδονῆς.

253 2233 368 2312 Τὰς
389 2235 418 2264 *
444 2235 761 2314 σκευασίας
775 2234 1018 2304 πάντων
1034 2229 1224 2303 δὲκαὶ
1244 2238 1355 2312 τὰς
1374 2235 1675 2312 σκευάσεις

137 2337 211 2408 25
257 2346 474 2412 τούτων
519 2344 770 2436 ἕτοιμός
792 2343 920 2436 εἰμι
940 2337 1248 2426 δεικνύειν,
1274 2344 1498 2436 λέγειν,

257 2458 462 2542 προῖκα
479 2437 912 2544 προδιδάσκειν
932 2499 951 2536 ,
976 2444 1048 2515 ἂν
1068 2448 1210 2540 θέλῃ
1226 2472 1321 2524 τις
1337 2443 1668 2538 μανθάνειν.

137 2561 286 2614 Versu
335 2580 358 2616 1
399 2549 486 2618 οὖν
527 2560 764 2618 addidit
804 2560 1129 2629 Elmsleius,
1177 2556 1424 2614 Meinek.
1469 2551 1679 2633 ὄστρεια

137 2649 324 2722 scripsit
352 2668 460 2724 pro
497 2647 697 2726 ὄστρεα
723 2689 740 2717 ,
790 2658 849 2704 et
887 2649 1141 2704 correxit
1184 2644 1346 2720 quod
1389 2644 1682 2719 legebatur

141 2731 280 2810 Νηρεῖ
302 2756 400 2792 τιν
420 2757 463 2808 ι,
499 2761 524 2786 α
543 2738 810 2812 ineptum
829 2733 902 2790 de
925 2736 1106 2792 Nereo
1135 2750 1328 2807 coquo
1347 2745 1402 2788 et
1423 2749 1680 2806 caupone

141 2823 494 2887 celeberrimo.
521 2849 548 2877 ι
579 2829 646 2883 V.
676 2843 710 2880 α
731 2825 890 2902 φῦκος
916 2823 1111 2882 Elmsl.
1125 2841 1236 2898 pro
1252 2816 1526 2900 φυκίοισιν.
1547 2820 1681 2876 Din-

144 2911 266 2971 dors.
293 2912 443 2995 φυκί’·
477 2913 708 2974 Deinde
735 2913 944 2971 Coraes
970 2908 1310 2992 ἠμφιεσμένα
1340 2929 1453 2986 pro
1485 2909 1682 2988 ἠμφιε-

146 2998 311 3079 σμένῳ.
353 3006 670 3062 Meinekius
712 3006 884 3060 etiam
935 3000 1156 3081 γέροντα
1203 3002 1458 3076 scripsit,
1497 3010 1563 3056 ut
1600 2999 1678 3056 ad

149 3086 322 3167 ὄστρεια
347 3096 642 3153 referatur.
693 3096 896 3151 Versus
916 3111 1016 3167 9·1
1032 3113 1056 3150 1
1102 3093 1274 3149 etiam
1293 3092 1354 3145 in
1393 3090 1677 3146 Demetrio

153 3182 289 3250 positi
305 3194 473 3255 erant,
491 3183 654 3256 cujus
667 3180 782 3238 vid.
801 3180 1000 3257 fragm.
1019 3180 1156 3239 3.v.
1179 3176 1396 3237 xocod.
1409 3176 1454 3233 C
1468 3176 1547 3233 δεῖ
1562 3194 1674 3252 pro

153 3264 200 3335 δὴ
218 3311 231 3336 ,
255 3271 400 3343 quod
419 3282 502 3329 est
527 3274 586 3327 in
614 3270 837 3327 ceteris.
867 3270 936 3326 V.
977 3288 1000 3324 1
1018 3288 1039 3324 1
1069 3286 1272 3343 parum
1288 3266 1516 3341 placent
1537 3284 1676 3321 ana-

153 3358 275 3425 pesti
299 3357 406 3415 duo
433 3358 720 3427 continui,
745 3356 1117 3431 suspicorque
1131 3396 1148 3425 ,
1172 3370 1351 3429 quum
1375 3351 1522 3408 forte
1542 3353 1678 3407 scri·

153 3451 284 3511 ptum
329 3457 461 3502 esset
498 3444 730 3514 ἀκάνθης
771 3463 882 3519 pro
943 3440 1190 3506 ἀκάνθαις
1221 3440 1306 3520 (ν.
1367 3450 1566 3498 annot.
1605 3438 1680 3496 ad

154 3526 314 3601 Odyss-
351 3549 442 3602 αα,
491 3532 640 3604 306;
691 3538 792 3601 24,
837 3528 1026 3606 508),
1071 3530 1160 3586 ὑπ’
1190 3531 1460 3585 insertum
1496 3544 1612 3583 esse
1644 3544 1680 3582 a

155 3614 349 3673 librario
375 3622 516 3677 male
554 3621 782 3679 feriato.
817 3619 982 3675 Certe
1021 3615 1326 3692 legendum
1368 3632 1486 3671 esse
1525 3614 1682 3671 arbi-

159 3712 254 3757 tror
271 3703 486 3773 ἁπαλοὺς
513 3705 773 3766 ἅκάνθα
790 3727 846 3771 ις
867 3707 957 3763 vel
985 3702 1256 3781 ἀκάνθῃ.
1285 3704 1532 3761 lnDem.
1559 3696 1679 3757 τού-

158 3808 252 3855 ²0⁰5
267 3812 364 3867 pro
387 3792 596 3853 τούτων.
625 3798 698 3852 In
723 3812 838 3868 qua
867 3793 1063 3850 fabula
1090 3793 1260 3849 etiam
1282 3808 1476 3848 versus
1501 3796 1677 3857 12014

161 3882 298 3947 positi
327 3881 482 3939 fuisse
547 3882 851 3952 videntum
885 3882 1006 3943 vid.
1048 3899 1174 3956 quae
1201 3880 1411 3937 Athen.
1447 3888 1682 3935 testatur

161 3964 323 4041 fragm.
367 3977 417 4036 l..
444 3974 684 4029 Versum
724 3971 864 4028 olim
905 3975 1008 4038 1105
1051 3964 1277 4037 ἐποίησά
1303 3964 1350 4025 τ’
1381 3964 1534 4040 αὐτὸ,
1571 3978 1678 4023 etc.

164 4060 434 4129 transposui
469 4069 601 4143 post
637 4055 920 4137 χρώματι,
957 4074 1016 4115 v.
1069 4056 1162 4126 16,
1207 4056 1310 4112 ubi
1353 4065 1440 4113 est
1491 4064 1676 4130 aptus.

165 4138 217 4191 V·
241 4149 296 4207 14
313 4142 492 4222 κρεάδι’
523 4144 656 4204 ἄττα
686 4147 962 4204 Dobraeus
984 4144 1062 4202 ad
1083 4145 1234 4202 Pluti
1262 4142 1377 4200 228
1405 4162 1514 4218 pro
1537 4138 1681 4219 κρεά-

173 4304 221 4352 10
249 4309 436 4363 teneros
455 4307 674 4365 feminae
700 4305 932 4380 digitos,
964 4306 1095 4364 huic
1119 4305 1342 4373 allatos,
1463 4368 1468 4373 ,

249 4402 408 4517 {iffi
419 4408 744 4537 ‹3:³1⁸sz
783 4391 1226 4537 yffigffiquot
1245 4461 1536 4531 rhombos,
1639 4456 1648 4467 '

252 4545 474 4616 aquiliam
491 4590 506 4619 ,
527 4548 772 4624 phycen,
798 4550 1022 4623 gobium
1035 4590 1052 4620 ,
1079 4556 1330 4623 percam',
1355 4564 1576 4622 sparum
1592 4590 1610 4617 ,

253 4636 538 4694 carunculas
553 4636 851 4711 quasdam,
878 4637 1066 4712 pedes,
1095 4646 1290 4705 rostra,

180 4720 227 4768 ¹5
255 4720 494 4781 aniculas
510 4724 783 4798 porcinas,
803 4725 963 4799 Jecur
983 4726 1292 4784 involutum

257 4802 328 4866 (id
345 4808 480 4864 enim
501 4810 692 4883 pudet,
723 4811 877 4870 lividi
901 4828 1022 4871 esse
1041 4812 1238 4869 coloris
1251 4817 1293 4881 ),

259 4896 508 4969 magisque
529 4898 650 4957 haec
668 4900 866 4959 variavi
890 4916 1058 4975 quam
1077 4902 1300 4975 pavonis
1320 4898 1574 4958 caudam.

261 4974 335 5031 Ad
353 4977 460 5037 haee
481 4998 686 5057 coquus
708 5002 820 5045 non
837 4987 1081 5058 accedet,
1105 5002 1284 5061 neque
1305 5002 1369 5043 ea
1390 4986 1686 5059 conspiciet

261 5060 495 5133 (plorabit
515 5086 610 5143 per
632 5074 850 5131 Jovem!
869 5076 889 5141 )
909 5072 1006 5131 sed
1033 5088 1135 5147 ego
1152 5073 1298 5133 clare

187 5146 238 5199 ²⁰
265 5146 366 5246 hac
387 5154 671 5229 ordinabo,
698 5169 862 5235 atque
880 5160 1176 5235 eleganter,
1201 5170 1256 5220 et
1273 5162 1436 5231 varie,

267 5247 332 5291 sic
359 5254 372 5291 :
396 5240 606 5304 elaboro
631 5249 774 5305 enim
797 5248 1090 5324 opsonium
1113 5250 1227 5325 ipse
1247 5252 1320 5308 ita
1335 5293 1351 5320 ,
1375 5257 1438 5308 ut

1757 819 1817 876 p.
1849 800 1927 875 95
1946 845 1965 877 ‚
1985 804 2035 859 A
2065 818 2080 855 ε
2106 799 2279 858 ποδῶν
2297 795 2352 856 δὲ
2380 797 2471 856 καὶ
2494 796 2689 876 ὠτίων,
2722 797 2883 857 ἔτιδὲ
2906 799 3127 880 ῥύγχους
3157 801 3327 878 (μνη-

1760 881 2129 966 μονεύει)Ἄλ.
2158 887 2213 944 ἐν
2239 882 2544 967 Κρατεύαῆ
2574 887 2768 963 Φαρμ.
2800 891 2977 945 Versu
3006 891 3074 946 16
3103 879 3343 956 Ροτεο-,

1757 997 1865 1034 nus
1881 973 2121 1034 πελιτνὸν
2136 995 2247 1052 pro
2268 977 2500 1051 vulgato
2518 973 2775 1034 πελιδνόν.
2796 977 2969 1048 Quod
2988 980 3245 1052 sequitur
3271 974 3329 1036 δν

1759 1064 2293 1142 debeturBerglero
2322 1065 2396 1121 ad
2420 1065 2676 1139 Alciphr.
2714 1083 2766 1135 1,
2792 1082 2887 1124 20.
2922 1089 2948 1116 α
2973 1066 3140 1125 Conf.
3169 1067 3329 1123 Pier-

1756 1171 1862 1208 son
1915 1153 1989 1210 ad
2018 1151 2177 1211 Hoer.
2212 1172 2277 1228 p.
2306 1151 2451 1222 325,
2480 1163 2537 1208 et
2570 1151 2803 1227 Crobyli
2826 1153 3106 1211 Pseudoh.
3129 1172 3191 1229 a,
3214 1174 3272 1213 τι.
3298 1179 3321 1205 1·

1758 1242 1810 1298 E
1825 1243 1915 1298 M.
1934 1243 2113 1300 Versu
2140 1240 2208 1297 18
2226 1241 2363 1297 libri
2378 1239 2649 1316 asyndeto
2662 1242 2995 1316 importuno
3016 1242 3107 1302 οὐκ
3124 1239 3328 1322 ὄψεται.

1759 1331 1969 1404 Scripsi
2000 1327 2127 1400 οὐδ’,
2169 1329 2462 1404 permixtis
2502 1329 2532 1386 δ
2560 1339 2617 1386 et
2652 1351 2715 1400 κ,
2751 1342 2818 1387 ut
2872 1333 3031 1407 apud
3069 1335 3325 1392 Eustath.

1760 1420 1963 1494 Odyss.
2010 1439 2071 1493 9,
2104 1417 2241 1492 348,
2265 1431 2375 1475 etc.
2406 1421 2473 1476 V.
2517 1437 2588 1492 19
2618 1415 2722 1488 Δί’,
2776 1417 2898 1475 ἀλλ’
2934 1415 3039 1488 ἐγὼ
3086 1421 3334 1495 epitome

1761 1508 1989 1564 Hoesch.
2013 1507 2167 1564 Libri
2188 1507 2534 1580 antiquiores
2552 1503 2638 1562 δία
2659 1503 2813 1581 λέγω.
2834 1507 2985 1566 ibid.
3013 1507 3147 1568 cod.
3170 1509 3215 1565 C
3237 1528 3329 1565 σο-

1760 1597 1890 1674 φῶς.
1921 1597 1989 1654 V.
2035 1614 2105 1652 21
2150 1595 2443 1671 legebatur
2480 1595 2614 1651 ποιῶ
2646 1592 2782 1671 γὰρ,
2817 1605 2877 1652 et
2919 1615 2975 1670 γ.
3028 1615 3102 1652 22
3136 1615 3333 1653 rursus

1761 1680 2044 1757 ἐμὸάλλειν
2064 1683 2228 1752 ποιῶ,
2252 1701 2377 1758 quae
2398 1683 2523 1756 quis
2536 1683 2780 1758 probet?
2795 1684 2937 1740 πονῶ
2962 1684 3121 1758 quod
3140 1687 3330 1760 posui,

1761 1773 1937 1846 paulo
1976 1772 2305 1827 insolentius
2332 1771 2548 1827 dictum
2575 1781 2659 1828 est
2676 1813 2694 1844 ,
2720 1771 2820 1828 sed
2846 1774 3119 1849 graviter,
3146 1791 3336 1848 neque

1763 1859 2043 1931 ejusmodi
2064 1859 2446 1934 peculiaribus
2472 1859 2801 1915 abstinuisse
2819 1861 3023 1930 scimus
3038 1861 3189 1916 hunc
3216 1861 3332 1918 No-

1762 1959 1963 2006 strum.
1990 1947 2177 2002 Verba
2227 1940 2363 2001 ὥστε
2414 1942 2605 2010 τοὺς...
2634 1965 2814 2020 usque
2853 1947 2929 2002 ad
2954 1945 3143 2017 ἡδονῆς
3168 1965 3223 2002 v.
3259 1948 3332 2004 23

1763 2037 1933 2091 etiam
1960 2036 2023 2089 in
2046 2035 2453 2108 Asclepioclide
2473 2035 2661 2107 posita
2686 2033 2923 2092 funerant.
2967 2037 3034 2092 V.
3074 2040 3147 2100 24
3181 2059 3207 2085 ι
3238 2045 3337 2093 aut

1764 2121 1788 2178 ἕ
1804 2144 1832 2199 ρ
1849 2143 1882 2198 γ
1897 2143 1975 2179 ασ
1990 2119 2083 2186 ίας
2098 2138 2208 2196 pro
2228 2117 2529 2193 σκευασίας,
2554 2133 2653 2178 aut
2667 2120 2698 2177 δ
2713 2142 2773 2177 ια
2785 2118 2994 2187 θέσεις
3015 2139 3127 2197 pro
3146 2121 3336 2180 σκευά-

1765 2231 1870 2274 σεις
1909 2210 2206 2285 legendum
2242 2210 2513 2284 suspicor.
2544 2234 2569 2259 ι»
2604 2210 2782 2265 Mein.
2824 2209 2947 2284 Ego
2974 2228 3095 2265 non
3131 2209 3335 2268 dubito

1764 2300 1907 2374 quin
1929 2297 2023 2356 Al.
2056 2297 2267 2354 dixerit
2295 2293 2716 2368 στοιὸασίας,
2754 2301 3166 2373 acet-vationes,
3196 2301 3237 2358 i.
3278 2317 3333 2356 e.

1763 2388 1971 2444 horrea
1994 2386 2366 2464 (maga-rins),
2388 2386 2543 2443 unde
2565 2387 2639 2462 is,
2666 2385 2828 2458 cujus
2846 2387 2966 2443 haec
2985 2399 3117 2446 sunt
3134 2389 3333 2458 verba,

1764 2477 2003 2551 sumpsit
2028 2474 2217 2531 edulia
2252 2493 2378 2548 quae
2413 2476 2787 2532 enumeravit.
2830 2473 3074 2532 Confusa
3100 2495 3135 2532 κ
3172 2485 3229 2530 et
3268 2495 3299 2530 τ
3317 2515 3337 2543 ,

1767 2576 1829 2620 ut
1848 2563 2053 2638 Odyss.
2090 2581 2145 2634 1,
2168 2561 2271 2633 603
2296 2581 2357 2638 9,
2382 2561 2488 2631 8103
2518 2564 2551 2640 β
2571 2572 2629 2618 et
2650 2584 2704 2633 υ,
2738 2561 3225 2636 quemadmodum
3245 2580 3336 2638 ap.

1767 2649 2064 2708 Pollucem
2091 2669 2149 2724 7,
2184 2649 2253 2705 13
2277 2691 2293 2720 ,
2319 2646 2517 2727 νεὸρίδι
2536 2666 2646 2724 pro
2671 2645 2905 2726 νευρίδας
2930 2648 3339 2706 restituendum

1765 2756 1880 2796 esse
1925 2739 2068 2796 vidit
2116 2736 2403 2809 Bentlejus
2453 2737 2663 2812 Opusc.
2712 2737 2856 2813 phil.
2903 2755 2963 2812 p.
3007 2737 3147 2797 285.
3199 2737 3343 2796 Voci

1769 2822 1939 2886 στοιὸ.
1968 2828 2237 2885 convenit
2263 2820 2511 2886 δεικνύειν
2538 2845 2597 2884 v.
2623 2825 2722 2886 25.
2741 2828 2919 2883 Versu
2949 2824 3025 2882 26
3058 2827 3342 2884 Porsouus

1770 2911 1832 2972 ἂν
1851 2912 1995 2992 θέλῃ.

2526 3012 2579 3051 2.

1848 3106 2009 3163 Idem
2044 3106 2113 3175 8,
2138 3125 2200 3181 p.
2238 3104 2386 3175 340,
2420 3104 2469 3163 A
2503 3124 2516 3157 :
2544 3100 2667 3182 περὶ
2690 3099 2747 3159 δὲ
2782 3104 2875 3161 τοῦ
2910 3102 3332 3180 Καλλιμέδοντος

1769 3196 1860 3252 τοῦ
1901 3190 2189 3272 Καράὸου,
2240 3189 2391 3248 ὅτι...
2426 3180 2489 3260 ἦν
2519 3188 2612 3247 καὶ
2652 3187 2957 3270 διάστροφος
2996 3189 3115 3256 τοὺς
3142 3192 3337 3271 ὀφθαλ-

1770 3278 1987 3358 uniam...
2010 3275 2124 3339 Ἀλ.
2148 3279 2201 3336 ἐν
2228 3277 2477 3358 Κρατεύα
2514 3274 2549 3347 ἢ
2589 3276 3011 3356 Φαρμακοπώλῃ
3030 3322 3049 3351 ,

1864 3422 1931 3466 α.
1956 3396 2063 3483 Τῷ
2089 3387 2555 3487 Καλλιμέδοντι
2574 3393 2686 3490 γὰρ
2704 3394 3001 3488 θεραπεύω
3026 3392 3137 3472 τὰς
3156 3396 3340 3489 κόρας

1871 3493 1991 3575 ἤδη
2022 3498 2317 3593 τετάρτην
2345 3501 2594 3595 ἡμέραν.
2635 3504 2691 3586 β.
2724 3492 2890 3567 ᾖσαν
2923 3500 3096 3595 κόραι

1867 3609 2179 3703 θυγατέρες
2206 3609 2403 3695 αὐτῷ;
2436 3633 2495 3673 α.
2530 3602 2661 3685 Τὰς
2704 3608 2810 3700 μὲν
2851 3602 2951 3672 οὗν
2978 3616 3102 3675 τῶν
3134 3606 3343 3711 ὀμμά-

3186 3739 3334 3799 των,

1867 3818 1937 3901 ἃς
1956 3814 2084 3888 οὐδ’
2101 3825 2135 3887 ὁ
2156 3818 2529 3911 Μελάμπους
2551 3870 2571 3904 ,
2594 3818 2657 3898 ὃς
2674 3820 2850 3911 μόνος
2868 3818 2979 3897 τὰς
3000 3812 3339 3907 Προιτίδας

1773 3922 1814 3995 5
1867 3928 2091 3993 ἔπαυσε
2122 3926 2507 4019 μαινομένας,
2530 3926 2962 3998 καταστήσειεν
2991 3920 3089 3993 άν.

1773 4078 1795 4104 ι
1820 4054 1999 4127 Ipsius
2026 4052 2275 4109 Crateuae
2301 4052 2759 4125 pharmacopolae
2787 4050 2983 4110 verba.
3012 4050 3187 4107 Ludit
3218 4068 3341 4106 am-

1769 4141 1945 4216 bigua
1969 4137 2382 4215 significatione
2412 4139 2570 4195 vocis
2593 4136 2745 4216 κόρη.
2780 4160 2804 4189 n
2824 4138 2877 4193 Ε
2894 4140 2981 4197 Μ

1875 4303 2117 4360 eonvivae
2144 4317 2540 4375 nonnunquam
2566 4301 2759 4359 dentes

1877 4388 2091 4461 patellis
2114 4385 2363 4461 injiciant
2386 4402 2499 4461 prae
2528 4388 2825 4461 voluptate.

1877 4480 2087 4534 Horrea
2113 4484 2299 4535 autem
2319 4477 2571 4535 omnium
2595 4486 2649 4534 et
2674 4476 2865 4533 modos
2882 4476 3108 4548 parandi

1771 4568 1842 4621 25
1877 4562 2073 4620 horum
2100 4572 2317 4636 paratus
2332 4578 2455 4620 sum
2476 4572 2805 4633 monstrare,
2826 4563 3039 4631 dicere,

1877 4650 2045 4723 gratis
2068 4649 2379 4723 praecipere,
2400 4649 2447 4707 si
2468 4649 2592 4723 quis
2613 4650 2732 4708 vult
2752 4649 2983 4709 discere.

2531 4793 2585 4844 2.

1773 4920 1824 4962 a.
1851 4902 2237 4963 Callimedonti
2267 4904 2417 4963 enim
2439 4904 2674 4979 pupillas
2694 4921 2831 4963 euro

1771 4990 1885 5065 jam
1908 4997 2102 5063 quarto
2126 4990 2237 5048 die.
2267 4990 2327 5049 b.
2354 4991 2635 5049 Habuitne

1776 5076 1919 5135 filias
1936 5080 1960 5135 Ρ
1976 5092 2031 5135 a.
2057 5076 2357 5136 Oculorum
2383 5077 2607 5151 quidem
2628 5079 2775 5151 κόρας
2800 5075 2955 5147 dico,

1779 5180 1916 5239 quas
1937 5180 2007 5223 ne
2032 5165 2341 5238 Melampus
2364 5165 2617 5239 quidem,
2646 5166 2742 5241 qui
2766 5165 2915 5225 solus
2934 5162 3237 5233 Proetidum
3338 5215 3349 5227 ,

1779 5252 1957 5309 finivit
1982 5252 2251 5310 insaniam
2268 5294 2285 5323 ,
2313 5259 2547 5311 sanaret.
