3809 5850
534 449 647 498 256

632 587 1035 681 ηροσίσταταί
1062 613 1163 678 μοι
1198 588 1341 679 πρὸς
1364 589 1435 652 τὸ
1475 583 1683 677 βῆμα*ι
1712 587 1976 678 μαντίλη
2006 611 2022 626 ·

527 733 615 790 καὶ

636 867 843 934 ndum
870 858 1119 938 δυσώδη
1156 866 1474 960 Κέφαλον,
1504 867 1828 959 αἰσχίστην
1856 869 2048 933 νόσον.

528 1009 868 1082 Agyrrhium
900 1008 988 1069 Pl.
1012 1011 1133 1066 risit
1172 1011 1343 1067 etiam
1388 1010 1449 1066 in
1490 1009 1713 1077 Σκευαῖς
1731 1054 1748 1083 ,
1789 1012 2102 1087 saepiusque

528 1097 952 1172 Aristophanes.
976 1099 1067 1154 Ad
1085 1101 1375 1173 sequentia
1398 1099 1555 1164 conf,
1576 1100 1789 1158 Cratini
1812 1104 2102 1157 Horarum

526 1184 594 1241 fr.
608 1185 666 1244 6.
680 1189 857 1242 Versu
870 1186 903 1242 3
916 1187 1089 1242 malui
1103 1187 1208 1264 Πρ.
1223 1206 1313 1261 μοι
1326 1205 1435 1262 pro
1448 1208 1549 1261 μου
1564 1185 1660 1265 (cf.
1676 1188 1935 1244 Pisandri
1956 1188 2028 1244 fr.
2051 1184 2100 1265 1)

528 1291 658 1327 cum
680 1273 985 1331 Meinekio.
1014 1275 1127 1346 Qui
1152 1274 1213 1328 in
1240 1275 1415 1330 altera
1456 1274 1625 1344 edit.‚
1662 1299 1685 1324 «ι
1721 1275 1791 1333 In
1821 1271 2066 1344 Μαντίλη
2084 1317 2101 1345 ,

526 1359 752 1437 inquit,
789 1361 836 1418 si
876 1361 987 1417 viri
1026 1380 1240 1418 nomen
1273 1363 1433 1431 latet,
1475 1363 1546 1418 de
1590 1363 1805 1422 Mantia
1830 1362 2102 1418 Thoricio

528 1452 777 1525 cogitare
766 1451 1000 1542 yossis,
1033 1449 1107 1506 de
1126 1469 1244 1525 quo
1274 1461 1495 1506 constat
1517 1469 1587 1507 ex
1613 1452 2015 1508 Demosthenis
2039 1451 2103 1506 in

528 1539 791 1594 Boeotum
822 1537 1203 1597 orationibus.
1229 1540 1373 1594 Eum
1407 1540 1456 1595 si
1479 1540 1699 1615 populo
1736 1550 1958 1614 gratum
1987 1539 2102 1594 ho-

526 1627 741 1684 minem
768 1626 934 1685 fuisse
952 1646 1169 1703 ponas,
1200 1645 1320 1683 non
1348 1629 1542 1704 inepte
1569 1627 1841 1700 conjicias
1861 1632 2103 1685 Demum

527 1715 888 1771 Platonicum
928 1714 1131 1772 dixisse
1155 1735 1171 1770 ι
1202 1712 1365 1786 affer
1385 1717 1590 1790 pelvim
1612 1728 1675 1788 et,
1700 1720 1942 1790 pinnam
1953 1755 1974 1783 ‚
2003 1733 2106 1770 vo-

528 1807 781 1874 mitur-io,
820 1822 1090 1859 nauseam
1130 1804 1269 1858 milei
1297 1800 1461 1874 facit
1504 1803 1816 1880 Agyl-thius
1866 1803 2105 1880 (aliusve

529 1890 879 1966 demagogus
896 1890 945 1967 );
972 1891 1210 1948 ascende
1250 1903 1307 1946 tu
1342 1895 1401 1945 in
1440 1902 1787 1966 suggestum,
1838 1893 2106 1946 Mancia!

529 1974 659 2056 πρὸς
692 1975 753 2036 τὸ
796 1979 977 2056 βῆμα,
1013 1975 1259 2036 Martia!
1288 2003 1313 2028 a·
1341 1981 1520 2035 Versu
1550 1985 1583 2045 4
1610 1989 1775 2034 «recte
1812 1980 2106 2035 Elmsleius

529 2065 606 2124 ad
632 2067 883 2125 Acharn.
908 2065 1021 2134 584
1050 2063 1295 2145 Κέφαλον
1326 2085 1437 2141 pro
1460 2067 1669 2124 insulso
1690 2077 1863 2141 atque
1891 2063 2105 2146 ἀμέτρῳ

528 2155 817 2212 vocabulo
858 2151 1092 2236 κεφαλὴν
1138 2155 1200 2211 in
1240 2155 1420 2212 libris.
1473 2179 1501 2204 ι
1548 2155 1829 2211 Nimirum
1876 2150 2102 2232 κέφαλος

530 2245 702 2300 etiam
728 2245 895 2320 piscis
934 2264 1147 2300 nomen
1169 2255 1270 2303 est.
1301 2247 1412 2300 Pro
1443 2237 1621 2324 βόσκει
1646 2240 1807 2321 [scil.
1832 2243 1863 2302 ὁ
1886 2241 2104 2322 Δῆμος]

530 2333 897 2390 scribendum
939 2335 1167 2391 videtur
1219 2329 1413 2408 βόσκω.
1454 2359 1479 2384 ι
1526 2335 1703 2391 Mein.
1752 2334 1839 2389 Dc
1875 2345 2105 2390 oratore

530 2419 784 2494 Cephalo
819 2421 954 2478 vide
993 2421 1308 2476 indicatum
1350 2419 1425 2476 ab
1472 2419 1737 2492 Elmslejo
1774 2422 2002 2496 Taylor.
2041 2423 2101 2476 in

531 2507 657 2564 Vita
674 2508 854 2582 Lysiae
880 2528 942 2584 p.
974 2507 1111 2582 103,
1129 2518 1186 2566 et
1211 2507 1471 2566 Iudicem
1484 2520 1742 2565 nostrum
1771 2510 2102 2586 Aristopha-

532 2612 636 2650 ms.

1298 2753 1355 2805 7.

618 2872 815 2931 Schol.
860 2874 1056 2949 Eurip.
1091 2871 1339 2933 Hecubae
1368 2875 1477 2932 821
1513 2896 1533 2946 5
1568 2873 1654 2931 τὸν
1684 2862 1947 2933 Δαίδαλόν
1977 2896 2105 2955 φασι

532 2958 697 3009 ποιεῖν
724 2948 952 3027 εἴδωλα,
987 2950 1079 3010 καὶ
1120 2952 1258 3028 μετὰ
1296 2952 1358 3013 τὸ
1398 2955 1631 3033 πληροῦν
1678 2954 1784 3030 (cf.
1831 2956 2098 3031 Eurysth.

533 3041 607 3098 fr.
636 3039 671 3095 8
692 3052 896 3097 nostrae
916 3040 1007 3101 ed.
1030 3042 1485 3117 fragmentorum
1509 3043 1829 3119 Euripidis)
1852 3044 2018 3100 ποιεῖν
2047 3066 2102 3101 τε

532 3125 667 3185 αὐτὰ
694 3132 947 3186 κινεῖσθαι
964 3129 1194 3205 (putide
1213 3132 1506 3205 legebatur
1526 3130 1758 3209 πληροῦν
1780 3129 1916 3189 αὐτὰ
1935 3135 2103 3189 ποιεῖν

533 3219 700 3272 ταῦτα
714 3237 819 3273 κιν.
849 3216 1034 3275 Immo
1058 3215 1379 3295 abr&,1·p5a,
1402 3230 1598 3294 sponte
1618 3236 1736 3289 sua,
1762 3218 2098 3293 αὐτομάτως,

531 3314 597 3359 ut
624 3301 745 3383 Pl.)
767 3302 858 3362 καὶ
884 3303 1263 3383 φθέγγεσθαι...
1286 3304 1379 3363 καὶ
1411 3308 1521 3367 Πλ.

512 3488 517 3493 .
628 3462 692 3503 α.
741 3434 976 3525 Οὗτος,
1014 3434 1113 3515 τίς
1158 3432 1244 3523 εἷς
1300 3438 1446 3533 λέγε
1497 3432 1693 3531 ταχύί
1758 3476 1853 3490 --
1892 3445 2103 3533 σιγᾷς,

1778 3552 1884 3614 οὐκ
1918 3552 2095 3640 ἐρεῖς;

632 3654 696 3735 β.
740 3645 941 3743 Ερμῆς
975 3652 1165 3744 ἔγωγε
1199 3645 1544 3736 Δαιδάλου,
1578 3662 1777 3742 φωνὴν
1811 3658 2000 3746 ἔχων·

629 3750 861 3832 ξύλινος
894 3748 1160 3840 βαδίζων
1192 3757 1535 3849 αὐτόματος
1565 3762 1849 3833 ἐλήλυθα.

534 3899 715 3957 Versu
752 3919 777 3957 1
818 3902 991 3975 vulgo
1013 3902 1323 3958 invenustis
1346 3904 1597 3958 numeris
1635 3903 1686 3959 τί
1724 3912 1897 3982 σιγᾷς
1923 3906 2099 3961 Recte

529 3984 579 4043 τί
603 3986 937 4043 deleverunt
957 3989 1235 4043 Dobraeus
1254 4000 1310 4045 et
1331 3991 1623 4045 Hanovi'us
1641 3993 1840 4048 Exere.
1867 3991 2016 4045 critt.
2045 4009 2098 4067 ι,

532 4094 589 4149 p.
628 4073 762 4133 ¹60.
792 4076 1039 4134 Meinek.
1073 4089 1303 4151 poetam
1327 4079 1589 4133 consulto
1614 4098 1776 4134 usum
1820 4098 1936 4135 esse
1963 4100 2100 4155 pro-

533 4161 930 4219 celeusmatico
958 4164 1235 4238 persuasit
1270 4166 1398 4221 sibi.
1438 4170 1503 4222 V.
1540 4164 1571 4220 3
1603 4164 1894 4242 αὐτόματος
1923 4170 2100 4226 Cobe-

534 4262 621 4305 tus
655 4252 819 4309 Obss.
850 4270 913 4326 p.
959 4252 1068 4308 180
1093 4271 1203 4328 pro
1225 4250 1553 4329 αὖτομάτως.

1282 4390 1341 4448 8.

614 4516 897 4572 Plutarch.
921 4520 1047 4574 Vita
1072 4519 1300 4575 Periclis
1320 4538 1449 4593 cap.
1484 4528 1514 4587 l.
1554 4540 1563 4575 ε
1588 4521 1646 4576 οὖ
1666 4520 1785 4611 ἲμὴν
1811 4520 1962 4580 ἔλαθε
1984 4524 2098 4582 Δά-

1284 4722 1339 4772 6.

533 4827 645 4885 Alit
676 4835 952 4900 putentem
974 4828 1275 4904 Cephalum
1292 4872 1307 4899 ‚
1328 4829 1685 4891 foedissimam
1710 4842 1939 4907 pestem.

1290 4956 1343 5005 7.

533 5082 585 5123 a.
618 5068 771 5122 {leus
785 5075 865 5135 tu,
894 5067 1020 5139 quis
1041 5070 1137 5124 es?
1156 5066 1247 5125 die
1262 5072 1449 5127 ocius!
1482 5075 1719 5129 —Tnees
1742 5076 1893 5129 ?non
1917 5071 2100 5129 dices?

534 5152 587 5207 b.
622 5153 923 5208 Mercurius
947 5169 1047 5225 ego
1074 5157 1268 5222 (sum)
1292 5155 1499 5213 Doedali
1520 5200 1535 5225 ‚
1564 5174 1693 5214 voce
1725 5156 1986 5232 praeditus
2014 5179 2026 5215 :

533 5237 725 5308 ligneis
743 5238 968 5311 pedibus
994 5251 1186 5313 sponte
1212 5245 1347 5300 veni.

1527 436 1938 498 coMOEmAE
1979 435 2304 498 vss'rssms
2343 435 2758 511 RELIQUIAE.

2147 583 2156 596 ·
2191 589 2306 644 μων
2343 567 2494 644 (quo
2533 569 2777 624 Pericles
2819 571 3050 626 musicae
3095 575 3356 648 magistro
3395 593 3509 631 usus
3550 577 3676 651 fuit).

2191 655 2310 714 ἀλλ’
2331 656 2403 721 ὥς
2425 653 2826 734 πολυπράγμων
2847 655 2936 714 καὶ
2959 657 3326 738 φιλοτύραννος
3347 659 3675 742 ἐξωστρακίσθη,

2192 744 2282 802 καὶ
2321 743 2558 823 παρέσχε
2595 752 2704 811 τοῖς
2753 753 3006 821 κωμικοῖς
3043 747 3332 829 διατριδήν.
3379 753 3408 808 ὁ
3449 756 3552 828 γοῦν
3597 756 3672 811 lli..

2191 832 2216 856 ¹*
2239 830 2326 890 καὶ
2352 830 2736 908 πυνθανόμενον
2758 835 2918 894 αὐτοῦ
2939 857 3060 893 τινα
3082 836 3363 909 πεποίηκεν
3382 835 3523 898 οὕτω·

2289 965 2544 1058 Πρῶτον
2571 968 2679 1058 μὲν
2697 965 2797 1034 οὖν
2817 993 2920 1059 μοι
2942 967 3143 1050 λέξον,
3172 965 3482 1036 ἀντιὸολῶ·
3507 975 3564 1038 σὺ
3580 973 3674 1065 γὰρ,

2289 1079 2404 1160 ὡς,
2441 1073 2635 1163 φασὶν,
2667 1079 2699 1138 ὁ
2724 1073 2977 1167 Χείρων,
3000 1073 3307 1169 ἐξέθρεψας
3335 1076 3620 1170 Περικλέα;

2194 1215 2365 1289 Apud
2393 1215 2543 1274 Plut.
2574 1218 2784 1295 legam,
2815 1232 3110 1296 expuncto
3139 1221 3317 1291 αὐτοῦ,
3345 1222 3488 1296 quod
3509 1222 3676 1278 videtur

2192 1323 2307 1362 ωε
2334 1305 2606 1379 glossema
2626 1350 2643 1378 ,
2675 1310 2704 1364 ὁ
2731 1312 2853 1384 γόν
2887 1310 3024 1382 Πλ.,
3056 1311 3128 1374 ὡς
3151 1307 3504 1384 πυνθανομένου
3525 1309 3672 1374 τινὸς...

2193 1395 2398 1450 Passim
2435 1395 2670 1454 confusa
2697 1398 2787 1454 καὶ
2819 1409 2876 1454 et
2905 1399 2979 1462 ὡς
2999 1441 3018 1473 ,
3041 1419 3072 1452 ν
3096 1410 3155 1454 et
3179 1421 3238 1470 u,
3259 1419 3293 1454 α
3315 1411 3370 1456 et
3403 1419 3466 1462 ος.
3497 1401 3630 1454 Versu
3651 1419 3674 1454 2

2195 1481 2327 1537 libri
2373 1469 2424 1564 ὦ
2465 1481 2690 1563 Χείρων.
2749 1486 3035 1557 CobetuS,
3076 1482 3148 1550 ὥς
3197 1505 3354 1564 φασι,
3395 1484 3566 1562 Χείρων
3595 1485 3674 1550 ἐξὲ-

2191 1571 2382 1648 θρεψας
2435 1571 2512 1632 Π.
2571 1575 2658 1630 De
2733 1574 3000 1630 Chironis
3061 1575 3369 1630 illustribus
3403 1598 3428 1626 ι
3475 1577 3675 1648 μαθηταῖς

2192 1657 2514 1735 κυνηγεσίων
2561 1681 2618 1718 τε
2661 1659 2752 1718 καὶ
2789 1661 2980 1739 ἑτέρων
3019 1661 3200 1720 καλῶν
3235 1687 3261 1712 ι
3313 1662 3590 1736 Xenophon
3615 1665 3674 1717 De

2191 1756 2384 1804 venat.
2411 1765 2540 1822 cap.
2577 1768 2628 1804 1.
2659 1772 2685 1799 «x
2715 1751 2803 1806 De
2821 1751 3104 1822 Damone,
3126 1752 3338 1808 musico
3359 1762 3478 1806 tunc
3495 1751 3672 1816 famoso,

2195 1831 2354 1889 Plato
2382 1835 2556 1894 Lach.
2584 1854 2646 1911 p.
2683 1835 2814 1908 180,
2836 1840 2890 1895 D
2925 1857 2940 1896 t
2977 1835 3342 1916 Ἀγαθοκλέους
3379 1835 3577 1914 μαθητὴν
3595 1837 3672 1896 Διί·

2195 1942 2372 1996 μωνα,
2424 1920 2588 2000 ἄνδρα
2627 1925 2976 2002 χαριέστατον
3002 1968 3019 1997 ,
3060 1925 3122 1984 οὗ
3168 1923 3322 2000 μόνον
3351 1923 3436 1995 τὴν
3461 1923 3670 1999 μουσικὴν,

2193 2008 2331 2067 ἀλλὰ
2363 2009 2458 2078 καὶ
2506 2010 2676 2071 τᾶλλα
2713 2011 2882 2070 ὁπόσα
2925 2012 3138 2092 βούλει,
3183 2011 3320 2081 ἄξιον
3376 2011 3672 2090 συνδιατρίὸειν

2192 2096 2439 2166 τοιούτοις
2485 2099 2793 2168 νεανίσκοις.
2836 2103 2922 2160 Cf.
2983 2103 3238 2179 Republ.
3290 2104 3345 2173 3,
3387 2122 3442 2178 p.
3483 2110 3591 2170 40⁰,
3625 2104 3670 2166 B.

2193 2189 2344 2246 Plut.
2381 2191 2467 2246 De
2491 2209 2634 2249 mus.
2663 2211 2726 2266 p.
2763 2191 2936 2262 1136,
2969 2195 3038 2262 E,
3071 2193 3270 2249 Athen.
3305 2199 3385 2260 14,
3411 2211 3464 2266 p.
3497 2189 3602 2258 628,
3625 2191 3668 2254 C,

2194 2273 2396 2336 Liban.
2425 2280 2595 2354 Apol.
2624 2281 2785 2335 Socr.
2823 2281 2941 2338 vol.
2977 2280 3038 2350 3,
3059 2299 3122 2354 p.
3154 2278 3246 2350 56,
3275 2282 3430 2354 Diog.
3457 2281 3608 2334 Laert.
3629 2293 3670 2340 2,

2203 2382 2304 2438 19,
2327 2376 2442 2421 ete.
2467 2389 2495 2415 ν
2536 2369 2586 2422 E
2619 2369 2706 2424 M.
2745 2367 2837 2424 Ad
2863 2369 3159 2442 sophistas
3195 2367 3452 2425 referebat
3487 2363 3670 2421 Cobetns

2193 2470 2254 2524 Ρ.
2293 2449 2430 2510 188.

2949 2602 3010 2658 9.

2277 2711 2484 2768 Athen·
2515 2730 2574 2784 2,
2604 2731 2665 2788 p.
2701 2713 2800 2784 48,
2838 2715 2888 2770 A
2919 2733 2934 2772 ε
2967 2710 3068 2785 τὴν
3101 2713 3205 2772 τῶν
3233 2709 3523 2794 στρωμάτων
3539 2707 3670 2765 σύνθε-

2194 2819 2279 2856 σιν
2315 2797 2568 2878 περιὸολῇ
2601 2799 2882 2879 χωρίζουσι
2913 2801 3336 2880 (distinguunt)
3361 2798 3442 2858 καὶ
3465 2795 3665 2868 ὓποῦολῇ,

2193 2885 2324 2966 φησὶ
2349 2886 2578 2951 Πλάτων
2607 2891 2636 2948 ὃ
2663 2888 2962 2970 φιλόσοφος·
2993 2893 3024 2949 ὁ
3051 2889 3099 2949 δ’
3131 2888 3390 2968 ὁμώνυμος
3418 2888 3536 2963 αὐτῷ
3559 2905 3668 2953 ποιη-

2194 2975 2288 3046 wic
2304 2998 2430 3057 φησι
2457 3001 2480 3030 ·
2505 2966 2644 3057 Kisa&
2661 2980 2714 3036 ἐν
2741 2975 2940 3043 κλίναις
2957 2978 3350 3059 ἐλεφαντόποσιν
3368 2973 3448 3034 καὶ
3463 2971 3666 3049 στρώμασι

2191 3063 2652 3147 πορφυροὸάπτοις
2686 3068 2788 3124 κάν
2822 3066 3074 3146 φοινικίσι
3101 3064 3484 3145 σαρδιανικαῖσιν
3525 3080 3666 3131 κοιμη-

2195 3150 2410 3229 σάμενοι
2429 3152 2784 3213 κατάκεινται.
2804 3182 2828 3209 υ
2851 3158 3084 3214 Frustra
3107 3156 3354 3214 exercuit
3374 3155 3506 3208 viros
3519 3150 3664 3205 doctos

2195 3239 2420 3321 ἄμετρον
2457 3246 3018 3317 interpretamentum
3048 3244 3147 3302 κάν
3173 3266 3304 3323 φοιν.
3327 3239 3482 3319 σαρδ.,
3501 3237 3560 3291 de
3583 3252 3662 3306 ‘1¹1⁰

2194 3348 2250 3389 v.
2283 3350 2417 3391 ann.
2451 3332 2524 3388 ad
2542 3334 2833 3407 Aristoph.
2855 3334 3108 3392 Acharn.
3143 3352 3166 3388 1
3185 3352 3271 3390 ιιι.
3290 3334 3408 3404 Quo
3425 3332 3661 3401 expuncto,

2191 3421 2502 3476 scribamus
2539 3420 2896 3478 confidenter

2292 3586 2387 3597 —
2417 3560 2474 3614 K
2497 3543 2575 3614 ’τ’
2605 3550 2668 3613 ἐν
2700 3548 2935 3627 κλίναις
2960 3550 3410 3643 ἐλεφαντόποσιν

2291 3651 2394 3718 καὶ
2432 3655 2749 3745 στρώμασι
2778 3634 3351 3747 πορφυροὲάπτοισιν
3379 3644 3661 3739 'cosp-wigu-

3225 3787 3314 3828 νοι
3337 3756 3658 3825 κατάκεινται.

2191 3902 2353 3957 Libri
2389 3900 2817 3979 κοσμησάμενοι,
2848 3905 3008 3980 quod
3047 3896 3357 3963 emendarit
3385 3895 3578 3957 Casnub.
3603 3888 3662 3944 Ad

2195 3988 2434 4063 Legatos
2469 3992 2650 4045 nostri
2689 3994 3071 4065 probabiliter
3111 3998 3226 4051 haec
3261 3991 3434 4048 retulit
3463 3979 3664 4054 Bergkius

2191 4080 2533 4138 Commentt.
2554 4098 2618 4155 p.
2649 4078 2781 4153 395,
2802 4093 3032 4138 notatos
3051 4104 3146 4139 eos
3171 4084 3376 4151 dicens,
3399 4071 3530 4149 quod
3554 4060 3662 4137 apud

2193 4170 2564 4222 Artaxerxem
2601 4166 2894 4225 Persarum
2929 4190 3091 4229 more
3110 4164 3498 4227 luxuriaverint.

2935 4338 3020 4375 10.

2275 4440 2432 4496 Idem
2487 4462 2576 4513 ιι,
2610 4465 2666 4519 p.
2718 4447 2827 4516 783
2849 4489 2866 4518 ,
2915 4452 2964 4505 D
2993 4468 3008 4507 ε
3059 4446 3148 4505 καὶ
3189 4444 3245 4501 τὸ
3271 4444 3402 4521 ῥῆμα
3427 4434 3473 4492 δὲ
3511 4430 3660 4499 ἕξημψ

2194 4550 2356 4601 στισε,
2382 4530 2537 4607 φασὶ,
2559 4532 2619 4589 τὸ
2638 4535 2717 4612 ἐφ’
2737 4533 2792 4590 ἓν
2821 4540 3030 4610 πνεῦμα
3053 4537 3208 4603 πιεῖν,
3231 4534 3298 4598 ὡς
3321 4532 3347 4586 ὁ
3366 4520 3557 4599 κωμικὸς
3575 4514 3648 4572 ffl·

3173 4637 3536 4660 .------

2941 4726 2997 4775 8.

2191 4828 2434 4886 Primum
2459 4832 2624 4903 igitur
2647 4832 2779 4887 mihi
2806 4831 2896 4891 dic
2912 4873 2934 4903 ,
2964 4842 3018 4891 te
3039 4832 3286 4893 obtestor,
3305 4833 3440 4883 tune,

2189 4928 2253 4975 ut
2279 4920 2420 4991 vulgi
2448 4936 2700 4979 sermone
2718 4924 2922 4979 Chiron
2941 4966 2957 4992 ‚
2985 4918 3216 4979 educasti
3239 4904 3498 4973 Periclem?

2947 5032 3002 5080 9.

2191 5170 2262 5181 --
2287 5139 2498 5196 Deinde
2521 5140 2574 5195 in
2601 5139 2752 5195 lectis
2773 5136 3262 5211 elephantipedibns

2191 5228 2481 5299 stratisque
2501 5241 2741 5299 purpura
2761 5226 2944 5282 tinctis
2963 5218 3240 5286 dormituri
3259 5215 3436 5289 jaoent·
