3809 5850
1469 397 1957 462 XENARcflUs.

3221 416 3336 466 625

68 532 129 590 h.
164 551 219 588 e.
254 527 477 596 ταύτας.
522 532 591 588 V.
642 527 675 585 5
702 531 781 586 sic
813 529 1195 608 Tyrwhittus3
1232 530 1361 586 libri
1396 527 1583 609 στέρνα
1620 532 1669 587 τ’
1765 535 1972 594 Athen.
2004 531 2062 604 3,
2093 551 2153 606 p.
2189 533 2323 603 123,
2346 535 2409 591 C.
2437 535 2608 591 Recte
2635 535 2871 592 casaub.
2896 537 3336 612 interpretatur:

70 622 361 693 ἠμφιεσμ.
418 621 480 676 V.
544 617 581 674 6
632 618 825 674 malim
864 615 1063 692 γυμνάς
1124 617 1192 686 τ’,
1238 611 1417 694 ἐφεξῆς
1478 615 1563 674 ἐπὶ
1612 639 1667 676 κ.
1765 627 2001 692 mittam,
2023 626 2348 698 priusquam
2379 629 2612 694 more'ar,
2637 625 2944 679 libertatem
2969 644 3187 697 possem
3201 633 3343 682 'con-

78 729 103 756 a
136 707 379 762 Eodem
400 723 567 761 versu
586 705 841 760 Eubulus
868 706 1050 761 utitur
1084 706 1149 760 iu
1180 705 1403 764 Nannio
1434 712 1492 772 4.
1526 705 1669 762 Ver·
1762 717 1942 786 sequi,
1983 737 2006 760 „
2039 711 2092 766 E
2118 711 2210 767 Μ.

70 813 207 850 sum
240 813 285 870 9
314 793 482 849 affert
514 792 769 850 Eustath.
791 812 854 867 p.
885 791 1024 862 883,
1058 791 1154 848 36.
1186 817 1209 842 ιι
1246 793 1297 847 Ε
1318 794 1402 849 M.
1434 795 1607 849 Versu
1637 791 1672 847 8

72 879 395 959 στρογγύλῃ
426 896 441 938 z
472 879 574 936 sed
598 881 728 954 quis
762 880 1059 936 mulierem
1107 879 1263 936 dicat
1317 877 1675 954 στρογγύληνῖ

70 979 281 1042 potest
346 978 414 1025 ut
454 967 789 1025 Xenarchus
829 967 1043 1024 dixerit
1088 969 1466 1045 σφριγανῇ,
1515 969 1672 1043 quod

70 1056 349 1113 reddidi.
376 1059 447 1115 V.
479 1075 551 1112 10
571 1057 721 1112 bene
738 1057 915 1116 Mein.
936 1052 1176 1129 κλίμακα
1200 1053 1537 1130 στησάμενον
1563 1075 1673 1131 pro

74 1142 311 1218 κλίμακ’
362 1141 731 1218 αἰτησάμενον.
774 1147 842 1202 V.
882 1162 945 1200 ιι
1000 1141 1132 1201 εἰσδ.
1182 1143 1499 1220 Dobraeus3
1540 1144 1675 1199 libri

76 1229 326 1289 ἐκδῦναι.
346 1233 421 1289 V.
449 1229 517 1286 15
550 1229 704 1288 Eust.
726 1249 787 1304 p.
816 1230 985 1304 1369,
1009 1249 1084 1306 29
1107 1247 1123 1288 ε
1148 1227 1292 1306 λέγει
1310 1229 1356 1286 δ’
1378 1229 1674 1308 ἀπφάρια

76 1315 225 1374 κατὰ
255 1315 365 1393 μέν
393 1338 533 1382 τινας
560 1315 628 1373 τὰ
657 1315 909 1392 ἀδέλφια,
932 1315 1167 1392 μάλιστα
1192 1315 1246 1374 δὲ
1266 1315 1361 1389 τὰ,
1387 1319 1458 1384 ὣς
1485 1319 1669 1389 εἰπεῖν,

78 1403 321 1484 πατέρια
356 1403 673 1481 (paterna)·
701 1405 874 1484 ᾱπφῧς
891 1401 993 1482 γὰρ
1018 1401 1249 1479 δωρικῶς
1278 1406 1306 1461 ὁ
1337 1401 1546 1484 πατὴρ,
1586 1402 1674 1484 ἀφ’

80 1483 141 1550 οὗ
172 1493 394 1564 δηλαδή
436 1515 513 1558 τις
550 1489 665 1571 ἔφυ.
710 1497 778 1553 V.
820 1493 891 1550 16
934 1490 1165 1562 ἑκάστην
1192 1495 1521 1568 Dalecamp.
1566 1512 1674 1568 pro

80 1579 343 1640 ἕκαστον.
390 1581 613 1639 Deinde
642 1581 913 1638 vitiosum
952 1591 1096 1656 puto
1138 1579 1331 1654 ἀδεῶς,
1370 1580 1675 1655 scriboque

84 1665 161 1726 ὃν
200 1668 403 1728 ἰδεῖν.
422 1671 493 1727 V.
524 1669 595 1728 18
616 1669 819 1744 putide
845 1669 979 1725 libri
1001 1663 1107 1725 οὔθ’
1138 1665 1317 1745 ὁρῶντ’
1334 1666 1457 1724 ἰδεῖν
1480 1667 1673 1745 σαφῶς.

82 1760 275 1814 Immo
317 1757 553 1836 ἐρῶντα,
586 1768 908 1822 amantem,
951 1757 1053 1831 qui
1094 1758 1249 1813 clare
1287 1757 1482 1813 videre
1521 1757 1675 1827 vult,

86 1865 265 1920 quam
292 1855 471 1902 amet.
501 1843 641 1902 Post
660 1848 813 1902 hunc
840 1863 1065 1902 versum
1086 1843 1257 1902 codd.
1282 1846 1543 1920 plerique
1570 1844 1676 1901 ad-

88 1934 235 1992 dunt

166 2045 384 2104 δεδιότα
414 2047 467 2104 ἐν
500 2047 567 2122 τῇ·
590 2043 733 2124 χειρὶ
764 2041 859 2114 τὴν
881 2039 1058 2121 ψυχὴν
1084 2040 1295 2121 ἔχοντα.

90 2159 234 2218 cod.
262 2158 316 2216 P
349 2157 519 2238 ἔχειν,
548 2157 710 2233 quod
743 2167 828 2214 est
852 2153 1249 2214 versificatoris
1284 2155 1430 2214 male
1466 2155 1670 2213 feriati.

90 2251 257 2306 Mitto
282 2250 619 2306 criticorum
638 2247 945 2304 tentamina
962 2265 1081 2302 non
1103 2246 1289 2300 minus
1308 2262 1477 2302 vana.
1498 2245 1674 2301 Recte

90 2338 383 2396 Meiueck.
428 2337 549 2393 haee
602 2334 782 2392 deleri
815 2333 999 2407 jussit.
1044 2361 1069 2386 a
1116 2331 1379 2390 formula
1418 2332 1671 2408 (inquit)

90 2423 265 2503 ψυχὴν
298 2427 361 2484 ἰν
404 2422 541 2504 χειρὶ
576 2421 717 2501 ἔχειν
749 2423 823 2480 de
858 2423 1187 2480 hominibus
1212 2423 1341 2478 vitae
1368 2421 1673 2478 discrimen

94 2513 475 2584 adeuntibus,
494 2512 657 2585 cnjus
676 2513 927 2588 plurima
950 2511 1208 2586 exempla
1231 2511 1420 2567 attulit
1436 2509 1507 2565 ad
1536 2509 1593 2564 h.
1628 2511 1667 2567 Ι.

94 2603 363 2674 Casaub„
378 2619 497 2658 uon
517 2602 627 2656 nisi
651 2597 856 2656 infimae
879 2599 1053 2654 aetatis
1072 2598 1446 2672 scriptoribus
1468 2598 1673 2654 usitata

96 2689 219 2749 fuit.
247 2690 530 2762 Taliaque
549 2687 933 2745 additamenta
953 2685 1249 2761 permultis
1265 2682 1402 2740 locis
1427 2703 1493 2740 ex
1522 2704 1674 2741 mar-

96 2778 221 2850 gine
241 2779 299 2832 in
324 2785 542 2832 textum
564 2775 820 2832 Athenaei
848 2774 1008 2830 illata
1034 2791 1178 2843 esse,
1205 2791 1275 2828 ne
1302 2775 1419 2848 ipse
1441 2771 1672 2846 quidem

96 2865 367 2924 Dindorf.
398 2863 731 2941 ignorabat,
770 2861 933 2935 cujus
965 2861 1097 2918 vide
1122 2861 1283 2937 praef.
1316 2881 1373 2937 p.
1408 2879 1513 2930 ao,
1546 2862 1671 2937 col-

96 2953 207 3009 lata
236 2954 553 3011 Hennanni
571 2952 647 3009 ad
672 2954 845 3010 Drac.
872 2952 1041 3009 Strat.
1065 2969 1122 3025 p.
1149 2956 1243 3016 24.
1273 2953 1470 3005 Versus
1494 2968 1566 3006 20
1588 2962 1671 3005 to·

100 3050 185 3097 tus
221 3060 293 3098 ex
340 3041 613 3117 Euripide
653 3038 907 3109 effictus,
952 3041 1129 3115 Hipp.
1180 3038 1315 3115 393.
1360 3040 1428 3096 V.
1476 3058 1545 3094 αι
1600 3037 1673 3095 de

104 3129 396 3185 Dracontis
438 3128 657 3205 legibus
694 3128 756 3184 in
799 3128 1051 3184 moechos
1079 3126 1348 3204 (Pausan.
1378 3146 1415 3201 9
1434 3168 1448 3195 ‚
1480 3126 1574 3197 36,
1600 3127 1670 3202 8)

104 3215 241 3273 dixit
259 3218 498 3291 Taylor.
526 3218 711 3275 Lectt.
744 3216 873 3293 Lys.
903 3234 962 3290 p.
987 3214 1099 3271 303
1124 3216 1309 3272 Reisk.
1344 3240 1366 3265 ι

862 3365 915 3401 2.

176 3476 386 3533 Athen.
421 3492 515 3543 ro,
546 3491 606 3547 p.
641 3480 779 3543 440,
801 3474 847 3529 Ε
878 3493 893 3527 =
925 3470 1006 3529 ὅτι
1038 3471 1091 3529 δὲ
1123 3469 1347 3551 φίλοινον
1367 3468 1427 3529 τὸ
1452 3473 1555 3529 τῶν
1579 3494 1673 3549 γυ-

106 3562 287 3619 ναικῶν
320 3557 499 3639 γένος,
524 3558 716 3618 κοινόν.
747 3558 845 3619 οὐκ
871 3557 1174 3639 ἀχαρίστως
1200 3558 1254 3617 δὲ
1283 3558 1373 3618 καὶ
1401 3562 1429 3617 ὁ
1456 3557 1586 3618 Ξέν.
1620 3560 1673 3618 ἐν

104 3648 173 3727 τῷ
215 3652 383 3711 Πεντ.
432 3646 658 3725 γυναῖκά
696 3670 813 3705 τινα
842 3647 1041 3725 εἰσάγει
1091 3647 1431 3728 φρικτότατον
1473 3648 1674 3727 (immo

105 3734 483 3815 φορτικώτατον
523 3757 536 3793 :
564 3738 819 3795 terribile
842 3735 1075 3813 quidem
1094 3757 1212 3794 non
1240 3748 1320 3794 est
1354 3736 1467 3793 hoc
1488 3735 1673 3810 jusju-

104 3822 381 3903 randum)
400 3820 554 3905 ὅρκον
575 3820 869 3900 ὀμνύουσαν
894 3822 1041 3883 τόνδε
1060 3871 1076 3895 ,

195 3995 289 4007 -
323 3950 480 4047 Ἐμοὶ
504 3957 735 4049 γένοιτο
767 3964 870 4022 σοῦ’
901 3949 1135 4041 ζώσης,
1169 3955 1401 4037 τέκνον,

197 4062 493 4156 ἐλεύθερον
520 4072 773 4128 πιοῦσαν
798 4057 955 4127 οἶνον
986 4052 1329 4127 ἀποθανεῒνῖ

118 4210 140 4235 ⁸
168 4185 465 4269 Ἐλεύθερον
492 4178 629 4248 οἶνον
653 4187 821 4247 πίνειν
850 4189 993 4247 dicit
1018 4190 1223 4245 mulier
1266 4187 1535 4245 bibacula
1561 4206 1672 4263 pro

110 4290 173 4333 eo
192 4319 207 4348 ,
237 4278 399 4355 quod
418 4289 709 4355 exspectes
726 4320 745 4353 ,
772 4272 1035 4355 ἰλεύθερον
1064 4273 1228 4351 ὕδωρ,
1260 4296 1385 4349 quae
1406 4276 1537 4331 satis
1562 4275 1672 4331 fre·

112 4379 277 4436 quens
316 4366 545 4425 dic-di
570 4367 757 4423 forma
778 4375 862 4423 est
892 4364 965 4421 de
992 4365 1167 4421 servis
1192 4363 1457 4420 libertate
1491 4362 1671 4420 dona-

110 4450 173 4507 tis
196 4468 211 4511 ε
236 4474 291 4513 ν.
319 4472 455 4516 ann.
478 4455 553 4512 ad
572 4454 911 4531 Antiphanis
930 4450 1213 4547 Ἀλειπτρ.,
1247 4464 1305 4511 et
1322 4450 1567 4511 casaub.
1597 4450 1673 4507 ad

852 4626 905 4673 2.

206 4706 343 4763 Mihi
366 4706 581 4763 eveniat
598 4748 616 4774 ‚
638 4714 729 4774 ut,
756 4714 809 4763 te
831 4708 1073 4775 vivente,
1100 4704 1213 4761 filia
1228 4746 1244 4773 ,

208 4789 437 4850 liberum
462 4791 659 4850 bibens
683 4792 871 4849 vinum
896 4794 1125 4847 moriar!
1180 4872 1193 4883 .

856 4886 907 4935 3.

118 4960 497 5037 tusjurandum
521 4974 705 5024 autem
736 4982 837 5041 ego
864 4966 1112 5025 mulieris
1134 4966 1261 5023 vino
1284 4965 1537 5022 inscribo.

675 5055 1093 5111 PORPHYRA.

858 5148 881 5195 1
896 5183 907 5195 .

218 5226 390 5283 Poetae
414 5226 639 5299 quidem
662 5236 795 5285 suut
818 5244 983 5301 nugae
1010 5248 1021 5283 ε
1045 5228 1180 5285 nihil
1206 5228 1353 5283 enim

312 5332 601 5370 ruacnasn
630 5334 907 5371 commacu
938 5336 1022 5371 GR·

2527 821 2583 878 3.

1846 931 1937 988 lb.
1963 951 2024 1006 p.
2059 938 2197 1009 441,
2227 933 2273 987 E
2307 953 2318 985 :
2354 929 2482 989 Ξὲν.
2515 933 2674 990 Πεντ.

1862 1038 2057 1138 ὁρκον
2087 1038 2148 1112 δ’
2172 1049 2290 1138 ἐγὼ
2318 1046 2592 1140 γυναικὸς
2612 1045 2692 1124 εἰς
2711 1041 2864 1112 οἶνον
2881 1047 3110 1140 γράφω.

1776 1199 1801 1224 κ
1835 1175 2040 1231 Itidem
2055 1172 2423 1232 bibacitatem
2446 1175 2791 1231 muliercule
2803 1178 3188 1252 perstringens
3207 1165 3343 1235 οἶνον

1766 1262 2053 1318 substituit
2095 1281 2202 1337 pro
2239 1259 2402 1339 ὕδωρ.
2456 1261 2750 1318 Helladius
2785 1264 2942 1338 apud
2989 1267 3156 1327 Phot.
3191 1269 3340 1325 Bibl.

1768 1352 1904 1411 cod.
1938 1371 2054 1427 279
2073 1391 2090 1421 ,
2120 1370 2182 1426 p.
2212 1350 2345 1426 530,
2393 1352 2460 1409 16
2496 1371 2510 1406 :
2541 1351 2570 1407 ὁ
2600 1348 2776 1428 στίχος
2809 1354 2837 1409 ὁ
2863 1351 2956 1410 καὶ
2983 1355 3340 1433 παροιμιαζό-

1834 1459 1950 1510 νος,

1766 1460 1833 1515 ⁹⁴⁸
1862 1553 2067 1646 ὅρκους
2098 1554 2216 1644 ἐγὼ
2247 1551 2526 1642 γυναικὸς
2551 1550 2632 1629 εἰς
2663 1543 2822 1642 ὕδωρ
2848 1551 3058 1645 γράφω
3079 1607 3099 1631 ,

1766 1691 1879 1840 ἐσέτι
1913 1691 2008 1768 μὲν
2033 1691 2478 1772 Σοφοκλέους....,
2507 1695 2556 1752 οἱ
2585 1693 2640 1752 δὲ
2667 1693 2762 1760 τὰς
2789 1703 3039 1771 γυναῖκας
3068 1695 3344 1756 σκώπτον-

1765 1804 1796 1839 τ
1824 1805 1848 1848 ς
1875 1803 2031 1860 φασιν

1846 1909 2030 1989 ὅρκους
2055 1907 2158 1986 ἒγὼ
2185 1907 2426 1984 γυναικὸς
2444 1911 2516 1976 εἰς
2543 1899 2677 1970 οἶνον
2702 1911 2904 1992 γράφω.

1766 2021 1860 2080 Sic
1894 2025 2050 2080 euim
2079 2021 2332 2099 Scaliger
2365 2042 2478 2098 pro
2512 2025 2790 2081 mendoso
2839 2027 3098 2100 γυναικῶν
3146 2028 3218 2094 εἰς
3259 2017 3344 2085 οἷ-

1766 2131 1889 2168 κτον
1936 2131 2020 2188 γρ.
2067 2111 2420 2185 Phrynichus
2475 2114 2690 2186 Appar.
2738 2113 2904 2189 soph.
2956 2133 3015 2189 p.
3062 2113 3172 2190 55,
3233 2136 3300 2188 17
3323 2159 3340 2187 ,

1762 2195 1969 2280 Ὅρκον
2001 2195 2244 2274 γυναικὸς
2272 2199 2342 2263 εἰς
2379 2196 2518 2276 ὕδωρ
2555 2195 2660 2276 χρὴ
2689 2198 2906 2278 γράφειν
2940 2218 2954 2260 :
2988 2197 3068 2259 ὅτι
3097 2202 3339 2261 ἀπιστεῖν

1762 2286 1971 2364 γυναικὶ
1995 2286 2070 2343 δεῖ
2097 2284 2380 2362 ὀμνυούσῃ.
2411 2313 2438 2336 ¹·
2462 2289 2515 2342 E
2534 2289 2622 2344 M.

2295 2423 2385 2483 lV.
2431 2425 2794 2485 ΠΟΡΦΥΡΑ
2808 2468 2820 2483 .

1846 2581 1870 2606 ι
1904 2551 2164 2634 Πορφύρα
2185 2596 2202 2626 ,
2252 2575 2426 2632 quam
2470 2559 2530 2616 in
2571 2558 2840 2614 Timoclis
2891 2557 3104 2617 fabulis
3142 2561 3344 2620 Suidas

1764 2655 2202 2716 commemorat,
2250 2645 2323 2702 ab
2369 2646 2492 2702 aliis
2555 2645 2862 2704 Xenarcho
2918 2648 3280 2708 tribuebatur
3324 2674 3338 2708 ε

1762 2749 1821 2788 v.
1849 2731 2055 2789 Athen.
2078 2731 2140 2800 6,
2170 2750 2229 2806 p.
2265 2730 2401 2800 225,
2425 2731 2502 2802 G;
2533 2749 2589 2802 7,
2621 2751 2680 2807 p.
2715 2731 2857 2808 319,
2889 2735 2969 2804 Α;
3001 2755 3092 2806 ιο,
3117 2756 3178 2811 p.
3207 2738 3342 2806 431,

1762 2822 1834 2878 A.
1870 2817 2088 2875 Eodem
2123 2818 2294 2875 titulo
2329 2815 2582 2877 fabulam
2617 2819 2877 2902 docuisse
2915 2823 3166 2900 Augeam
3205 2826 3344 2883 dicit

1764 2904 1990 2967 Suidas.
2039 2907 2092 2963 A
2132 2909 2447 2965 meretricis
2489 2908 2722 2965 nomine
2777 2908 3013 2967 ductum
3062 2915 3340 2989 suspicari

1760 2994 1894 3050 licet
1911 3034 1929 3065 ‚
1961 3012 2290 3070 quanquam
2313 2997 2454 3051 nihil
2475 2996 2710 3070 impedit
2725 3038 2744 3069 ,
2772 3000 3078 3071 quominus
3101 3002 3174 3058 de
3191 3006 3345 3061 veste

1762 3081 2014 3157 stragula
2041 3084 2372 3157 cogitemus.
2403 3084 2490 3139 Ita
2523 3080 2817 3160 Καλάσιρις
2847 3084 3021 3143 index
3042 3084 3150 3143 suit
3175 3088 3338 3147 fabu-

1762 3168 1829 3223 1ae
1856 3167 2160 3227 Alexideae.
2187 3194 2212 3219 ι
2248 3170 2296 3223 Ε
2323 3170 2405 3228 Μ.

2529 3301 2581 3339 ι.

1844 3389 2052 3449 Athen.
2074 3388 2134 3461 6,
2162 3411 2224 3468 p.
2262 3390 2398 3468 225,
2423 3392 2490 3467 C,
2513 3392 2584 3449 de
2607 3393 2988 3467 piscat-iorum
3007 3395 3298 3455 fraudibus
3322 3420 3336 3458 :

1765 3474 1893 3536 Ξὲν.
1933 3474 2216 3555 Πορφύρᾳ,

1911 3593 2003 3660 Οἱ
2029 3598 2138 3686 μὲν
2161 3594 2411 3666 ποιηταὶ
2437 3594 2615 3687 λῆρός
2634 3593 2781 3661 εἰσιν
2802 3620 2816 3635 ·
2848 3590 2987 3663 οὐδὲ
3021 3596 3080 3663 ἓν

1913 3698 2115 3765 καινὸν
2147 3697 2260 3793 γὰρ
2291 3697 2674 3790 εὑρίσκουσιν,
2696 3698 3194 3795 ἀλλὰμεταφέρει

1912 3808 2164 3880 ἕκαστος
2192 3809 2384 3873 αὐτῶν
2404 3802 2574 3872 ταῦτ’
2591 3801 2716 3871 ἄνω
2743 3832 2812 3873 τε
2833 3805 2935 3871 καὶ
2957 3809 3126 3877 κάτω
3147 3832 3160 3845 ·

1916 3919 2039 3975 τῶν
2067 3901 2107 3974 δ
2115 3905 2129 3929 ’
2164 3909 2552 4002 ἰχθυοπωλῶν
2576 3914 3060 4003 φιλοσοφώτερον
3091 3916 3254 4005 γένος

1773 4010 1811 4080 5
1913 4018 2018 4081 οὐκ
2045 4016 2214 4081 ἔστιν
2245 4010 2417 4082 οὐδὲν
2437 4007 2573 4082 οὐδὲ
2594 4020 2830 4107 μᾶλλον
2862 4018 3128 4083 ἀνόσιον.

1913 4118 2064 4185 Επεὶ
2093 4117 2206 4213 γὰρ
2241 4124 2441 4196 αὐτοῖς
2473 4115 2672 4185 οὐκέτ’
2703 4116 2832 4186 ἔστ’
2867 4118 3101 4202 ἐξουσία

1913 4224 2123 4315 ῥαίνειν
2152 4222 2512 4315 (ἀπείρηται
2543 4219 2610 4292 δὲ
2645 4234 2828 4292 τοῦτο
2852 4236 2942 4313 τῷ
2971 4224 3218 4321 νόμῳ),

1912 4326 1992 4409 εἷς
2021 4356 2116 4407 τις
2147 4330 2364 4398 θεοῖσιν
2393 4330 2596 4423 ἐχθρὸς
2623 4327 2926 4423 ἄνθρωπος
2943 4332 3174 4419 πάλαι,

1909 4434 2350 4529 ξηραινομένους
2377 4442 2458 4513 ὡς
2492 4431 2618 4503 εἶδε
2649 4438 2786 4514 τοὺς
2815 4438 2979 4531 ἰχθῦς
2996 4489 3014 4523 ,
3036 4433 3069 4469 ““
3085 4438 3294 4530 μάχην

1874 4616 2000 4674 novi
2027 4617 2320 4675 inveniunt
2333 4658 2350 4685 ‚
2371 4616 2466 4675 sed
2491 4616 2748 4674 transfert

1872 4718 2062 4761 eorum
2081 4704 2312 4777 quisque
2329 4702 2520 4761 eadem
2552 4712 2844 4776 perpetum

1872 4791 2122 4862 piscariis
2153 4800 2334 4849 autem
2366 4792 2662 4864 sapientius
2687 4806 2864 4865 genus

1768 4886 1801 4937 5
1874 4878 2090 4937 nullum
2113 4888 2226 4946 est,
2257 4895 2433 4953 neque
2459 4880 2774 4953 improbius.

1874 4968 2146 5038 Quoniam
2171 4968 2316 5024 enim
2333 4967 2442 5025 illis
2459 4984 2574 5026 non
2597 4968 2730 5027 licet
2745 4968 2985 5041 amplius

1874 5055 2201 5128 adspergere
2222 5055 2456 5129 (quippe
2480 5054 2586 5113 hoe
2609 5056 2726 5127 lege
2757 5055 3091 5127 prohibitum
3121 5062 3206 5111 est
3223 5060 3264 5121 ),

1871 5140 2096 5213 quidam
2121 5142 2354 5199 deorum
2389 5142 2650 5200 inimicus
2673 5140 2886 5199 dudum
2907 5142 3100 5205 homo,

1874 5238 1939 5285 ut
1965 5230 2194 5286 siccatos
2219 5229 2484 5286 inutiliter
2508 5228 2640 5285 vidit
2665 5230 2854 5301 ρίεεοε,

3075 5328 3124 5365 io
