3809 5850
472 395 583 445 130

1445 380 1857 445 COMOEmAE
1894 376 2238 443 vnmms
2279 376 2699 455 RELIQUIAE.

470 512 653 575 Μανόν
686 535 700 571 ε
729 513 787 572 τὸ
811 513 995 593 ἀραιὸν
1018 510 1157 571 οὕτω
1178 510 1415 591 λέγουσιν
1448 510 1739 584 Ἀθηναῖοι·
1769 510 1865 583 τὴν
1909 508 2036 589 (δὲ)
2121 512 2296 587 serit,
2327 509 2581 585 denique
2609 510 2912 585 Hermippi
2941 508 3181 584 ἰάμὸων,
3210 513 3248 571 i.
3281 532 3325 569 e.
3367 520 3622 577 carminum

374 627 379 633 ·
464 602 677 682 πρώτην
706 600 979 673 συλλαὸὴν
1009 598 1337 667 ἐκτείνουσιν.
1368 602 1483 659 Sed
1510 602 1851 679 corripuisse
1870 601 2036 657 vide-
2125 601 2561 676 probrosorum,
2583 599 2900 675 fragmenta
2923 596 3170 675 subjicit.

466 702 559 747 tur
576 692 873 765 AEschylus
894 710 981 750 zv.
1002 690 1212 765 Bergk.
1231 690 1305 745 ad
1329 692 1538 747 Anacr.
1564 708 1627 765 p.
1644 708 1782 762 27⁰·
1806 714 1831 740 u
1849 692 2036 746 Mein.

462 780 551 838 Cf.
575 790 847 836 annotata
873 780 1043 835 nobis
1067 778 1141 835 ad
1163 778 1411 853 AEschyli
1434 778 1507 834 fr.
1538 780 1743 838 incert.
1776 784 1871 846 100.

1203 890 1299 951 31.

548 1000 1018 1083 Καρηὸαρικὸν
1038 999 1276 1067 τὸπάθος
1290 1000 1671 1060 exPollucev.
1688 1000 1960 1077 infragm.
1976 999 2034 1059 6.

1206 1308 1285 1367 X.

978 1460 1519 1528 HERMIPPUS.

480 1688 488 1695 ,
548 1646 573 1671 ει
612 1618 903 1679 Teleclide
928 1619 1105 1693 paulo
1127 1616 1347 1691 junior,
1372 1617 1473 1675 sed
1498 1616 1781 1692 Eupolide
1806 1627 1863 1674 et
1896 1618 2034 1674 Ari-

460 1708 738 1785 stophane
764 1708 955 1784 prior,
986 1706 1095 1763 fuit
1120 1710 1459 1780 Hermippus
1485 1706 1875 1787 Atheniensis,
1919 1708 2036 1779 Ly-

460 1798 595 1853 sidis
613 1794 769 1853 filius
787 1806 846 1853 et
862 1791 1101 1869 Myrtili,
1120 1804 1305 1869 poetoe
1324 1793 1551 1863 comici,
1578 1793 1773 1853 frater.
1798 1792 1998 1851 Suidas
2017 1810 2032 1853 τ

463 1883 849 1963 Ἕρμιππος...
878 1880 1267 1961 ἑτερόφθαλμος
1286 1926 1302 1952 ,
1331 1876 1551 1958 ἀδελφὸς
1574 1878 1847 1960 Μυρτίλου
1858 1932 1877 1959 ,
1909 1874 2034 1959 δρά-

462 1993 608 2048 ματα
636 1968 847 2037 διδάξας
875 1967 952 2045 μ’.
991 1970 1265 2027 Similiter
1286 1967 1545 2025 Eudocia
1579 1987 1640 2043 p.
1691 1969 1820 2040 167.
1866 1971 2034 2025 Hunc

463 2077 699 2135 quoque
724 2076 914 2115 acrem
958 2056 1189 2113 Periclis
1228 2058 1675 2113 obtrectatorem
1701 2056 1867 2113 fuisse
1884 2096 1901 2125 ,
1941 2057 2035 2113 vel

460 2165 533 2203 eo
552 2157 890 2223 argumento
912 2145 1267 2219 intelligitur,
1290 2144 1452 2218 quod
1473 2146 1715 2219 Aspasia
1732 2144 2035 2229 impietatis

460 2236 619 2291 litem
659 2232 925 2291 intendit.
958 2232 1299 2289 Plutarchus
1328 2232 1545 2289 Pericle
1576 2252 1629 2289 c.
1666 2231 1741 2295 32
1770 2251 1785 2287 ε
1816 2229 1952 2309 Περὶ
1979 2230 2034 2289 δὲ

460 2326 641 2381 τοῦτον
678 2321 768 2380 τὸν
808 2318 994 2401 χρόνον
1037 2320 1291 2399 (olymp.
1326 2318 1423 2390 86,
1458 2327 1516 2391 4,
1542 2331 1608 2375 ut
1634 2318 1885 2396 videtur,
1915 2321 2035 2377 sive

461 2422 593 2469 ante
620 2411 755 2472 Chr.
798 2421 919 2470 nat.
953 2407 1103 2485 432)
1152 2404 1417 2467 Ἀσπασία
1456 2404 1607 2481 δίκην
1648 2404 1859 2487 ἔφευγεν
1901 2408 2031 2464 ἀσε-

463 2494 609 2563 Getae.
624 2539 641 2570 ‚
678 2492 987 2575 ιΕρμίππου
1016 2498 1107 2554 τοῦ
1142 2497 1546 2576 κωμῳδιοποιοῦ
1588 2492 1858 2561 διώκοντος
1876 2538 1895 2571 ,
1941 2493 2033 2553 καὶ

464 2586 1043 2664 προσκατηγοροῦντος,
1076 2584 1146 2649 ὣς
1190 2584 1441 2662 Περικλεῖ
1476 2588 1727 2660 γυναῖκας
1764 2580 2034 2659 ἐλευθέρας

463 2670 535 2737 εἷς
574 2669 637 2729 τὸ
684 2670 809 2729 αὐτὸ
840 2668 1101 2750 φοιτώσας
1150 2671 1477 2751 ὑποδέχοιτο.
1520 2674 1715 2749 Ipsum
1754 2672 2032 2729 Periclem

462 2760 1037 2905 oergtgmeliosissimis
1065 2760 1319 2817 versibus
1344 2760 1673 2855 perstringit
1701 2761 1857 2836 apud
1879 2760 2028 2819 Plut.

466 2866 523 2907 c.
638 2890 656 2919 ,

544 2969 773 3028 Βασιλεῧ
806 2967 1081 3048 Σατύρων,
1112 2965 1165 3027 τί
1192 2966 1309 3027 ποτ’
1330 2969 1427 3028 οὐκ
1453 2967 1643 3036 ἐθέλεις

546 3055 671 3135 δόρυ
705 3055 1006 3135 βαστάζειν,
1042 3053 1179 3114 ἀλλὰ
1197 3055 1382 3133 λόγους
1408 3053 1505 3132 μὲν

544 3143 666 3222 περὶ
689 3148 781 3203 τοῦ
804 3143 1034 3220 πολέμου
1058 3142 1249 3211 δεινοὺς
1270 3143 1496 3224 παρέχει
1516 3189 1533 3217 ,

542 3229 720 3312 ψυχὴν
749 3227 804 3290 δὲ
832 3229 1065 3303 Τέλητος
1086 3231 1347 3306 ὑπέστης-5

462 3349 600 3420 Quae
636 3347 847 3422 scripta
884 3357 1018 3402 sunt
1052 3364 1123 3403 eo
1151 3357 1411 3426 tempore
1456 3365 1573 3424 quo
1616 3346 2034 3405 Lacedaemonii

461 3437 711 3508 primum
730 3435 971 3494 Atticam
990 3433 1331 3508 invaserant,
1354 3437 1599 3494 Pericles
1611 3425 1821 3506 autem-J
1840 3455 2036 3510 quam·

462 3524 545 3579 vis
570 3525 891 3599 praecipuus
910 3523 1050 3581 belli
1081 3542 1279 3582 suasor
1304 3537 1363 3582 et
1390 3536 1609 3595 auctor,
1632 3525 1811 3581 aciem
1845 3535 2036 3582 tamen

460 3623 660 3669 contra
702 3612 891 3670 hostes
928 3613 1205 3670 instrucre
1244 3633 1365 3669 non
1412 3614 1533 3669 sine
1573 3631 1779 3686 magna
1826 3612 2034 3669 civium

463 3697 777 3755 offensione
799 3699 887 3776 (v.
914 3701 1096 3755 Thuc.
1143 3718 1202 3771 α,
1245 3700 1351 3774 21)
1384 3699 1775 3756 cunctabatur.
1804 3701 1888 3755 Ex
1917 3718 2033 3773 quo

464 3785 820 3860 intelligitur,
865 3785 1146 3857 fabulam,
1191 3805 1262 3842 cx
1308 3805 1419 3860 qua
1456 3787 1576 3842 haee
1617 3787 1805 3842 attulit
1849 3784 2030 3858 Plut.,

462 3889 635 3945 quam
654 3871 821 3929 fuisse
844 3870 1048 3948 Μοίρας
1069 3893 1135 3929 ex
1161 3875 1430 3930 Athenaeo
1447 3872 1505 3949 8,
1524 3891 1585 3950 p.
1614 3874 1750 3943 364,
1767 3874 1831 3944 C,
1854 3884 1909 3930 et
1937 3873 2029 3950 15,

464 3977 525 4032 p.
554 3959 693 4030 668,
719 3965 785 4032 Α,
806 3961 1183 4035 probabiliter
1204 3959 1436 4032 efficias,
1462 3972 1646 4018 actam
1672 3979 1783 4017 usse
1810 3962 2028 4036 olymp.

464 4046 562 4117 87,
620 4064 646 4102 1
697 4046 856 4122 (ante
891 4049 1023 4106 Chr.
1067 4059 1185 4105 nat.
1218 4045 1393 4126 431).
1422 4081 1501 4092 -
1538 4048 1807 4117 Fabulas,
1854 4049 2033 4106 Suida

462 4145 624 4204 teste,
670 4135 889 4209 scripsit
950 4135 1327 4212 quadraginta
1347 4178 1366 4207 ,
1410 4148 1607 4194 actore
1652 4137 2031 4208 Simermone,

462 4222 535 4278 de
564 4239 683 4296 quo
710 4222 889 4278 schol.
922 4225 1077 4282 Nub.
1106 4220 1243 4281 52'6.
1281 4225 1457 4281 Tituli
1486 4223 1805 4280 dramatum
1828 4229 2030 4282 servati

461 4311 593 4366 sunt
614 4327 821 4366 novem
849 4331 863 4366 :
886 4307 1102 4379 Ἀθηνᾶς
1125 4309 1274 4388 γοναὶ
1288 4355 1304 4383 ,
1328 4309 1378 4370 Ἀ
1388 4310 1703 4390 ρτοπώλιδες
1719 4353 1735 4382 ,
1762 4309 2027 4386 Δημόται,

464 4393 722 4474 Εὐρώπη,
744 4394 894 4470 Θεοὶ,
922 4394 1227 4475 Κέρκωπες,
1253 4399 1476 4479 Μοῖραι,
1499 4397 1831 4478 Στρατιῶται
1846 4443 1863 4475 ,
1882 4400 2028 4476 Φορ-

465 4481 704 4561 μοφόροι.
741 4509 763 4534 ι
804 4487 887 4540 Ex
920 4486 1167 4541 Meinek.
1195 4488 1341 4545 Hist.
1378 4487 1507 4545 crit.
1531 4488 1692 4544 Com.
1715 4507 1778 4562 p.
1820 4506 2030 4563 90,91,

462 4572 562 4644 qui
588 4571 801 4628 ibidem
824 4591 885 4648 p.
916 4573 1108 4648 92-96
1139 4574 1211 4630 de
1237 4575 1472 4651 singulis
1498 4576 1673 4632 titulis
1698 4576 1893 4632 critice
1917 4575 2028 4632 dis·

876 4826 1227 4881 MlNERVAE
1264 4828 1615 4882 NATALES.

459 4992 579 5062 llic,
608 5009 643 5050 o
666 4993 851 5061 miser,
874 5003 959 5051 est
976 4917 1529 5071 rotunduiadspeetu
1543 5041 1558 5066 ‚

462 5081 722 5155 intusque
751 5083 923 5140 iibens
944 5085 1321 5158 complectitur
1346 5087 1403 5142 in
1426 5101 1487 5143 se
1506 5087 1712 5143 circum
1736 5101 1861 5159 quae
1878 5093 2028 5155 sunt,

464 5181 567 5226 non
594 5177 780 5227 autem
804 5170 1005 5244 gignit,
1035 5172 1479 5231 circumcursans
1500 5187 1721 5232 omnem
1747 5181 1975 5241 terram,

2491 840 2497 847 ι
2559 750 2605 807 l.
2649 746 2970 809 ΑΘΗΝΑΣ
3009 746 3260 808 ΓΟΝΑΙ.

2209 898 2359 953 Rara
2394 893 2726 967 hujusmodi
2767 904 3098 970 argumenta
3127 896 3188 951 in
3228 897 3485 955 comoedia
3511 904 3631 957 anti-

2131 1002 2278 1057 qua,
2334 982 2574 1058 propria
2637 980 3072 1056 quodammodo
3131 982 3329 1039 mediae
3367 988 3632 1049 comoediae.

2129 1074 2318 1145 Quare
2347 1068 2648 1143 Hermippi
2675 1070 2928 1125 fabulam
2958 1069 3310 1144 temporibus
3350 1074 3550 1129 comicae
3581 1077 3636 1129 li-

2129 1161 2362 1216 bertatis
2403 1159 2528 1233 lege
2549 1156 2904 1231 Morychidis
2931 1159 3126 1213 accisae
3153 1160 3522 1235 assignandum
3546 1182 3636 1218 esse

2129 1247 2448 1323 suspicatur
2477 1245 2726 1302 Meinek.
2757 1246 2900 1303 nist.
2929 1264 2992 1321 p.
3024 1262 3160 1322 279.

2887 1388 2939 1423 1.

2211 1492 2467 1551 Stobaeus
2492 1490 2693 1569 Eclog.
2725 1490 2888 1579 phys.
2929 1510 2981 1563 1,
3010 1510 3074 1567 p.
3109 1490 3246 1567 239.

2217 1690 2220 1693 ,
2277 1613 2516 1695 Ἐκεῖνός
2539 1620 2670 1683 ἐστι
2687 1618 3056 1709 στρογγύλος
3075 1621 3186 1693 τὴν
3204 1614 3422 1707 ὅψιν,·ὦ
3445 1620 3644 1711 πονηρὲ,

2273 1725 2446 1802 ἐντὸς
2487 1715 2546 1789 δ’
2572 1717 2605 1754 ⁴‘
2627 1722 2790 1817 ἔχων
2813 1724 3194 1816 περιέρχεται
3223 1726 3422 1810 κύκλῳ
3457 1723 3527 1793 τὰ
3549 1750 3641 1791 πα-

3218 1830 3376 1922 ρόντ’
3407 1834 3463 1897 ἐν
3493 1836 3642 1917 αὐτῷ,

2274 1941 2435 2029 ἡμᾶς
2455 1931 2523 2004 δὲ
2542 1932 2762 2021 τίκτει,
2787 1936 3156 2028 περιτρέχων
3183 1940 3298 2014 τὴν
3319 1948 3430 2033 γῆν
3455 1932 3645 2013 ἁπαξά-

3465 2069 3649 2125 πασαν,

2275 2141 2642 2240 ὀνομάζεται
2670 2138 2732 2213 δ’
2761 2146 3050 2225 ἐνιαυτός·
3071 2146 3156 2215 ὢν
3174 2141 3247 2216 δὲ
3272 2154 3558 2243 περιφερὴς
3571 2174 3650 2214 τε·

3469 2260 3649 2328 λευτὴν

2179 2354 2220 2427 5
2273 2352 2556 2450 οὐδεμίαν
2583 2352 2709 2425 οὐδ’
2733 2358 2921 2451 ἀρχὴν
2953 2360 3081 2452 ἔχει
3099 2411 3118 2444 ,
3149 2365 3390 2427 κυκλῶν
3415 2359 3470 2427 τ’
3495 2357 3654 2425 ἀεὶτὸ

3511 2472 3654 2557 σῶμα

2276 2575 2344 2638 οὗ
2365 2570 2664 2639 παύσεται
2687 2563 2729 2636 δ
2735 2567 2778 2637 ι’
2798 2570 3022 2664 ἡμέρας
3046 2572 3345 2665 ὁσημέραι
3362 2564 3652 2664 τροχάζων.

2137 2734 2159 2759 ι
2189 2710 2264 2766 ni
2297 2726 2492 2766 versus
2531 2728 2708 2785 quum
2736 2706 2893 2783 apud
2921 2708 3233 2770 canter-um
3261 2710 3478 2767 incerto
3501 2716 3656 2785 poete

2127 2801 2475 2869 tribuantur,
2507 2799 2821 2855 Heerenius
2845 2814 2918 2853 cx
2951 2798 3222 2855 lemmate
3247 2798 3493 2855 duorum
3517 2796 3658 2851 codi-

2129 2904 2258 2945 cum
2286 2886 2639 2963 marginibus
2665 2885 2954 2960 adscripto
2983 2882 3282 2961 ἀναγενὲως
3309 2882 3596 2964 Ἑρμίππου
3615 2892 3658 2937 et

2124 2987 2310 3050 poetae
2331 2986 2392 3031 et
2414 2973 2618 3031 fabule
2653 2991 2864 3030 nomen
2885 2975 3133 3031 restituit
3168 2999 3224 3032 a».
3265 2977 3319 3030 E
3343 2977 3430 3033 M.
3455 2977 3612 3032 Versu
3639 2989 3657 3024 1

2001 3103 2016 3112 -
2125 3062 2299 3121 codd.
2325 3057 2418 3131 τὴν
2443 3059 2562 3141 ὄψιν
2590 3059 2926 3140 στρογγύλος.
2969 3065 3234 3121 Correxit
3269 3063 3510 3120 Meinek.
3553 3063 3609 3118 V.
3633 3077 3660 3113 a

2125 3149 2418 3206 conciliari
2455 3161 2752 3223 nequeunt
2775 3149 2954 3208 verba
2988 3147 3129 3215 ἐντὸς
3159 3148 3303 3230 ἔχων
3343 3161 3402 3206 et
3427 3143 3666 3226 περιέρχε-

2125 3259 2211 3294 ται
2227 3279 2246 3312 ,
2273 3239 2486 3312 ·vixque
2518 3236 2758 3294 dubium
2794 3238 3024 3298 videtur
3062 3241 3207 3313 quin
3247 3238 3570 3314 ponendum
3603 3233 3666 3288 sit

2126 3323 2264 3392 ἐντὸς
2288 3323 2334 3385 δ’
2356 3321 2485 3384 ixa»
2502 3343 2528 3382 ν
2553 3323 2910 3406 περιέρχεται.
2941 3328 3089 3386 Tum
3115 3326 3311 3386 codex
3334 3329 3460 3386 Vat.
3477 3320 3541 3382 τὰ
3563 3315 3664 3397 παρ’

2127 3415 2320 3495 ἑαυτῷ.
2347 3417 2518 3471 Mein.
2544 3412 2614 3470 τὰ
2633 3413 2788 3473 πάντ’
2817 3415 2872 3472 ἐν
2904 3417 3047 3496 αὑτῷ
3067 3459 3084 3490 ,
3114 3417 3282 3490 quod
3306 3428 3370 3472 et
3390 3434 3494 3491 per
3515 3431 3568 3468 se
3587 3428 3666 3486 pa·

2125 3522 2254 3558 rum
2275 3503 2579 3560 verisimile
2603 3515 2686 3560 est
2701 3545 2717 3572 ,
2743 3515 2802 3560 et
2821 3505 3010 3562 minus
3031 3505 3204 3560 etiam
3223 3505 3420 3580 placet
3433 3507 3668 3578 sequente
3695 3551 3702 3562 ,

2127 3587 2503 3656 ἆπαξάπασαν.
2546 3586 2722 3648 Ἑκών
2738 3633 2756 3662 ,
2806 3591 3010 3662 libens,
3049 3611 3119 3649 ex
3173 3592 3478 3648 industria.
3523 3593 3586 3646 V.
3643 3583 3669 3637 5

2129 3690 2454 3753 opportune
2499 3679 2710 3754 Bergk.
2751 3679 3094 3737 Commentt.
3137 3700 3198 3754 p.
3247 3679 3366 3735 308
3407 3673 3670 3733 admonuit

2127 3767 2420 3838 Heracliti,
2441 3785 2651 3843 corpus
2669 3769 2913 3842 tempori
2933 3768 3268 3842 tribuentis,
3291 3767 3453 3843 apud
3473 3767 3672 3821 Sextum

2127 3856 2348 3930 Empir.
2374 3855 2523 3912 Λᾶν.
2549 3855 2728 3914 math.
2756 3873 2851 3928 10,
2877 3855 3015 3912 231.
3040 3855 3204 3912 Libri
3219 3855 3270 3911 δ’
3300 3852 3407 3925 ἀεὶ,
3435 3853 3670 3925 frequen·

2122 3945 2236 4000 tius
2261 3941 2508 4017 ‘repetita
2535 3939 2590 3999 δὲ
2615 3935 2920 4018 particula.
2951 3947 3020 4002 V.
3065 3945 3103 4001 6
3140 3943 3431 4020 Bergkius
3459 3941 3518 4000 οὗ
3540 3935 3675 3997 παύε-

2123 4051 2227 4089 tm.

2874 4160 2907 4201 2
2919 4189 2933 4199 .

2202 4261 2388 4332 Etym.
2421 4257 2504 4317 M.
2533 4277 2593 4332 p.
2660 4259 2792 4330 246,
2822 4257 2896 4314 25
2933 4279 2948 4311 z
2983 4255 3167 4334 ἄμνιος
3215 4260 3289 4336 (Ἰ)
3327 4254 3569 4333 σημαίνει
3605 4247 3680 4306 τὸν

2121 4343 2286 4421 ἀμνὸν
2303 4388 2321 4422 ,
2349 4343 2443 4404 καὶ
2471 4345 2557 4403 διὰ
2583 4350 2674 4403 τοῦ
2705 4367 2720 4402 ι
2748 4345 3006 4426 γράφεται
3023 4388 3041 4417 ,
3081 4346 3172 4406 ’καὶ
3205 4339 3680 4427 προπαροξύνεται,

2119 4435 2190 4500 ὡς
2223 4432 2367 4512 παρὰ
2393 4431 2686 4514 Ἑρμίππῳ
2717 4435 2770 4492 ἐν
2801 4433 2906 4495 Ἀθ.
2935 4435 3047 4512 γον.

2221 4559 2351 4632 Τὴν
2379 4559 2491 4650 μὲν
2521 4551 2846 4624 διάλεκτον
2877 4559 2984 4624 καὶ
3015 4559 3088 4624 τὸ
3123 4559 3462 4652 πρόσωπον
3493 4549 3679 4645 ἀμνίον

2123 4838 2300 4879 annus
2321 4831 2576 4890 vocatus;
2598 4830 2653 4880 et
2677 4821 3096 4879 circumvolutus
3121 4836 3316 4894 neque
3345 4819 3510 4876 finem

2122 4925 2300 4982 neque
2323 4909 2537 4966 initium
2563 4909 2748 4978 babet,
2773 4923 3096 4983 semperque
3115 4917 3312 4964 rotare
3337 4919 3532 4980 corpus

2123 5012 2236 5053 non
2263 4995 2498 5053 cessabit
2523 4995 2769 5068 quotidie
2792 5011 2858 5052 ac
2879 5003 3056 5052 totum
3086 5009 3188 5066 per
3213 4993 3394 5050 diem.

2877 5087 2916 5122 η

2122 5174 2327 5229 Vocem
2351 5183 2416 5229 ac
2447 5171 2655 5230 vultum
2679 5171 2802 5243 agni
