3809 5850
1580 498 1860 563 PLATO.

120 634 336 711 μαστῆρα
382 633 672 689 dixerint?
723 633 959 689 Dubitat
1001 643 1188 687 tamen
1227 632 1427 701 Mein„
1463 633 1667 688 anhoc

121 732 384 796 receptum
413 720 574 796 apud
613 721 984 776 Athenienses
1017 738 1228 775 nomen
1279 720 1449 777 fuerit
1479 720 1550 777 'ad
1588 722 1667 774 si-

124 808 448 880 gnificandos
468 828 570 865 eos
589 850 606 877 ‚
653 827 800 882 quos
819 810 994 883 vulgo
1018 805 1288 882 κοσμήτας
1316 820 1374 864 et
1409 828 1669 887 σωφρονι-

115 894 224 961 στὰς
241 897 631 973 appellabant.
669 920 694 947 ιι
725 896 836 953 Pro
859 892 996 965 Ἆθ.,
1025 896 1244 969 inquit,
1287 895 1520 951 sortasse
1565 898 1670 953 Λα-

113 984 414 1059 κεδαιμόνιοι
439 985 843 1059 scribendum3
877 982 1203 1061 ἇρμοστῆρις
1248 996 1440 1041 autem
1466 986 1548 1040 illi
1579 986 1661 1039 in-

116 1074 476 1148 terpretandi,
516 1075 617 1148 qui
659 1092 887 1129 morum
933 1074 1174 1145 vitaeque
1215 1073 1522 1128 mulierum
1563 1074 1668 1129 La-

115 1165 425 1219 conicamm
455 1181 750 1219 censuram
768 1162 1030 1236 agebant.
1059 1160 1302 1233 Hesych.
1325 1156 1664 1237 Ἁρμόσυνοιε

115 1247 240 1328 α’ρχή
278 1272 354 1317 τις
382 1250 437 1307 ἐν
468 1246 826 1323 Λακεδαίμονι
861 1245 948 1304 ἐπὶ
981 1248 1074 1317 τῆς
1115 1244 1394 1323 εὐκοσμίας
1435 1249 1540 1305 τῶν
1576 1268 1672 1324 γυ·

117 1361 308 1395 νῖῑκων.
346 1364 374 1391 Β

187 1454 210 1479 ι
237 1431 362 1484 Alia
398 1427 715 1503 fragmenta
740 1425 896 1482 haud
936 1424 1312 1500 improbabili
1337 1424 1668 1498 conjectura

116 1518 176 1571 ab
197 1513 451 1593 Πρέσῆεις
468 1515 768 1579 referenda
789 1514 920 1571 vide
943 1514 1004 1569 in
1032 1513 1232 1588 fragm.
1251 1514 1371 1569 fab.
1405 1515 1517 1569 inc.
1547 1533 1586 1587 9
1613 1525 1670 1569 et

125 1624 204 1662 ιι.
235 1631 258 1655 ο
289 1606 472 1662 Mein.

599 1704 815 1767 XXIV.
864 1704 1168 1765 ΣΚΕΥΑῙ.

186 1846 207 1871 e
237 1822 462 1879 Fabulae
493 1840 528 1877 a
559 1820 904 1896 quibusdam
939 1818 1304 1894 Aristophani
1329 1816 1552 1875 tributae
1581 1818 1668 1895 (v,

130 1909 179 1967 fr.
210 1908 270 1987 ι)
305 1922 708 1987 argumentum
747 1910 824 1967 ad
849 1920 1031 1967 artem
1057 1910 1344 1965 scenicam
1369 1920 1670 1983 spectasse,

129 2016 278 2071 quum
301 2001 500 2056 titulus
535 1998 786 2055 ostendit
810 1996 890 2073 (p)
917 2036 938 2067 ,
966 2008 1088 2053 tum
1110 2015 1250 2054 vero
1277 2015 1344 2053 ex
1371 1998 1482 2053 illis
1510 1997 1676 2053 Athe-

127 2088 208 2140 naei
251 2094 352 2156 14,
385 2108 446 2163 p.
489 2086 642 2155 628,
685 2088 763 2155 D,
804 2086 1190 2160 perspicitur,
1241 2083 1344 2138 ubi
1391 2082 1468 2139 de
1512 2084 1674 2139 chori

125 2175 392 2233 saltatione
456 2177 517 2230 in
564 2172 730 2249 pejus
787 2182 992 2229 ruente
1050 2182 1224 2248 poeta
1274 2172 1666 2245 conqueritur.

129 2262 429 2337 Eodemque
459 2265 711 2338 pertinet
754 2261 1004 2317 Stheneli
1036 2270 1093 2316 et
1129 2260 1386 2316 Morsimi
1420 2278 1675 2315 comme-

129 2354 366 2411 moratio.
403 2376 430 2401 ιι
465 2352 516 2405 E
539 2352 626 2406 M.
659 2348 751 2409 cf.
777 2349 912 2426 Σοφ.
947 2348 1019 2404 fr.
1053 2368 1113 2423 9.

197 2574 382 2630 Athen.
419 2581 514 2647 ιὶι,
557 2593 618 2649 p.
647 2574 804 2647 628,
845 2574 900 2631 D
935 2590 950 2629 ε
997 2572 1044 2628 εἴ
1079 2569 1136 2628 δέ
1176 2592 1254 2637 τις
1295 2566 1534 2650 ἀμέτρως
1566 2572 1676 2629 δια-

129 2658 226 2727 θείη
255 2658 346 2729 τὴν
385 2658 815 2739 σχηματοποιίαν
859 2659 1253 2740 (saltationum
1291 2656 1524 2739 figuras)
1545 2700 1565 2731 ‚
1587 2658 1677 2721 καὶ

129 2753 225 2809 ³¹3<
247 2746 400 2825 ᾠδαῖς
425 2746 787 2828 ἐπιτυγχάνων
817 2746 984 2825 μηδὲν
1001 2748 1146 2827 λέγοι
1164 2749 1300 2808 κατὰ
1323 2748 1419 2819 τὴν
1433 2746 1674 2827 ὄρχησιν,

127 2822 252 2901 οὗτος
271 2835 318 2893 δ’
337 2826 398 2907 ἦν
427 2836 694 2911 ἀδόκιμος.
729 2833 812 2894 διὸ
843 2833 934 2894 καὶ
961 2834 1335 2917 Ἀριστοφάνης
1374 2834 1410 2906 ἢ
1443 2836 1675 2896 Πλάτων

125 2920 172 2977 ἑν
193 2931 300 2991 ταῖς
325 2927 584 2998 Σκευαῖς,
607 2927 680 2991 ὣς
701 2920 1028 3001 Χαμαιλέων
1052 2924 1228 3004 φησὶν,
1257 2922 1464 3004 εἴρηκεν
1485 2922 1676 2993 οὕτως·

206 3031 372 3118 ὁπ’,
389 3037 548 3116 εἴτις
570 3033 797 3132 ὀρχοῖτ’
823 3033 908 3123 εὖ,
939 3039 1114 3132 θέαμ’
1137 3037 1209 3111 ἦν
1229 3064 1243 3080 ·
1267 3047 1369 3106 νῦν
1398 3031 1514 3105 δὲ*
1530 3031 1702 3132 δρῶ·-

1359 3170 1450 3210 σιν
1480 3135 1588 3210 οὐδ
1593 3147 1676 3230 ὲν,

207 3251 370 3334 ἀλλ’,
411 3256 612 3344 ὥσπερ
659 3250 1055 3324 ἀπόπληκτοι
1073 3298 1092 3333 ,
1133 3230 1366 3324 στάδην
1417 3255 1676 3328 ἑστῶτες

1375 3359 1677 3450 ὠρύονται.

117 3477 262 3536 Libri
297 3485 440 3541 mire
481 3481 700 3560 ὄρχοῖθ’.
737 3483 1076 3539 mendosum
1119 3495 1310 3542 autem
1359 3483 1548 3560 δρῶσιν
1583 3485 1678 3541 οὗ·

123 3563 216 3637 32³,
243 3575 408 3645 quasi
431 3572 580 3628 nibil
607 3583 782 3647 agant
813 3573 1014 3641 chori,
1047 3573 1096 3628 si
1141 3583 1353 3628 canunt
1387 3573 1516 3642 vel,
1547 3593 1678 3629 cum

117 3653 334 3718 Platone
383 3673 452 3717 ut
499 3662 738 3734 loquar,
777 3657 1056 3739 ὠρύονται.
1105 3662 1266 3717 Dixit
1305 3661 1460 3718 haud
1506 3660 1680 3718 dubie

101 3761 266 3820 poeta
289 3753 386 3806 νῦν
415 3749 472 3805 δ’
498 3750 672 3826 ὁρῶσ
687 3769 744 3806 ιν
771 3747 951 3820 οὐδὲν,
981 3769 1126 3805 nunc
1152 3762 1339 3806 autem
1375 3749 1524 3806 nihil
1545 3768 1678 3806 con-

105 3837 344 3893 siderant
361 3881 378 3906 ,
415 3838 630 3894 nullius
655 3837 738 3894 rei
767 3839 1050 3895 rationem
1073 3837 1325 3908 habent;
1361 3855 1536 3912 quam
1563 3858 1680 3894 rem

105 3929 394 4002 precipue
439 3925 717 4002 intelligit
773 3927 1132 3983 saltationem
1191 3929 1470 3983 scenicam
1487 3969 1505 3996 ,
1545 3929 1682 3982 olim

104 4012 258 4068 chori
291 4013 652 4070 carminibus
691 4013 1019 4090 adaptatam
1047 4027 1288 4072 venusto
1315 4017 1642 4092 spectaculo
1661 4057 1679 4088 ‚

103 4113 228 4174 post
249 4113 582 4180 separatam
609 4097 823 4161 damno
851 4103 1154 4179 utriusque
1180 4105 1335 4163 artis.

855 4237 914 4278 2.

177 4331 370 4386 Schol.
397 4331 693 4406 Aristoph.
718 4333 883 4406 Vesp.
917 4330 1066 4387 1312
1101 4349 1118 4390 ε
1146 4326 1396 4396 Σθένελος
1423 4327 1478 4388 δὲ
1503 4331 1532 4388 ὁ
1561 4349 1683 4406 τρα-

111 4416 248 4488 γιιὸς
289 4415 608 4497 ὑποκριτὴς,
636 4415 692 4482 ὃς
721 4415 812 4476 διὰ
841 4417 1026 4476 πενίαν
1067 4416 1164 4488 τὴν
1199 4415 1452 4496 τραγικὴν
1487 4415 1679 4486 σκευὴν

109 4505 322 4564 inisero
340 4549 360 4580 ,
399 4507 578 4572 κακῶς
617 4504 887 4586 πράττων.
924 4497 1070 4571 οὗτος
1111 4503 1340 4563 ἐλαύνων
1367 4503 1532 4582 ἰτερ“ι“ι
1577 4503 1682 4569 τοῖς

113 4591 358 4669 τείχεσιν,
387 4591 774 4671 ἐνδεικνύμενος
792 4637 812 4666 ‚
829 4592 854 4618 *
880 4592 1204 4672 διεχλεύαζε.
1237 4593 1356 4672 περὶ
1380 4590 1561 4650 τούτου
1589 4589 1678 4670 γέ-

113 4701 334 4756 γραπται
365 4683 416 4739 ἐν
445 4683 726 4760 Γηρυτάδῃ
755 4683 862 4759 (fr.
901 4683 968 4740 15
987 4684 1032 4759 ).
1070 4685 1177 4743 Πλ.
1209 4681 1432 4748 Σκευαῖς
1465 4702 1497 4738 α
1517 4679 1680 4759 ‘'A-{am

119 4767 298 4836 μόνον·
324 4769 420 4827 οὐκ
447 4767 512 4827 ἂν
537 4767 732 4850 ἄκρῳ*
761 4773 830 4848 τῇ
855 4770 1147 4850 Μορσίμῳ,
1185 4768 1273 4828 ἵνα
1313 4791 1407 4828 σου
1447 4767 1676 4840 πατήσω

1444 4889 1525 4896 -.——

657 4957 1144 5012 ORNAMENTA.

873 5097 920 5144 1.

142 5185 208 5238 lta
223 5194 279 5242 ut
295 5230 310 5252 ,
333 5189 376 5244 si
402 5191 532 5263 quis
552 5189 784 5280 saltabat
809 5191 1060 5264 pulchre,
1087 5207 1210 5249 vere
1227 5201 1366 5250 esset

143 5274 514 5340 avenz-culum
543 5293 698 5350 nuuc
723 5293 854 5333 vero
871 5277 1012 5334 nihil
1038 5280 1362 5352 respiciunt,

146 5356 254 5420 sed,
273 5360 406 5418 velut
430 5363 684 5430 attoniti,
717 5361 938 5421 adstant
955 5365 1253 5438 rugientes.

3220 514 3330 565 243

1765 630 1852 689 τὸν
1895 630 2143 691 Σθένελον
2176 628 2302 705 μάλ’
2342 629 2551 689 αὐτίκα.
2598 651 2627 687 ι)
2662 635 2746 689 De
2785 634 3051 688 Sthenelo
3088 633 3160 687 cf.
3198 652 3328 691 aun.

1763 720 1836 789 ad
1857 723 1996 780 Lac.
2028 739 2082 778 a.
2112 722 2448 791 Morsimus,
2478 731 2653 795 poeta
2685 723 2959 795 tragicus,
2987 720 3092 775 suit
3130 717 3334 775 Philo-

1763 810 1894 879 clis,
1941 810 2184 883 lFschyli
2214 828 2283 865 ex
2310 828 2509 864 sorore
2548 812 2803 883 nepotiS,
2832 808 3015 877 filius,
3046 808 3338 865 Melanthii

1765 897 1959 968 frater,
1974 908 2145 954 notus
2162 916 2228 954 ex
2250 898 2648 972 Aristophane.
2672 898 2863 956 Schol.
2887 899 3174 952 Ranarum
3203 894 3301 953 151
3317 940 3334 968 ‚

1764 982 2045 1059 Μορσίμου
2102 1005 2117 1040 :
2158 982 2453 1061 τραγῳδίας
2495 982 2585 1040 καὶ
2620 974 2769 1049 οὗτος
2815 982 3073 1056 ποιητὴς,
3104 982 3195 1039 καὶ
3236 986 3338 1063 ψυ-

1763 1068 1907 1149 χρός.
1939 1069 2053 1128 ἔστι
2083 1070 2139 1129 δὲ
2168 1070 2492 1136 Φιλοκλέους
2516 1070 2646 1137 υἱός·
2670 1062 2733 1139 ἦν
2758 1070 2813 1128 δὲ
2848 1072 3132 1151 ὀφθαλμῶν
3168 1072 3339 1149 ἰατρὸς

1767 1157 1978 1233 ἀγαθός.
2022 1163 2257 1217 Temere
2284 1162 2459 1219 Mein.
2492 1181 2505 1216 τ
2542 1186 2565 1211 σι
2606 1163 2723 1217 sive
2761 1162 2951 1235 potius
2979 1160 3070 1217 οὐκ
3118 1160 3331 1237 ἀγαθός.

1771 1248 1919 1305 Hinc
1952 1268 2086 1305 cum
2113 1250 2422 1323 Clymeno,
2468 1250 2567 1323 qui
2611 1261 2667 1305 et
2696 1250 2814 1323 ipse
2844 1250 3037 1305 infelix
3078 1250 3335 1305 medicus

1766 1334 1912 1405 suit,
1959 1354 2091 1393 eum
2142 1334 2519 1408 conjunxerat
2572 1337 2996 1412 Aristophanes.
3058 1338 3335 1411 Hesych.,

1770 1420 2040 1498 Κλύμενος
2071 1445 2084 1479 :
2126 1422 2298 1503 ἰατρὸς
2320 1422 2521 1503 ἀφυὴς,
2548 1421 2603 1481 ὃν
2629 1421 2999 1503 Ἀριστοφάνης
3028 1423 3182 1503 φησὶν
3204 1426 3337 1481 ἀνα-

1767 1512 2022 1591 μεμῖχθαι
2051 1514 2124 1593 τῷ
2154 1512 2445 1591 Μορσίμῳ,
2468 1510 2554 1570 διὰ
2575 1510 2634 1571 τὸ
2650 1511 2740 1570 καί
2759 1510 2845 1571 τὸν
2871 1510 3145 1591 Μόρσιμον
3162 1510 3339 1593 ἰατρὸν

1767 1587 1902 1657 εἶναι
1946 1601 2113 1678 ἀφυῆ·
2142 1590 2204 1671 ἧν
2238 1596 2293 1657 δὲ
2324 1600 2414 1658 καὶ
2442 1599 2849 1679 τραγῳδιοποιὸς
2888 1599 3057 1679 ἀφυὴς
3084 1602 3113 1657 ὁ
3134 1600 3339 1677 Μόρσι-
3428 1666 3435 1671 ,

1767 1709 1881 1763 μος.
1910 1714 1937 1739 1·
1974 1691 2169 1746 Potuit
2195 1690 2349 1746 enim
2370 1691 2547 1745 homo
2590 1692 2651 1746 in
2678 1692 2857 1747 altera
2888 1700 3009 1747 arte
3038 1692 3337 1761 excellere,

1767 1778 2025 1851 quamvis
2052 1778 2113 1833 in
2156 1779 2333 1835 altera
2378 1790 2863 1837 contemneretur.
2902 1780 3085 1837 Etiam
3117 1780 3191 1837 ad
3230 1784 3335 1855 Eq.

1769 1868 1884 1932 406
1913 1865 2093 1926 schol.
2119 1866 2450 1941 simpliciter
2482 1888 2495 1923 :
2525 1866 2638 1927 ἔστι
2674 1865 2730 1926 δὲ
2758 1866 2849 1926 καὶ
2873 1868 3073 1946 ἰατρὸς,
3105 1889 3341 1927 vereor-

1765 1971 1879 2026 que
1899 1972 1973 2010 ne
1998 1954 2153 2029 apud
2182 1953 2525 2029 Hesychium
2548 1954 2608 2013 τὸ
2632 1956 2775 2037 ἀφυῆ
2794 1958 3014 2014 allitum
3049 1960 3119 2013 sit
3140 1960 3213 2015 ab
3235 1961 3338 2015 im-

1766 2042 1971 2114 perito.
1996 2043 2263 2099 Ceterum
2289 2044 2349 2098 in
2374 2044 2594 2101 scholio
2623 2045 2697 2102 ad
2717 2047 2889 2121 Vesp.
2927 2046 2965 2105 l.
2996 2046 3036 2103 l.
3062 2047 3119 2101 in
3152 2048 3343 2103 verbis

1767 2131 2054 2205 corruptis
2090 2127 2321 2186 ἐλαύνων
2344 2129 2467 2210 περὶ
2494 2134 2599 2197 τοῖς
2621 2130 2849 2210 τείχεσιν
2887 2134 3063 2190 latere
3085 2146 3229 2209 puto
3256 2134 3335 2195 ἐλ.

1770 2214 1893 2295 περὶ
1938 2215 2034 2287 τὴν
2062 2214 2359 2296 ἕντείχισιν,
2398 2219 2530 2291 tva,
2573 2226 3042 2295 circumequitans
3086 2236 3341 2279 oti-tenta-

1767 2310 1933 2361 tionis
1948 2324 2121 2360 causa
2148 2312 2543 2375 munitionem,
2572 2328 2801 2366 murum
2826 2312 2987 2367 urbis
3032 2310 3199 2387 Apud
3214 2310 3340 2367 Pla-

1769 2404 1963 2450 tonem
2006 2396 2129 2451 sine
2178 2394 2361 2452 dubio
2401 2398 2739 2472 ponendum
2782 2403 2967 2473 μενοῢν
3006 2420 3117 2475 pro
3164 2399 3340 2475 μόνον,

1770 2482 1928 2556 quod
1957 2484 2228 2539 mendum
2260 2486 2551 2561 attigimus
2579 2504 2715 2546 ann.
2752 2488 2828 2545 ad
2866 2490 3161 2564 Eupolidis
3200 2488 3335 2547 Πόλ.

1773 2570 1830 2641 3,
1862 2591 2155 2647 quumque
2182 2576 2351 2629 etiam
2381 2596 2417 2643 η
2448 2587 2505 2633 et
2534 2596 2595 2633 ου
2621 2596 3031 2652 nonnunquam
3062 2581 3337 2653 permixta

1769 2661 2053 2743 reperias³
2084 2682 2152 2719 ne
2185 2664 2257 2721 de
2302 2665 2578 2721 similibus
2615 2684 2675 2722 ου
2714 2676 2771 2721 et
2811 2687 2855 2721 ω
2884 2676 2941 2721 et
2987 2669 3250 2742 neglecto
3288 2669 3341 2723 ἐν

1770 2759 1902 2825 post
1931 2746 1993 2806 ἂν
2020 2750 2237 2819 dicam,
2266 2761 2420 2809 totus
2444 2754 2755 2810 versiculus
2776 2754 2855 2809 sie
2882 2754 3146 2811 habuerit
3182 2776 3194 2809 :

1871 2875 2036 2973 Κψαι
2076 2884 2187 2976 μὲν
2212 2881 2334 2969 οὖν,
2364 2889 2511 2953 κούκ
2540 2881 2611 2953 ἂν
2644 2888 2705 2952 ἐν
2734 2882 2934 2978 ἄκρῳ,
2973 2895 3084 2952 τοῦ
3120 2886 3341 2979 Μορσί-

3203 3019 3337 3085 μου,

1869 3097 1967 3162 ἵνα
1994 3103 2368 3189 συμπατῆσω
2396 3099 2500 3164 τὸν
2540 3100 2813 3165 Σθένελον
2857 3096 3003 3192 μάλ’
3032 3100 3273 3171 αὐτίκα.

1773 3247 1840 3302 V.
1861 3261 1896 3298 a
1918 3239 2253 3317 συμπατήσω
2271 3243 2567 3318 Bergkius,
2586 3263 2679 3300 σου
2695 3262 2827 3301 πατ.
2850 3243 3023 3299 codd.
3051 3277 3131 3288 -
3150 3247 3341 3301 Primo

1772 3349 1940 3388 versu
1988 3330 2305 3388 Meinekius
2346 3332 2543 3404 paullo
2593 3332 2775 3406 magis
2817 3331 3034 3388 haerens
3078 3332 3345 3390 ductibus

1773 3419 1995 3495 scriptis
2018 3429 2074 3474 et
2101 3419 2391 3492 probabili
2418 3421 2693 3475 sententia

1871 3547 2035 3640 Albuti
2074 3552 2252 3646 μόνον
2284 3555 2355 3620 σὺ
2386 3548 2495 3620 κᾶν
2530 3547 2711 3646 ἄκρου
2745 3563 2851 3620 τοῦ
2884 3551 3220 3644 Μορσίμου.

2535 3697 2588 3756 3.

1859 3827 2093 3882 Photius
2134 3845 2195 3900 p.
2244 3832 2396 3894 (ρο,
2445 3833 2533 3897 tl„
2589 3838 2645 3882 et
2694 3823 2926 3899 SuidaS,
2975 3824 3107 3903 Περὶ
3148 3823 3283 3882 πόδα
3324 3846 3339 3883 2

1799 3901 1831 3968 ῖ
1913 3911 1947 3968 ἁ
2040 3913 2055 3930 ’
2292 3910 2304 3930 ’
2494 3913 2511 3936 <
2630 3911 2643 3931 ·
2838 3909 2855 3934 .
3090 3918 3111 3930 ·
3275 3913 3289 3932 ⁷·

1777 3933 1806 3970 0
1827 3933 1882 3969 ον
1953 3934 2174 3991 ρμοττον
2203 3911 2403 3992 σφοδρα
2430 3955 2447 3984 ,
2483 3935 2554 3980 ως
2590 3935 2657 3969 τα
2686 3913 3002 3986 ὖποὸηματα
3032 3934 3135 3978 τοις
3166 3934 3339 3975 ποσιν.

1781 4000 1888 4060 Πλ.

1858 4128 1959 4196 Ὦς
1988 4129 2099 4187 ἔστι
2122 4151 2213 4205 μοι
2246 4129 2309 4186 τὸ
2326 4133 2514 4210 χρῆμα
2539 4134 2689 4188 τοῦτο
2716 4129 2837 4209 περὶ
2866 4129 3023 4188 πόδα.

1776 4259 1866 4320 καὶ
1894 4263 1947 4320 ἐν
1975 4259 2199 4326 Σκευαῖς
2216 4283 2228 4295 ·

1875 4375 2007 4444 Καὶ
2029 4385 2158 4454 τοῖς
2184 4377 2429 4470 τρόποις
2458 4375 2759 4470 ἁρμόττον
2783 4379 2980 4468 ὥσπερ
3004 4375 3139 4468 περὶ
3160 4367 3343 4441 πόδα.

1776 4504 1935 4560 Libri
1979 4504 2051 4567 ὡς
2082 4500 2203 4580 περὶ
2240 4523 2331 4572 vt„
2390 4504 2755 4581 omissa-asp
2790 4503 3027 4577 syllaba.
3086 4504 3349 4560 Correxit

1775 4595 2035 4650 Pierson.
2084 4590 2160 4647 ad
2192 4589 2396 4648 Moerin
2422 4609 2484 4667 p.
2538 4609 2635 4648 αα.
2680 4615 2705 4640 κ
2758 4591 3128 4648 Locutionem
3166 4593 3349 4665 attigit

1778 4682 1977 4736 Pollux
2011 4697 2072 4749 a,
2118 4679 2254 4754 1963
2286 4679 2357 4736 cf.
2395 4679 2630 4737 Casaub.
2658 4679 2735 4734 ad
2762 4677 3131 4751 Tbeophrasti
3173 4678 3346 4735 Char.

1777 4787 1841 4843 p.
1877 4775 1952 4843 49
1986 4768 2081 4828 ed.
2106 4769 2263 4841 Lips.
2300 4791 2323 4816 «ι
2346 4768 2431 4824 M.

2537 4937 2587 4988 2.
3318 4983 3325 4990 .

1779 5025 1966 5093 Tange
1992 5021 2174 5092 igitur,
2206 5035 2383 5092 neque
2400 5027 2613 5076 tantum
2645 5021 2701 5076 in
2728 5035 2978 5084 summo,
3001 5016 3345 5082 Μοτείιιιυιιι,

1783 5117 1844 5164 ut
1867 5110 2049 5165 statim
2080 5107 2401 5164 Sthenelum
2429 5105 2765 5164 conculcem.

2538 5199 2588 5250 3.

1785 5284 1848 5338 Et
1873 5290 2091 5354 propter
2112 5295 2293 5337 mores
2320 5289 2509 5353 aptum
2530 5322 2545 5346 ,
2578 5289 2639 5337 ut
2668 5280 2787 5352 pedi
2812 5279 3080 5335 calceum.

3098 5453 3168 5499 Νι
