3809 5850
1448 420 1797 483 Ancaeus,
2451 412 2464 429 ‘
3141 442 3251 495 m

778 570 837 607 2.

134 754 161 809 ἔν
180 754 233 812 Κ.
250 752 318 808 ἐπ’
338 747 583 829 ἀνθρώπω
608 750 729 829 ἔφη.
760 752 909 808 Male
936 754 1119 811 codex
1149 750 1469 833 ἀνθρώπως.

385 920 477 979 vl.
526 917 1249 1003 ΚΩΜῼΔΟΤΡΑΙᾨΔΙΑ.
1298 966 1305 973 .

174 1074 192 1097 ι
214 1050 393 1107 Eodem
418 1052 637 1107 nomine
667 1051 965 1125 inscriptas
1008 1052 1231 1109 fabulas
1272 1053 1595 1113 docuerunt

130 1138 417 1207 Dinolochus,
464 1138 683 1195 celeber
722 1138 927 1217 Sictilae
972 1140 1265 1197 comoediae
1305 1154 1499 1215 poeta,
1538 1155 1595 1199 et

128 1226 481 1285 inuandrides.
503 1226 733 1283 Antiatt.
754 1243 819 1300 p.
858 1245 991 1298 112,
1020 1246 1119 1304 29,
1156 1224 1467 1287 Πίπαυνται
1492 1248 1508 1289 :
1532 1227 1592 1288 τὸ

128 1310 405 1381 πληθυντικὸν,
430 1316 457 1369 ὁ
482 1311 633 1378 αὐτὸς
665 1312 1081 1389 (Dinolochus,
1106 1317 1267 1389 cujus
1285 1337 1318 1374 e
1338 1320 1591 1393 Telepho

127 1402 315 1469 >recedit
348 1398 523 1479 locus)
574 1400 1113 1481 Κωμῳδοτραγῳδίᾳ.
1164 1404 1325 1461 Idem
1372 1426 1437 1480 p.
1488 1407 1589 1481 87,

126 1486 183 1546 14,
210 1478 450 1551 Γελασίνην
484 1500 497 1535 :
520 1480 613 1551 τὴν
634 1477 809 1541 πολλὰ
836 1480 1095 1558 γελῶσαν.
1116 1480 1511 1563 Ἀναξανδρίδης
1538 1487 1590 1543 ὃν

124 1564 285 1643 Κωμῳδ.
314 1568 393 1623 Ad
418 1569 585 1625 vitam
621 1570 951 1643 humanam,
994 1572 1113 1625 risu
1150 1572 1425 1647 luctuque
1466 1575 1593 1647 ple-

124 1670 231 1725 nam,
284 1656 381 1710 hoc
442 1658 787 1713 vocabulum
858 1659 1145 1715 transtulit
1208 1660 1587 1735 Porphyrius,

122 1743 511 1815 quemadmodum
548 1746 710 1801 Plato
748 1745 895 1801 dixit
936 1746 1169 1801 Philebo
1205 1766 1266 1820 p.
1306 1745 1395 1815 5ο,
1434 1749 1496 1805 Β.
1524 1752 1590 1826 τῇ

122 1834 173 1883 τοῦ
192 1828 279 1905 βίου
300 1830 527 1908 ξυμπάσῃ
551 1829 820 1910 τραγῳδίᾳ
848 1828 941 1889 καὶ
972 1830 1227 1911 κωμῳδίᾳ
1248 1832 1341 1907 (et
1364 1836 1591 1893 Plautus

120 1920 507 1991 Amphitruonem,
538 1922 595 1975 in
616 1940 730 1994 qua
756 1921 996 1976 deorum
1016 1940 1427 1997 servorumque
1453 1943 1589 1998 par-

120 2018 179 2073 nm,
193 2010 705 2080 Tragicocomoediam
717 2010 1045 2085 appellavit.
1064 2010 1229 2069 Both.
1241 2012 1281 2084 ),
1301 2012 1585 2086 Porphyr.

118 2096 219 2165 {pud
238 2098 483 2155 Stobaeum
503 2102 707 2159 Floril.
738 2119 837 2175 αι,
860 2099 935 2155 28
963 2096 1083 2158 εῗνα
1113 2096 1188 2176 μὴ
1216 2098 1312 2169 τὴν
1342 2104 1435 2157 τοῦ
1461 2102 1588 2157 ἀθα·

117 2178 217 2238 άτου
234 2182 355 2251 ἀξίαν
378 2187 743 2266 παρατιθέντες
780 2187 1223 2262 (comparantes.
1254 2190 1441 2245 Minus
1474 2192 1586 2245 usi·

116 2276 187 2324 tate
204 2273 307 2328 libri
336 2295 493 2353 περιτ.
524 2277 699 2333 Both.
720 2274 739 2351 )
761 2277 837 2354 τῷ
862 2278 1073 2353 φθαρτῷ
1102 2273 1191 2333 καὶ
1212 2274 1377 2354 γηίνῳ
1410 2297 1589 2333 κατα-

116 2354 291 2427 γῦαστον
334 2360 449 2421 αὐτὸ
502 2366 763 2439 ποιῶμεν,
812 2361 904 2419 καὶ
953 2362 1115 2420 πάλιν
1154 2360 1296 2429 ἄξιον
1350 2362 1587 2443 δακρύων

114 2443 146 2497 ἕ*
164 2448 685 2541 ῒῇκωμῳδοτραγφδίᾳ
702 2450 763 2509 τὸ
796 2452 987 2527 (illud,
1016 2448 1077 2509 τὸ
1110 2450 1383 2509 ἀθάνατον.
1414 2456 1589 2511 Men-

112 2530 205 2589 dose
225 2537 332 2593 libri
348 2542 425 2617 τῇ.
445 2542 641 2617 Both.)
673 2542 777 2597 τῶν
796 2537 1026 2610 ἀνοήτων
1052 2538 1153 2617 βίῳ
1183 2542 1327 2616 (non
1349 2539 1501 2619 βίων,
1524 2554 1588 2599 ut

112 2622 245 2693 wigo.
266 2628 355 2702 B.)
374 2628 697 2707 ἐνεχόμενον.
728 2630 960 2703 (Neque
982 2630 1207 2684 irrideri
1230 2632 1351 2685 vult
1381 2650 1588 2704 corpus

111 2709 241 2766 mimo
258 2729 653 2791 comparatum,
686 2733 877 2789 neque
916 2716 1069 2771 hunc
1107 2714 1325 2787 defleri,
1372 2729 1437 2772 ut
1464 2738 1586 2774 cor·

111 2800 195 2863 pori
242 2803 535 2881 inclusum.)
582 2809 809 2862 Rursus
868 2804 1221 2879 Porphyrius
1270 2804 1363 2863 Ad
1408 2808 1583 2864 Marc.

112 2898 151 2952 p.
180 2886 204 2940 5
231 2907 242 2941 :
268 2890 737 2971 ἀπομειλιττόμενος
770 2888 891 2957 τοὺς
926 2891 981 2949 ἐν
1001 2894 1067 2968 τῇ
1096 2892 1586 2974 κωμῳδοτραγῳδίᾳ

110 2973 325 3045 προστάτας
343 2979 608 3057 δαίμονας,
648 2977 741 3037 τὸν
771 2977 1001 3056 γαμικὸν
1027 2977 1187 3055 ὕμνον
1226 2981 1585 3056 ἀγωνίσασθαι

109 3057 171 3112 'im
190 3057 359 3134 ὤκνησα
377 3068 762 3144 ἀσμενέστατα.
792 3092 823 3122 ι
852 3069 907 3127 Ε
932 3069 1023 3127 M.

778 3199 827 3237 1.

160 3285 419 3348 Macrobius
443 3295 560 3352 Sat.
592 3291 659 3364 5,
686 3311 761 3348 20
795 3311 809 3350 :
840 3315 865 3343 α
897 3291 1159 3366 Gargara
1188 3291 1251 3370 (ἲ)
1284 3304 1437 3350 tanta
1468 3293 1585 3350 fru-

108 3385 197 3440 gum
225 3381 361 3452 copia
395 3393 583 3452 erant,
615 3393 710 3452 ut,
752 3382 851 3454 qui
894 3399 1159 3456 magnum
1196 3381 1469 3456 cujusque
1502 3383 1583 3436 rei

108 3473 325 3522 numerum
346 3472 501 3528 vellet
534 3471 884 3546 exprimere,
930 3488 1041 3544 pro
1080 3471 1446 3526 multitudine
1472 3471 1585 3524 im-

108 3565 233 3608 ffl‘ma
252 3557 469 3634 Gargara
504 3561 853 3616 nominaret.
889 3559 1069 3614 Testis
1116 3559 1362 3630 Alcaeus,
1396 3558 1496 3632 qui
1527 3559 1585 3612 in

108 3635 559 3722 Comoedotragoedia
576 3651 661 3706 sic
692 3649 775 3704 ait
794 3663 813 3706 t

170 3748 459 3850 Ἐτύγχανον
486 3763 595 3854 μὲν
626 3758 877 3854 ἅγροθεν
906 3749 1154 3825 πλεῖστ’
1186 3758 1463 3851 εἰσφέρων

172 3859 229 3934 Εἷς
254 3869 346 3938 τὴν
370 3872 587 3960 ἑορτὴν,
615 3871 699 3944 ὥς
730 3857 793 3932 τ’
825 3862 897 3931 ἃν
918 3865 1059 3930 οἴων
1092 3863 1299 3944 εἴκοσι,

168 3967 275 4054 ὖξῶν
303 3965 355 4036 δ’
376 3971 589 4042 ἄνωθεν
618 3973 867 4068 γάργαρ’
904 3973 1224 4066 ἀνθρώπων
1261 3971 1487 4054 κύκλῳ.

108 4095 211 4156 Libri
234 4107 405 4166 vitiose
428 4109 707 4174 πλείστους
736 4109 905 4189 φέρων
938 4131 983 4168 ε.
1014 4131 1063 4170 τ.
1097 4111 1145 4167 ἑ.
1174 4104 1294 4166 ὅσον
1323 4095 1429 4164 οἷον
1472 4103 1579 4162 εἴκ.

109 4185 289 4262 roupius
324 4199 545 4258 Emend.
583 4201 708 4258 vol.
765 4199 819 4271 3,
858 4217 921 4273 p.
975 4217 1069 4272 19,
1098 4197 1171 4262 ὡς
1215 4193 1303 4252 ἄν.
1338 4195 1581 4268 Hesych.

108 4269 307 4354 Ιϊργιρον
332 4301 347 4341 :
370 4287 689 4365 ἀκρωτήριον
718 4285 867 4364 ὄρους
892 4283 1059 4355 Ἴδης.
1087 4286 1169 4344 Cf.
1193 4285 1359 4344 Iliad.
1390 4282 1451 4352 8,
1484 4282 1580 4351 48.

108 4357 277 4423 Ovidius
318 4373 379 4430 A.
422 4394 531 4431 am.
574 4397 635 4451 1,
680 4376 757 4432 56
796 4393 813 4432 z
860 4377 1119 4448 Gargara
1164 4385 1297 4447 quot
1339 4383 1581 4444 segetes,

108 4463 195 4516 71:01
204 4453 343 4515 habet
356 4463 679 4538 Methymna
694 4483 968 4522 racemos.
994 4464 1261 4536 Virgilius
1286 4462 1497 4535 Georg,
1528 4481 1577 4516 1.

109 4541 181 4590 ¹03
209 4563 221 4596 :
248 4550 363 4620 Ipsa
380 4571 503 4608 suas
528 4561 809 4610 mit-antur
848 4553 1109 4626 Gargara
1146 4567 1369 4610 messes.
1406 4549 1582 4604 Initio

108 4622 291 4689 illudere
312 4639 519 4696 videtur
537 4643 613 4698 ad
636 4643 835 4716 Eurip.
862 4640 1046 4697 Ol'est·
1081 4638 1195 4695 856
1228 4655 1242 4695 :

124 4739 182 4749 ικ-

199 4747 297 4756 —Q
317 4753 559 4766 “*———-
572 4755 772 4768 -0-...---—
794 4759 840 4764 -—
855 4758 912 4764 —-
925 4756 1085 4764 φ--

300 4869 307 4878 ,
408 4807 1195 4864 COMOEDOTRAGOEDIA.

109 4961 221 5022 ¹²⁰¹'te
233 4974 423 5042 quidem
449 4995 509 5036 ex
530 4996 664 5052 agro
689 4900 919 5054 “mir-ima
938 4983 1243 5054 importans

109 5047 155 5102 δᾶ
172 5051 349 5130 (ostoun,
371 5067 689 5142 circiter-que
712 5072 903 5142 viginti
938 5085 1081 5134 oves,

109 5133 279 5212 desuper
298 5151 435 5208 video
452 5154 729 5213 hominum
752 5158 860 5214 vim
884 5158 1352 5213 circumstantem.

180 668 368 724 Amian,
390 684 446 740 p.
471 662 561 733 85,
592 663 649 733 6,
678 661 986 731 Βιὸαίζειν
1012 682 1027 721 :
1050 662 1109 723 τὸ
1132 664 1352 745 ὀχεύειν.
1378 667 1519 727 Ἁλκ.
1549 669 1595 727 δ’
1626 579 1635 751 ί

1769 556 2092 637 Ἐτύγχανον
2116 557 2210 635 μὲν
2237 558 2452 639 δίγροθεν
2474 563 2652 621 πυλῶν
2672 562 2775 621 ἔσω

1767 646 1982 725 βαίνων.

2481 780 2536 821 2.

1764 888 2042 960 Harpocr.
2071 907 2128 963 p.
2158 884 2216 958 5,
2249 854 2316 959 17.
2348 908 2362 943 ι
2391 885 2537 948 Ἀλκ.
2572 884 2627 945 δὲ
2651 890 2704 946 ἐν
2743 890 2979 969 Κωμῳδ.
3011 890 3128 958 τοὺς
3147 892 3250 967 πό-

1684 996 1777 1039 τας
1812 971 2033 1051 λύχνους
2078 973 2466 1053 ἀδηφάγους
2499 965 2664 1032 εἶπεν.
2707 1003 2734 1029 ι
2761 980 2978 1035 Eadem
3020 970 3254 1037 Photius

1678 1081 1737 1137 p.
1758 1082 1815 1137 9,
1853 1082 1873 1117 1
1890 1084 1945 1135 7,
1976 1074 2033 1119 et
2060 1060 2260 1119 Suidas
2282 1084 2339 1121 V.
2365 1061 2670 1142 Ἀδηφοίγος.
2705 1066 2871 1122 Adde
2893 1069 3250 1142 Apostolium

1680 1150 1954 1207 Proverb.
1996 1170 2049 1222 1,
2082 1150 2177 1223 51,
2205 1163 2264 1207 et
2286 1154 2636 1209 Eustathium
2659 1154 2731 1209 ad
2760 1155 2964 1229 Odyss.
2993 1176 3051 1232 p.
3082 1157 3251 1232 1394,

1682 1238 1781 1295 38.
1818 1240 2032 1297 »En
2121 1306 2130 1315 ‚

2091 1382 2228 1445 vn.
2275 1382 2744 1443 ΠΑΛΑΙΣΤΡΑ.

1759 1528 1845 1581 De
1876 1526 2184 1594 Paloestra,
2215 1524 2465 1579 mulieris
2491 1524 2741 1595 nomine,
2766 1535 2994 1581 constat
3021 1544 3092 1581 ex
3128 1527 3249 1582 Ru-

1682 1609 1850 1668 dente
1870 1614 2083 1683 Plauti;
2109 1612 2185 1668 de
2201 1621 2536 1687 arg-umento
2577 1610 2848 1667 dramatis
2879 1630 2935 1671 v.
2961 1611 3162 1687 fragm.
3186 1632 3242 1673 α.

2445 1747 2496 1784 1.

1759 1862 1971 1920 Athen.
2005 1858 2063 1934 8,
2093 1878 2152 1934 p.
2179 1858 2314 1933 396,
2343 1858 2424 1934 C,
2457 1858 2532 1915 de
2568 1876 2710 1914 voce
2753 1854 3045 1933 γαλαθηνὸς
3073 1858 3250 1915 disse-

1677 1969 1805 2006 rens
1834 1966 1849 2005 :
1884 1946 2028 2005 Ἆλκ.
2061 1944 2377 2025 Παλαίστρᾳ

1777 2062 1901 2137 ὁδὶ
1922 2068 2035 2163 γὰρ
2069 2068 2244 2145 αὐτός
2287 2070 2471 2133 ἐστιν·
2506 2068 2670 2131 οὔτοι
2713 2060 3004 2159 γρύξομαι

1774 2176 1855 2245 ὧν
1892 2203 1985 2244 σοι
2010 2184 2206 2269 ’λεγον
2242 2174 2431 2241 πλέον
2461 2198 2528 2249 τι
2555 2173 2891 2263 γαλαθηνοῦ
2927 2171 3088 2265 μυός.

1676 2324 1836 2381 Libri
1874 2318 1946 2379 ‘O
1995 2320 2070 2377 δεῖ
2102 2318 2179 2395 (Ρ
2219 2316 2352 2392 ὁδεί)
2397 2350 2478 2363 -
2519 2316 2679 2374 ἐστιν·
2726 2315 2786 2373 εἴ
2828 2339 2880 2375 τι
2927 2338 3010 2396 γρ.
3049 2306 3123 2374 ὧν
3169 2338 3250 2375 σοι

1676 2410 1815 2486 λέγω
1853 2408 1968 2479 πλ.,
2014 2418 2127 2468 etc.
2165 2408 2486 2483 Schweigh.
2527 2418 2682 2463 recte
2730 2402 2883 2477 Ὅδί,
2916 2418 3102 2463 cetera
3141 2424 3248 2481 ego

1676 2517 1921 2555 correxi.

2431 2624 2490 2664 2.

1755 2720 1910 2777 Idem
1949 2718 2039 2789 15,
2064 2737 2127 2792 p.
2163 2716 2300 2791 691,
2329 2716 2378 2775 B
2407 2739 2420 2771 ·.
2453 2712 2516 2772 τὸ
2543 2712 2598 2771 δὲ
2627 2713 2909 2793 χρίσασθαι
2940 2716 3018 2793 τῷ
3033 2714 3250 2795 τοιούτῳ

1676 2806 1964 2884 ἀλείμματι
1987 2808 2134 2881 (scil.
2182 2803 2364 2883 μύρῳ)
2395 2802 2714 2883 μυρίσασθαι
2739 2800 2996 2883 (μυρίσαι
3033 2806 3206 2860 Mein.
3233 2812 3248 2887 )

1675 2896 1878 2976 εἴρηκεν
1909 2894 2054 2956 Ἀλκ.
2087 2896 2142 2952 ἐν
2173 2890 2536 2971 Παλαίστραις
2567 2892 2702 2968 (sic)

1773 3028 2090 3122 Μυρίσασα
2109 3027 2604 3119 συγκατέκλεισεν
2637 3023 2762 3091 ἀνθ’
2795 3031 2981 3102 αὐτῆς
3006 3025 3240 3119 λάτριν.

1676 3173 2046 3230 scribendum
2065 3167 2404 3246 Παλαίστρᾳ,
2424 3185 2608 3240 neque
2627 3168 2946 3222 verosimile
2968 3177 3070 3235 est,
3091 3169 3250 3242 quod

1676 3265 1733 3318 in
1759 3273 2004 3317 mentem
2030 3259 2188 3314 venit
2225 3257 2543 3325 MeinekiO,
2581 3255 2634 3310 ἐν
2677 3253 3017 3332 Παλαίστρᾳ,
3047 3254 3249 3333 Σμυρί-

1677 3372 1841 3418 σασα,
1864 3349 1974 3405 et⁰c.
2003 3349 2146 3401 Tum
2169 3347 2229 3399 in
2253 3356 2506 3400 extremo
2527 3361 2690 3397 versu
2710 3343 2882 3399 Alcaei
2902 3340 3036 3397 libri
3057 3339 3246 3421 λάθρᾳ,

1678 3457 1794 3511 quo
1823 3437 1987 3492 facile
2017 3450 2336 3500 careamus,
2367 3431 2464 3486 sed
2489 3431 2840 3503 aptissimum
2863 3431 2951 3484 his
2975 3430 3148 3486 rebus
3167 3442 3248 3486 est

1674 3525 1880 3604 λάτριν,
1925 3525 2195 3578 ancillam
2215 3563 2232 3594 ,
2275 3520 2402 3578 scil.
2427 3521 2746 3574 Palaestram
2767 3558 2788 3588 ,
2833 3536 3110 3591 quacum,
3141 3518 3248 3574 rite

1676 3623 2020 3688 unguentata
2043 3650 2060 3678 ,
2103 3607 2331 3664 sibimet
2365 3609 2664 3663 molestum
2715 3615 3028 3661 amatorem
3069 3615 3246 3660 noctu

1679 3701 1958 3758 conclusit
2009 3697 2260 3754 domina.
2319 3698 2407 3750 De
2453 3697 2480 3750 θ
2547 3706 2605 3750 et
2643 3715 2674 3750 τ
2717 3693 2958 3750 subinde
3005 3692 3250 3748 confusis

1676 3791 1749 3846 ad
1794 3791 1975 3844 Thuc.
2027 3787 2086 3856 8,
2139 3803 2234 3858 79.
2281 3783 2616 3841 Ammonius
2653 3800 2712 3861 pp.
2760 3800 2826 3851 71
2882 3781 2974 3838 ed.
3029 3781 3242 3836 Valck.:

1680 3876 1873 3952 Λάτρις
1900 3872 1954 3932 δὲ
1980 3877 2007 3930 ὁ
2026 3869 2162 3930 κατὰ
2174 3867 2469 3946 πολεμικὴν
2493 3869 2799 3948 περίστασιν
2839 3864 3010 3938 ἁλοὺς,
3039 3866 3130 3924 καὶ
3160 3867 3247 3924 ἐπὶ

1677 3962 1912 4022 δουλείαν
1934 3957 2269 4039 προσαχθείς.
2297 3959 2502 4016 Suidas
2520 3961 2578 4013 in
2606 3958 2712 4016 Ms.
2733 3957 2988 4013 Leidensi
3020 3954 3242 4033 (Valck.

1679 4053 1985 4113 Animadv.
2031 4049 2104 4106 ad
2132 4050 2400 4106 Ammon.
2431 4065 2492 4122 p.
2531 4043 2650 4123 96)
2680 4064 2696 4103 z
2731 4042 2953 4116 θηλυκὸν
2989 4039 3045 4100 δὲ
3085 4047 3118 4113 ἠ
3147 4043 3248 4100 λοί-

1674 4162 1820 4218 τρις,
1852 4137 2178 4214 θεράπαινα,
2225 4131 2404 4204 δούλη.
2456 4134 2754 4208 Euripides
2797 4132 3034 4188 Hecuba
3089 4131 3243 4199 584:

1678 4226 1756 4287 Σὺ
1788 4227 1833 4284 δ’
1865 4217 1932 4283 αὖ
1977 4221 2216 4282 λαὸοῧσα
2266 4225 2480 4299 τεῦχος,
2528 4219 2726 4300 ἀρχαία
2775 4217 2965 4298 λα’τρι,
3009 4228 3119 4277 etc.
3165 4219 3247 4275 De

1676 4319 1864 4373 activo
1895 4312 2112 4393 μυρίσαι
2141 4312 2213 4370 cf.
2243 4311 2459 4392 Incert.
2495 4309 2550 4369 3.

2435 4423 2488 4483 3.

1754 4544 1914 4600 Idem
1960 4541 2022 4617 8,
2058 4559 2118 4614 p.
2157 4539 2287 4610 370,
2327 4539 2404 4609 F,
2447 4537 2516 4593 de
2567 4533 2782 4614 ῥαφάνῳ
2828 4551 2996 4609 agens
3042 4553 3054 4589 :
3098 4527 3243 4588 Ἀλκ.

1678 4631 1823 4689 Παλ.

2257 4791 2596 4848 PALAESTR
2607 4795 2650 4844 Α
2660 4831 2672 4843 .

2431 4885 2454 4932 1
2469 4919 2481 4933 .

1676 4973 1861 5042 Quum
1883 4968 1972 5023 hic
1992 4967 2104 5040 ipse
2121 4966 2210 5031 sit,
2240 4980 2350 5021 non
2376 4979 2508 5020 saue
2527 4963 2737 5019 hiscam

1671 5071 1885 5122 eorum,
1920 5069 2044 5127 quae
2071 5051 2186 5116 tibi:
2206 5050 2476 5118 dicebam,
2517 5050 2640 5122 plus
2677 5063 2842 5121 quam
2869 5047 3072 5102 lactens
3099 5057 3241 5098 mus.

2447 5143 2501 5192 2.
2913 5135 2920 5142 ’

1672 5233 2080 5302 Unguentatam
2103 5240 2201 5300 pro
2219 5241 2280 5283 se
2298 5226 2412 5297 ipsa
2434 5223 2704 5280 conclusit
2720 5219 2990 5279 ancillam.
