<?xml version="1.0" encoding="UTF-8"?>
<!DOCTYPE html PUBLIC "-//W3C//DTD XHTML 1.0 Transitional//EN"
    "http://www.w3.org/TR/xhtml1/DTD/xhtml1-transitional.dtd">
<html xmlns="http://www.w3.org/1999/xhtml" xml:lang="en" lang="en">
 <head>
  <title>
</title>
<meta http-equiv="Content-Type" content="text/html;charset=utf-8" />
  <meta name='ocr-system' content='tesseract 3.04.00' />
  <meta name='ocr-capabilities' content='ocr_page ocr_carea ocr_par ocr_line ocrx_word'/>
</head>
<body>
  <div class='ocr_page' id='page_1' title='image "./poetarumcomicor01hunzgoog_0497.png"; bbox 0 0 3809 5850; ppageno 0'>
   <div class='ocr_carea' id='block_1_1' title="bbox 1487 431 2020 494">
    <p class='ocr_par' dir='ltr' id='par_1_1' title="bbox 1487 431 2020 494">
     <span class='ocr_line' id='line_1_1' title="bbox 1487 431 2020 494; baseline -0.002 -1"><span class='ocrx_word' id='word_1_1' title='bbox 1487 431 2020 494; x_wconf 78' lang='lat' dir='ltr'><strong>PHILETAERUS.</strong></span> 
     </span>
    </p>
   </div>
   <div class='ocr_carea' id='block_1_2' title="bbox 141 565 1586 774">
    <p class='ocr_par' dir='ltr' id='par_1_2' title="bbox 141 565 1586 774">
     <span class='ocr_line' id='line_1_2' title="bbox 225 565 1586 670; baseline -0.001 -34"><span class='ocrx_word' id='word_1_2' title='bbox 225 573 360 638; x_wconf 69' lang='grc' dir='ltr'><strong>ἀλλ’</strong></span> <span class='ocrx_word' id='word_1_3' title='bbox 393 569 532 661; x_wconf 82' lang='grc' dir='ltr'><strong>οὐχὶ</strong></span> <span class='ocrx_word' id='word_1_4' title='bbox 560 581 832 664; x_wconf 69' lang='grc' dir='ltr'><strong>γαμετῆς</strong></span> <span class='ocrx_word' id='word_1_5' title='bbox 858 565 1122 662; x_wconf 77' lang='grc' dir='ltr'>οὐδαμοῦ</span> <span class='ocrx_word' id='word_1_6' title='bbox 1151 581 1258 670; x_wconf 71' lang='grc' dir='ltr'><strong>τῆς</strong></span> <span class='ocrx_word' id='word_1_7' title='bbox 1291 565 1586 648; x_wconf 67' lang='grc' dir='ltr'><strong>Ἑλλάδος.</strong></span> 
     </span>
     <span class='ocr_line' id='line_1_3' title="bbox 141 699 1339 774; baseline 0.007 -24"><span class='ocrx_word' id='word_1_8' title='bbox 141 701 438 756; x_wconf 44' lang='lat' dir='ltr'><strong>&amp;imiliter</strong></span> <span class='ocrx_word' id='word_1_9' title='bbox 463 699 728 759; x_wconf 73' lang='lat' dir='ltr'><strong>Cratinus</strong></span> <span class='ocrx_word' id='word_1_10' title='bbox 755 699 956 774; x_wconf 79' lang='lat' dir='ltr'><strong>fragm.</strong></span> <span class='ocrx_word' id='word_1_11' title='bbox 988 701 1194 760; x_wconf 84' lang='lat' dir='ltr'><strong>incert.</strong></span> <span class='ocrx_word' id='word_1_12' title='bbox 1225 699 1298 755; x_wconf 87' lang='grc'><strong>23</strong></span> <span class='ocrx_word' id='word_1_13' title='bbox 1324 717 1339 758; x_wconf 89' lang='lat'>:</span> 
     </span>
    </p>
   </div>
   <div class='ocr_carea' id='block_1_3' title="bbox 3235 443 3349 493">
    <p class='ocr_par' dir='ltr' id='par_1_3' title="bbox 3235 443 3349 493">
     <span class='ocr_line' id='line_1_4' title="bbox 3235 443 3349 493; baseline -0.009 0"><span class='ocrx_word' id='word_1_14' title='bbox 3235 443 3349 493; x_wconf 73' lang='lat'><strong>⁴⁴17</strong></span> 
     </span>
    </p>
   </div>
   <div class='ocr_carea' id='block_1_4' title="bbox 2540 587 2597 624">
    <p class='ocr_par' dir='ltr' id='par_1_4' title="bbox 2540 587 2597 624">
     <span class='ocr_line' id='line_1_5' title="bbox 2540 587 2597 624; baseline 0.035 -2"><span class='ocrx_word' id='word_1_15' title='bbox 2540 587 2597 624; x_wconf 78' lang='lat'><strong>2.</strong></span> 
     </span>
    </p>
   </div>
   <div class='ocr_carea' id='block_1_5' title="bbox 1863 675 3349 754">
    <p class='ocr_par' dir='ltr' id='par_1_5' title="bbox 1863 675 3349 754">
     <span class='ocr_line' id='line_1_6' title="bbox 1863 675 3349 754; baseline -0.002 -19"><span class='ocrx_word' id='word_1_16' title='bbox 1863 679 2025 736; x_wconf 84' lang='lat' dir='ltr'>Idem</span> <span class='ocrx_word' id='word_1_17' title='bbox 2061 677 2154 746; x_wconf 82' lang='lat'><strong>13,</strong></span> <span class='ocrx_word' id='word_1_18' title='bbox 2186 695 2271 752; x_wconf 69' lang='grc' dir='ltr'><strong>ρ..</strong></span> <span class='ocrx_word' id='word_1_19' title='bbox 2292 675 2425 748; x_wconf 80' lang='grc'><strong>570,</strong></span> <span class='ocrx_word' id='word_1_20' title='bbox 2457 679 2498 734; x_wconf 81' lang='lat' dir='ltr'><strong>F</strong></span> <span class='ocrx_word' id='word_1_21' title='bbox 2528 697 2540 731; x_wconf 91' lang='lat'>:</span> <span class='ocrx_word' id='word_1_22' title='bbox 2568 675 2738 734; x_wconf 75' lang='grc' dir='ltr'><strong>ταῦτά</strong></span> <span class='ocrx_word' id='word_1_23' title='bbox 2766 698 2851 734; x_wconf 88' lang='grc' dir='ltr'><strong>σοι</strong></span> <span class='ocrx_word' id='word_1_24' title='bbox 2870 683 3140 754; x_wconf 80' lang='grc' dir='ltr'><strong>παραινεῖν</strong></span> <span class='ocrx_word' id='word_1_25' title='bbox 3168 677 3349 753; x_wconf 81' lang='grc' dir='ltr'><strong>ἔχω...</strong></span> 
     </span>
    </p>
   </div>
   <div class='ocr_carea' id='block_1_6' title="bbox 209 761 2687 892">
    <p class='ocr_par' dir='ltr' id='par_1_6' title="bbox 209 761 2687 892">
     <span class='ocr_line' id='line_1_7' title="bbox 209 761 2687 892; baseline -0.004 -23"><span class='ocrx_word' id='word_1_26' title='bbox 209 813 273 876; x_wconf 80' lang='grc' dir='ltr'><strong>ὥς</strong></span> <span class='ocrx_word' id='word_1_27' title='bbox 294 809 348 869; x_wconf 71' lang='grc' dir='ltr'><strong>δὲ</strong></span> <span class='ocrx_word' id='word_1_28' title='bbox 379 809 630 887; x_wconf 76' lang='grc' dir='ltr'><strong>μαλακὸν</strong></span> <span class='ocrx_word' id='word_1_29' title='bbox 647 810 737 870; x_wconf 77' lang='grc' dir='ltr'><strong>καὶ</strong></span> <span class='ocrx_word' id='word_1_30' title='bbox 757 809 906 892; x_wconf 84' lang='grc' dir='ltr'><strong>τέρεν</strong></span> <span class='ocrx_word' id='word_1_31' title='bbox 934 811 996 870; x_wconf 78' lang='grc' dir='ltr'><strong>τὸ</strong></span> <span class='ocrx_word' id='word_1_32' title='bbox 1018 809 1292 892; x_wconf 82' lang='grc' dir='ltr'><strong>χρωτίδιόν</strong></span> <span class='ocrx_word' id='word_1_33' title='bbox 1317 813 1448 884; x_wconf 74' lang='grc' dir='ltr'><strong>ἐστ’,</strong></span> <span class='ocrx_word' id='word_1_34' title='bbox 1477 799 1522 870; x_wconf 69' lang='grc' dir='ltr'><em>ὦ</em></span> <span class='ocrx_word' id='word_1_35' title='bbox 1545 807 1682 869; x_wconf 71' lang='grc' dir='ltr'><strong>Θεοίῑ</strong></span> <span class='ocrx_word' id='word_1_36' title='bbox 1783 763 1874 824; x_wconf 57' lang='grc' dir='ltr'><strong>καὶ</strong></span> <span class='ocrx_word' id='word_1_37' title='bbox 1907 761 2045 824; x_wconf 57' lang='grc' dir='ltr'><strong>κατὰ</strong></span> <span class='ocrx_word' id='word_1_38' title='bbox 2069 763 2391 843; x_wconf 56' lang='grc' dir='ltr'><strong>Φιλεταίρου</strong></span> <span class='ocrx_word' id='word_1_39' title='bbox 2417 762 2687 842; x_wconf 59' lang='grc' dir='ltr'><strong>Κυνηγίδα</strong></span> 
     </span>
    </p>
   </div>
   <div class='ocr_carea' id='block_1_7' title="bbox 142 895 1690 1149">
    <p class='ocr_par' dir='ltr' id='par_1_7' title="bbox 142 895 1690 1149">
     <span class='ocr_line' id='line_1_8' title="bbox 142 895 1689 976; baseline 0.003 -22"><span class='ocrx_word' id='word_1_40' title='bbox 142 900 386 955; x_wconf 81' lang='lat' dir='ltr'><strong>Versibus</strong></span> <span class='ocrx_word' id='word_1_41' title='bbox 407 918 440 956; x_wconf 85' lang='grc'><strong>2</strong></span> <span class='ocrx_word' id='word_1_42' title='bbox 471 911 532 956; x_wconf 92' lang='lat' dir='ltr'><strong>et</strong></span> <span class='ocrx_word' id='word_1_43' title='bbox 557 900 592 956; x_wconf 84' lang='lat'>3</span> <span class='ocrx_word' id='word_1_44' title='bbox 623 903 829 958; x_wconf 78' lang='lat' dir='ltr'><strong>iterim</strong></span> <span class='ocrx_word' id='word_1_45' title='bbox 849 918 989 959; x_wconf 84' lang='lat' dir='ltr'><strong>usus</strong></span> <span class='ocrx_word' id='word_1_46' title='bbox 1011 913 1092 958; x_wconf 90' lang='lat' dir='ltr'><strong>est</strong></span> <span class='ocrx_word' id='word_1_47' title='bbox 1123 901 1272 960; x_wconf 86' lang='lat' dir='ltr'><strong>Phil.</strong></span> <span class='ocrx_word' id='word_1_48' title='bbox 1316 901 1376 956; x_wconf 89' lang='lat' dir='ltr'><strong>in</strong></span> <span class='ocrx_word' id='word_1_49' title='bbox 1417 895 1689 976; x_wconf 77' lang='grc' dir='ltr'><strong>Κυνηγίδι.</strong></span> 
     </span>
     <span class='ocr_line' id='line_1_9' title="bbox 143 984 1690 1067; baseline 0.001 -25"><span class='ocrx_word' id='word_1_50' title='bbox 143 988 364 1060; x_wconf 79' lang='lat' dir='ltr'><strong>Hesych.</strong></span> <span class='ocrx_word' id='word_1_51' title='bbox 395 984 654 1065; x_wconf 77' lang='grc' dir='ltr'>Ἑταίρας</span> <span class='ocrx_word' id='word_1_52' title='bbox 681 987 818 1065; x_wconf 76' lang='grc' dir='ltr'><strong>ἱερόν</strong></span> <span class='ocrx_word' id='word_1_53' title='bbox 867 1009 880 1044; x_wconf 91' lang='lat'>:</span> <span class='ocrx_word' id='word_1_54' title='bbox 937 986 1060 1066; x_wconf 78' lang='grc' dir='ltr'><strong>(τὸ)</strong></span> <span class='ocrx_word' id='word_1_55' title='bbox 1101 990 1195 1059; x_wconf 79' lang='grc' dir='ltr'><strong>τ’ἧς</strong></span> <span class='ocrx_word' id='word_1_56' title='bbox 1237 985 1561 1067; x_wconf 77' lang='grc' dir='ltr'><strong>Ἀφροδίτης.</strong></span> <span class='ocrx_word' id='word_1_57' title='bbox 1606 986 1690 1046; x_wconf 80' lang='lat' dir='ltr'><strong>Cf.</strong></span> 
     </span>
     <span class='ocr_line' id='line_1_10' title="bbox 143 1073 1212 1149; baseline 0.007 -21"><span class='ocrx_word' id='word_1_58' title='bbox 143 1075 325 1132; x_wconf 83' lang='lat' dir='ltr'>Athen.</span> <span class='ocrx_word' id='word_1_59' title='bbox 351 1093 411 1149; x_wconf 84' lang='lat' dir='ltr'><strong>p.</strong></span> <span class='ocrx_word' id='word_1_60' title='bbox 441 1073 583 1146; x_wconf 82' lang='lat'>571,</span> <span class='ocrx_word' id='word_1_61' title='bbox 611 1077 674 1134; x_wconf 90' lang='lat' dir='ltr'><strong>C.</strong></span> <span class='ocrx_word' id='word_1_62' title='bbox 699 1077 796 1132; x_wconf 75' lang='lat' dir='ltr'><strong>»E</strong></span> <span class='ocrx_word' id='word_1_63' title='bbox 821 1077 914 1133; x_wconf 85' lang='lat' dir='ltr'><strong>M.</strong></span> <span class='ocrx_word' id='word_1_64' title='bbox 943 1089 1000 1132; x_wconf 81' lang='lat' dir='ltr'><strong>et</strong></span> <span class='ocrx_word' id='word_1_65' title='bbox 1021 1077 1212 1136; x_wconf 73' lang='lat' dir='ltr'><strong>Schw.</strong></span> 
     </span>
    </p>
   </div>
   <div class='ocr_carea' id='block_1_8' title="bbox 657 1221 1162 1282">
    <p class='ocr_par' dir='ltr' id='par_1_8' title="bbox 657 1221 1162 1282">
     <span class='ocr_line' id='line_1_11' title="bbox 657 1221 1162 1282; baseline 0 0"><span class='ocrx_word' id='word_1_66' title='bbox 657 1221 764 1282; x_wconf 85' lang='lat' dir='ltr'><strong>vl.</strong></span> <span class='ocrx_word' id='word_1_67' title='bbox 806 1222 1162 1282; x_wconf 80' lang='grc' dir='ltr'><strong>ΚΥΝΗΓῙΣ.</strong></span> 
     </span>
    </p>
   </div>
   <div class='ocr_carea' id='block_1_9' title="bbox 145 1353 1699 1582">
    <p class='ocr_par' dir='ltr' id='par_1_9' title="bbox 145 1353 1699 1582">
     <span class='ocr_line' id='line_1_12' title="bbox 213 1353 1698 1430; baseline 0 -24"><span class='ocrx_word' id='word_1_68' title='bbox 213 1353 424 1406; x_wconf 83' lang='lat' dir='ltr'><strong>Nomen</strong></span> <span class='ocrx_word' id='word_1_69' title='bbox 438 1353 756 1409; x_wconf 83' lang='lat' dir='ltr'><strong>meretricis</strong></span> <span class='ocrx_word' id='word_1_70' title='bbox 782 1365 865 1410; x_wconf 86' lang='lat' dir='ltr'><strong>est</strong></span> <span class='ocrx_word' id='word_1_71' title='bbox 892 1353 1134 1430; x_wconf 76' lang='lat' dir='ltr'><strong>Cynegis</strong></span> <span class='ocrx_word' id='word_1_72' title='bbox 1153 1355 1245 1410; x_wconf 79' lang='lat' dir='ltr'><strong>vel</strong></span> <span class='ocrx_word' id='word_1_73' title='bbox 1266 1354 1526 1428; x_wconf 81' lang='lat' dir='ltr'><strong>Cynagis.</strong></span> <span class='ocrx_word' id='word_1_74' title='bbox 1546 1353 1698 1410; x_wconf 87' lang='lat' dir='ltr'><strong>Fieri</strong></span> 
     </span>
     <span class='ocr_line' id='line_1_13' title="bbox 145 1441 1699 1582; baseline -0.005 -80"><span class='ocrx_word' id='word_1_75' title='bbox 145 1449 534 1582; x_wconf 49' lang='grc' dir='ltr'><strong>ιῖῗιῗινὲωεη</strong></span> <span class='ocrx_word' id='word_1_76' title='bbox 570 1451 638 1498; x_wconf 91' lang='lat' dir='ltr'><strong>ut</strong></span> <span class='ocrx_word' id='word_1_77' title='bbox 669 1442 1012 1518; x_wconf 78' lang='lat' dir='ltr'><strong>appellative</strong></span> <span class='ocrx_word' id='word_1_78' title='bbox 1045 1442 1352 1500; x_wconf 81' lang='lat' dir='ltr'><strong>vertendus</strong></span> <span class='ocrx_word' id='word_1_79' title='bbox 1391 1443 1464 1497; x_wconf 88' lang='lat' dir='ltr'><strong>sit</strong></span> <span class='ocrx_word' id='word_1_80' title='bbox 1503 1441 1699 1496; x_wconf 86' lang='lat' dir='ltr'><strong>titulus</strong></span> 
     </span>
    </p>
   </div>
   <div class='ocr_carea' id='block_1_10' title="bbox 151 1715 1698 1884">
    <p class='ocr_par' dir='ltr' id='par_1_10' title="bbox 151 1715 1698 1884">
     <span class='ocr_line' id='line_1_14' title="bbox 220 1715 1698 1794; baseline 0.001 -19"><span class='ocrx_word' id='word_1_81' title='bbox 220 1717 412 1775; x_wconf 73' lang='lat' dir='ltr'><strong>Athen.</strong></span> <span class='ocrx_word' id='word_1_82' title='bbox 442 1715 514 1774; x_wconf 81' lang='lat'><strong>13</strong></span> <span class='ocrx_word' id='word_1_83' title='bbox 535 1759 554 1788; x_wconf 89' lang='lat'>,</span> <span class='ocrx_word' id='word_1_84' title='bbox 583 1736 648 1792; x_wconf 87' lang='lat' dir='ltr'><strong>p.</strong></span> <span class='ocrx_word' id='word_1_85' title='bbox 681 1717 817 1791; x_wconf 83' lang='lat'><strong>587,</strong></span> <span class='ocrx_word' id='word_1_86' title='bbox 841 1720 920 1790; x_wconf 88' lang='lat' dir='ltr'><strong>C,</strong></span> <span class='ocrx_word' id='word_1_87' title='bbox 955 1719 1028 1776; x_wconf 88' lang='lat' dir='ltr'><strong>de</strong></span> <span class='ocrx_word' id='word_1_88' title='bbox 1063 1719 1457 1776; x_wconf 81' lang='lat' dir='ltr'><strong>meretricibus</strong></span> <span class='ocrx_word' id='word_1_89' title='bbox 1492 1735 1698 1794; x_wconf 79' lang='lat' dir='ltr'><strong>agens:</strong></span> 
     </span>
     <span class='ocr_line' id='line_1_15' title="bbox 151 1802 864 1884; baseline 0.006 -24"><span class='ocrx_word' id='word_1_90' title='bbox 151 1803 271 1860; x_wconf 78' lang='grc' dir='ltr'><strong>Φιλ.</strong></span> <span class='ocrx_word' id='word_1_91' title='bbox 301 1803 352 1859; x_wconf 72' lang='grc' dir='ltr'><strong>ἐν</strong></span> <span class='ocrx_word' id='word_1_92' title='bbox 383 1802 648 1880; x_wconf 77' lang='grc' dir='ltr'><strong>Κυναγίδι</strong></span> <span class='ocrx_word' id='word_1_93' title='bbox 679 1803 864 1884; x_wconf 78' lang='lat' dir='ltr'><strong>(sic),</strong></span> 
     </span>
    </p>
   </div>
   <div class='ocr_carea' id='block_1_11' title="bbox 163 1911 1716 3783">
    <p class='ocr_par' dir='ltr' id='par_1_11' title="bbox 236 1911 1702 2012">
     <span class='ocr_line' id='line_1_16' title="bbox 236 1911 1702 2012; baseline -0.001 -29"><span class='ocrx_word' id='word_1_94' title='bbox 236 1915 384 2007; x_wconf 80' lang='grc' dir='ltr'><strong>Οὐχὶ</strong></span> <span class='ocrx_word' id='word_1_95' title='bbox 401 1918 718 2009; x_wconf 78' lang='grc' dir='ltr'>Κερκώπη</span> <span class='ocrx_word' id='word_1_96' title='bbox 751 1919 858 2010; x_wconf 79' lang='grc' dir='ltr'><strong>μὲν</strong></span> <span class='ocrx_word' id='word_1_97' title='bbox 881 1911 998 1994; x_wconf 80' lang='grc' dir='ltr'><strong>ἤδη</strong></span> <span class='ocrx_word' id='word_1_98' title='bbox 1021 1920 1222 2012; x_wconf 89' lang='grc' dir='ltr'><strong>γέγον’</strong></span> <span class='ocrx_word' id='word_1_99' title='bbox 1245 1919 1353 1992; x_wconf 80' lang='grc' dir='ltr'><strong>ἔτη</strong></span> <span class='ocrx_word' id='word_1_100' title='bbox 1375 1914 1702 2012; x_wconf 74' lang='grc' dir='ltr'><strong>τρισχίλια,</strong></span> 
     </span>
    </p>

    <p class='ocr_par' dir='ltr' id='par_1_12' title="bbox 233 2014 1704 2327">
     <span class='ocr_line' id='line_1_17' title="bbox 233 2014 1698 2116; baseline 0.001 -30"><span class='ocrx_word' id='word_1_101' title='bbox 233 2025 266 2094; x_wconf 77' lang='grc' dir='ltr'>ἡ</span> <span class='ocrx_word' id='word_1_102' title='bbox 296 2014 362 2087; x_wconf 80' lang='grc' dir='ltr'><strong>δὲ</strong></span> <span class='ocrx_word' id='word_1_103' title='bbox 391 2021 735 2100; x_wconf 77' lang='grc' dir='ltr'><strong>Διοπείθους</strong></span> <span class='ocrx_word' id='word_1_104' title='bbox 763 2018 970 2102; x_wconf 80' lang='grc' dir='ltr'><strong>ἀειδὴς</strong></span> <span class='ocrx_word' id='word_1_105' title='bbox 998 2025 1249 2102; x_wconf 78' lang='grc' dir='ltr'><strong>Τέλεσις</strong></span> <span class='ocrx_word' id='word_1_106' title='bbox 1279 2025 1453 2114; x_wconf 75' lang='grc' dir='ltr'><strong>ἔτερα</strong></span> <span class='ocrx_word' id='word_1_107' title='bbox 1483 2021 1698 2116; x_wconf 69' lang='grc' dir='ltr'><strong>μυρίας</strong></span> 
     </span>
     <span class='ocr_line' id='line_1_18' title="bbox 236 2120 1704 2221; baseline 0.001 -28"><span class='ocrx_word' id='word_1_108' title='bbox 236 2129 526 2201; x_wconf 67' lang='grc' dir='ltr'><strong>Θεολύτην</strong></span> <span class='ocrx_word' id='word_1_109' title='bbox 547 2120 618 2195; x_wconf 83' lang='grc' dir='ltr'><strong>δ’</strong></span> <span class='ocrx_word' id='word_1_110' title='bbox 648 2121 776 2196; x_wconf 84' lang='grc' dir='ltr'><strong>οὐδ’</strong></span> <span class='ocrx_word' id='word_1_111' title='bbox 797 2121 960 2196; x_wconf 82' lang='grc' dir='ltr'><strong>οἶδεν</strong></span> <span class='ocrx_word' id='word_1_112' title='bbox 985 2123 1178 2208; x_wconf 79' lang='grc' dir='ltr'><strong>οὐδεὶς</strong></span> <span class='ocrx_word' id='word_1_113' title='bbox 1199 2179 1220 2214; x_wconf 92' lang='grc'><strong>,</strong></span> <span class='ocrx_word' id='word_1_114' title='bbox 1251 2132 1352 2196; x_wconf 82' lang='grc' dir='ltr'><strong>ὅτε</strong></span> <span class='ocrx_word' id='word_1_115' title='bbox 1378 2129 1452 2194; x_wconf 87' lang='grc' dir='ltr'><strong>τὸ</strong></span> <span class='ocrx_word' id='word_1_116' title='bbox 1469 2136 1704 2221; x_wconf 80' lang='grc' dir='ltr'><strong>πρῶτον</strong></span> 
     </span>
     <span class='ocr_line' id='line_1_19' title="bbox 1445 2235 1700 2327; baseline 0.02 -28"><span class='ocrx_word' id='word_1_117' title='bbox 1445 2235 1700 2327; x_wconf 76' lang='grc' dir='ltr'><strong>ἐγένετο.</strong></span> 
     </span>
    </p>

    <p class='ocr_par' dir='ltr' id='par_1_13' title="bbox 240 2333 1701 2430">
     <span class='ocr_line' id='line_1_20' title="bbox 240 2333 1701 2430; baseline 0 -26"><span class='ocrx_word' id='word_1_118' title='bbox 240 2335 387 2428; x_wconf 74' lang='grc' dir='ltr'><strong>Οὐχὶ</strong></span> <span class='ocrx_word' id='word_1_119' title='bbox 397 2333 553 2416; x_wconf 79' lang='grc' dir='ltr'><strong>Λαῒς</strong></span> <span class='ocrx_word' id='word_1_120' title='bbox 571 2339 686 2430; x_wconf 66' lang='grc' dir='ltr'><strong>μὲν</strong></span> <span class='ocrx_word' id='word_1_121' title='bbox 704 2334 1030 2405; x_wconf 84' lang='grc' dir='ltr'><strong>τελευτῶσ’</strong></span> <span class='ocrx_word' id='word_1_122' title='bbox 1049 2339 1342 2406; x_wconf 78' lang='grc' dir='ltr'><strong>ἀπέθανεν</strong></span> <span class='ocrx_word' id='word_1_123' title='bbox 1364 2340 1701 2430; x_wconf 79' lang='grc' dir='ltr'><strong>βινουμένη,</strong></span> 
     </span>
    </p>

    <p class='ocr_par' dir='ltr' id='par_1_14' title="bbox 163 2437 1703 2751">
     <span class='ocr_line' id='line_1_21' title="bbox 163 2437 1700 2540; baseline 0.002 -31"><span class='ocrx_word' id='word_1_124' title='bbox 163 2437 194 2509; x_wconf 88' lang='lat'>5</span> <span class='ocrx_word' id='word_1_125' title='bbox 241 2437 466 2537; x_wconf 73' lang='grc' dir='ltr'><strong>ἰσθμιὰς</strong></span> <span class='ocrx_word' id='word_1_126' title='bbox 481 2440 520 2512; x_wconf 92' lang='grc' dir='ltr'><strong>δ</strong></span> <span class='ocrx_word' id='word_1_127' title='bbox 524 2445 552 2511; x_wconf 80' lang='grc' dir='ltr'>ὲ</span> <span class='ocrx_word' id='word_1_128' title='bbox 570 2443 684 2512; x_wconf 85' lang='grc' dir='ltr'><strong>καὶ</strong></span> <span class='ocrx_word' id='word_1_129' title='bbox 699 2449 924 2540; x_wconf 83' lang='grc' dir='ltr'><strong>Νέαιρα</strong></span> <span class='ocrx_word' id='word_1_130' title='bbox 941 2448 1360 2530; x_wconf 73' lang='grc' dir='ltr'><strong>κατασέσηπε,</strong></span> <span class='ocrx_word' id='word_1_131' title='bbox 1377 2441 1484 2511; x_wconf 84' lang='grc' dir='ltr'><strong>καὶ</strong></span> <span class='ocrx_word' id='word_1_132' title='bbox 1507 2443 1700 2534; x_wconf 80' lang='grc' dir='ltr'><strong>Φίλη;</strong></span> 
     </span>
     <span class='ocr_line' id='line_1_22' title="bbox 241 2544 1703 2643; baseline -0.001 -26"><span class='ocrx_word' id='word_1_133' title='bbox 241 2551 554 2643; x_wconf 71' lang='grc' dir='ltr'><strong>Κοσσύφας</strong></span> <span class='ocrx_word' id='word_1_134' title='bbox 603 2544 676 2618; x_wconf 80' lang='grc' dir='ltr'><strong>δὲ</strong></span> <span class='ocrx_word' id='word_1_135' title='bbox 695 2601 714 2638; x_wconf 91' lang='grc'><strong>,</strong></span> <span class='ocrx_word' id='word_1_136' title='bbox 763 2551 869 2618; x_wconf 88' lang='grc' dir='ltr'><strong>καὶ</strong></span> <span class='ocrx_word' id='word_1_137' title='bbox 909 2555 1216 2638; x_wconf 69' lang='grc' dir='ltr'><strong>Γαλήνας,</strong></span> <span class='ocrx_word' id='word_1_138' title='bbox 1247 2551 1352 2618; x_wconf 85' lang='grc' dir='ltr'><strong>καὶ</strong></span> <span class='ocrx_word' id='word_1_139' title='bbox 1377 2552 1665 2642; x_wconf 83' lang='grc' dir='ltr'><strong>Κορώνας</strong></span> <span class='ocrx_word' id='word_1_140' title='bbox 1682 2600 1703 2635; x_wconf 92' lang='grc'><strong>,</strong></span> 
     </span>
     <span class='ocr_line' id='line_1_23' title="bbox 1391 2645 1702 2751; baseline -0.006 -27"><span class='ocrx_word' id='word_1_141' title='bbox 1391 2645 1474 2724; x_wconf 53' lang='grc' dir='ltr'><strong>ὀὐ</strong></span> <span class='ocrx_word' id='word_1_142' title='bbox 1503 2659 1702 2751; x_wconf 89' lang='grc' dir='ltr'><strong>λέγω,</strong></span> 
     </span>
    </p>

    <p class='ocr_par' dir='ltr' id='par_1_15' title="bbox 237 2753 1710 2961">
     <span class='ocr_line' id='line_1_24' title="bbox 237 2753 1710 2856; baseline 0.001 -31"><span class='ocrx_word' id='word_1_143' title='bbox 237 2761 362 2852; x_wconf 80' lang='grc' dir='ltr'><strong>περὶ</strong></span> <span class='ocrx_word' id='word_1_144' title='bbox 403 2755 476 2829; x_wconf 73' lang='grc' dir='ltr'><strong>δὲ</strong></span> <span class='ocrx_word' id='word_1_145' title='bbox 517 2753 766 2840; x_wconf 82' lang='grc' dir='ltr'><strong>Ναΐδος</strong></span> <span class='ocrx_word' id='word_1_146' title='bbox 813 2771 1022 2830; x_wconf 80' lang='grc' dir='ltr'><strong>σιωπῶ</strong></span> <span class='ocrx_word' id='word_1_147' title='bbox 1042 2785 1059 2803; x_wconf 88' lang='grc'><em>·</em></span> <span class='ocrx_word' id='word_1_148' title='bbox 1107 2761 1390 2856; x_wconf 84' lang='grc' dir='ltr'><strong>γομφίους</strong></span> <span class='ocrx_word' id='word_1_149' title='bbox 1434 2760 1550 2856; x_wconf 80' lang='grc' dir='ltr'><strong>γὰρ</strong></span> <span class='ocrx_word' id='word_1_150' title='bbox 1605 2765 1710 2828; x_wconf 85' lang='grc' dir='ltr'><strong>οὐκ</strong></span> 
     </span>
     <span class='ocr_line' id='line_1_25' title="bbox 1553 2871 1704 2961; baseline 0.013 -25"><span class='ocrx_word' id='word_1_151' title='bbox 1553 2871 1704 2961; x_wconf 82' lang='grc' dir='ltr'><strong>ἔχει.</strong></span> 
     </span>
    </p>

    <p class='ocr_par' dir='ltr' id='par_1_16' title="bbox 169 2996 1716 3783">
     <span class='ocr_line' id='line_1_26' title="bbox 169 2996 1705 3077; baseline 0.005 -26"><span class='ocrx_word' id='word_1_152' title='bbox 169 2996 314 3052; x_wconf 75' lang='lat' dir='ltr'><strong>Versu</strong></span> <span class='ocrx_word' id='word_1_153' title='bbox 361 3016 384 3053; x_wconf 83' lang='lat'>1</span> <span class='ocrx_word' id='word_1_154' title='bbox 433 3016 686 3075; x_wconf 80' lang='lat' dir='ltr'><strong>gramm.</strong></span> <span class='ocrx_word' id='word_1_155' title='bbox 729 3001 973 3058; x_wconf 79' lang='lat' dir='ltr'><strong>Bekkeri</strong></span> <span class='ocrx_word' id='word_1_156' title='bbox 1017 3001 1236 3061; x_wconf 81' lang='lat' dir='ltr'><strong>Anecd.</strong></span> <span class='ocrx_word' id='word_1_157' title='bbox 1279 3022 1340 3077; x_wconf 87' lang='lat' dir='ltr'><strong>p.</strong></span> <span class='ocrx_word' id='word_1_158' title='bbox 1397 3020 1505 3073; x_wconf 78' lang='lat'><strong>²71</strong></span> <span class='ocrx_word' id='word_1_159' title='bbox 1525 3042 1544 3072; x_wconf 85' lang='lat'><strong>,</strong></span> <span class='ocrx_word' id='word_1_160' title='bbox 1595 3020 1664 3058; x_wconf 87' lang='grc' dir='ltr'><strong>2ι</strong></span> <span class='ocrx_word' id='word_1_161' title='bbox 1689 3042 1705 3070; x_wconf 91' lang='grc'><strong>,</strong></span> 
     </span>
     <span class='ocr_line' id='line_1_27' title="bbox 175 3082 1704 3169; baseline 0.004 -26"><span class='ocrx_word' id='word_1_162' title='bbox 175 3082 404 3163; x_wconf 77' lang='grc' dir='ltr'><strong>Κερκώπη</strong></span> <span class='ocrx_word' id='word_1_163' title='bbox 433 3106 448 3147; x_wconf 89' lang='lat'>:</span> <span class='ocrx_word' id='word_1_164' title='bbox 477 3086 694 3169; x_wconf 71' lang='grc' dir='ltr'><strong>ἑταίρας</strong></span> <span class='ocrx_word' id='word_1_165' title='bbox 729 3086 895 3166; x_wconf 81' lang='grc' dir='ltr'><strong>ὄνομα</strong></span> <span class='ocrx_word' id='word_1_166' title='bbox 913 3132 932 3165; x_wconf 91' lang='grc'><strong>,</strong></span> <span class='ocrx_word' id='word_1_167' title='bbox 976 3087 1300 3166; x_wconf 73' lang='grc' dir='ltr'><strong>καλουμένης</strong></span> <span class='ocrx_word' id='word_1_168' title='bbox 1327 3088 1464 3148; x_wconf 72' lang='grc' dir='ltr'><strong>οὕτω</strong></span> <span class='ocrx_word' id='word_1_169' title='bbox 1491 3086 1578 3147; x_wconf 74' lang='grc' dir='ltr'><strong>διὰ</strong></span> <span class='ocrx_word' id='word_1_170' title='bbox 1611 3112 1704 3149; x_wconf 74' lang='lat' dir='ltr'><strong>m-</strong></span> 
     </span>
     <span class='ocr_line' id='line_1_28' title="bbox 172 3168 1708 3258; baseline 0.005 -30"><span class='ocrx_word' id='word_1_171' title='bbox 172 3168 378 3241; x_wconf 70' lang='grc' dir='ltr'><strong>κοῆθειαν</strong></span> <span class='ocrx_word' id='word_1_172' title='bbox 395 3192 410 3205; x_wconf 91' lang='grc'><em>·</em></span> <span class='ocrx_word' id='word_1_173' title='bbox 444 3174 740 3256; x_wconf 70' lang='grc' dir='ltr'><strong>Κέρκωπας</strong></span> <span class='ocrx_word' id='word_1_174' title='bbox 767 3176 870 3256; x_wconf 82' lang='grc' dir='ltr'><strong>γάρ</strong></span> <span class='ocrx_word' id='word_1_175' title='bbox 893 3178 1023 3236; x_wconf 81' lang='grc' dir='ltr'><strong>εἰσιν</strong></span> <span class='ocrx_word' id='word_1_176' title='bbox 1048 3178 1096 3236; x_wconf 75' lang='grc' dir='ltr'><strong>οἱ</strong></span> <span class='ocrx_word' id='word_1_177' title='bbox 1121 3182 1404 3258; x_wconf 75' lang='grc' dir='ltr'><strong>κακοῦργοι</strong></span> <span class='ocrx_word' id='word_1_178' title='bbox 1430 3176 1708 3257; x_wconf 74' lang='grc' dir='ltr'><strong>ἅνθρωποι.</strong></span> 
     </span>
     <span class='ocr_line' id='line_1_29' title="bbox 174 3254 1714 3342; baseline 0.006 -30"><span class='ocrx_word' id='word_1_179' title='bbox 174 3254 251 3328; x_wconf 77' lang='lat' dir='ltr'><strong>(V.</strong></span> <span class='ocrx_word' id='word_1_180' title='bbox 283 3260 450 3321; x_wconf 81' lang='lat' dir='ltr'><strong>Baehr.</strong></span> <span class='ocrx_word' id='word_1_181' title='bbox 473 3264 552 3320; x_wconf 85' lang='lat' dir='ltr'><strong>ad</strong></span> <span class='ocrx_word' id='word_1_182' title='bbox 577 3265 869 3322; x_wconf 80' lang='lat' dir='ltr'><strong>Herodot.</strong></span> <span class='ocrx_word' id='word_1_183' title='bbox 905 3285 964 3337; x_wconf 87' lang='lat'><strong>7,</strong></span> <span class='ocrx_word' id='word_1_184' title='bbox 991 3266 1167 3341; x_wconf 74' lang='lat'><strong>216.)</strong></span> <span class='ocrx_word' id='word_1_185' title='bbox 1189 3268 1305 3323; x_wconf 81' lang='lat' dir='ltr'><strong>Nisi</strong></span> <span class='ocrx_word' id='word_1_186' title='bbox 1322 3267 1512 3342; x_wconf 87' lang='lat' dir='ltr'><strong>potius</strong></span> <span class='ocrx_word' id='word_1_187' title='bbox 1533 3284 1566 3322; x_wconf 87' lang='lat' dir='ltr'><strong>a</strong></span> <span class='ocrx_word' id='word_1_188' title='bbox 1584 3284 1714 3341; x_wconf 75' lang='lat' dir='ltr'><strong>gar-</strong></span> 
     </span>
     <span class='ocr_line' id='line_1_30' title="bbox 175 3345 1708 3413; baseline 0.008 -13"><span class='ocrx_word' id='word_1_189' title='bbox 175 3345 370 3407; x_wconf 81' lang='lat' dir='ltr'><strong>rulitate</strong></span> <span class='ocrx_word' id='word_1_190' title='bbox 391 3370 606 3409; x_wconf 86' lang='lat' dir='ltr'><strong>nomen</strong></span> <span class='ocrx_word' id='word_1_191' title='bbox 641 3352 814 3411; x_wconf 81' lang='lat' dir='ltr'><strong>traxit</strong></span> <span class='ocrx_word' id='word_1_192' title='bbox 838 3371 854 3413; x_wconf 74' lang='grc' dir='ltr'><strong>τ</strong></span> <span class='ocrx_word' id='word_1_193' title='bbox 875 3374 934 3413; x_wconf 79' lang='lat' dir='ltr'><strong>v.</strong></span> <span class='ocrx_word' id='word_1_194' title='bbox 967 3354 1220 3411; x_wconf 82' lang='lat' dir='ltr'><strong>Alexidis</strong></span> <span class='ocrx_word' id='word_1_195' title='bbox 1237 3355 1433 3411; x_wconf 78' lang='lat' dir='ltr'><strong>Thras.</strong></span> <span class='ocrx_word' id='word_1_196' title='bbox 1461 3372 1628 3410; x_wconf 84' lang='lat' dir='ltr'><strong>versu</strong></span> <span class='ocrx_word' id='word_1_197' title='bbox 1650 3373 1708 3412; x_wconf 89' lang='grc'><strong>2.</strong></span> 
     </span>
     <span class='ocr_line' id='line_1_31' title="bbox 177 3434 1716 3513; baseline 0.005 -23"><span class='ocrx_word' id='word_1_198' title='bbox 177 3434 232 3490; x_wconf 79' lang='lat' dir='ltr'><strong>V.</strong></span> <span class='ocrx_word' id='word_1_199' title='bbox 278 3435 307 3492; x_wconf 81' lang='lat'>3</span> <span class='ocrx_word' id='word_1_200' title='bbox 348 3437 438 3496; x_wconf 73' lang='grc' dir='ltr'><strong>οὐκ</strong></span> <span class='ocrx_word' id='word_1_201' title='bbox 492 3440 727 3499; x_wconf 81' lang='lat' dir='ltr'><strong>addidit</strong></span> <span class='ocrx_word' id='word_1_202' title='bbox 767 3442 1092 3513; x_wconf 81' lang='lat' dir='ltr'><strong>Jacobsius3</strong></span> <span class='ocrx_word' id='word_1_203' title='bbox 1134 3443 1310 3498; x_wconf 86' lang='lat' dir='ltr'><strong>malui</strong></span> <span class='ocrx_word' id='word_1_204' title='bbox 1353 3440 1484 3499; x_wconf 76' lang='grc' dir='ltr'><strong>οὐδ’.</strong></span> <span class='ocrx_word' id='word_1_205' title='bbox 1531 3442 1716 3497; x_wconf 86' lang='lat' dir='ltr'><strong>Possis</strong></span> 
     </span>
     <span class='ocr_line' id='line_1_32' title="bbox 175 3522 1709 3606; baseline 0.007 -31"><span class='ocrx_word' id='word_1_206' title='bbox 175 3523 318 3579; x_wconf 78' lang='lat' dir='ltr'><strong>etiam</strong></span> <span class='ocrx_word' id='word_1_207' title='bbox 342 3522 394 3583; x_wconf 79' lang='grc' dir='ltr'><strong>δέ</strong></span> <span class='ocrx_word' id='word_1_208' title='bbox 415 3527 486 3603; x_wconf 85' lang='grc' dir='ltr'><strong>γ’.</strong></span> <span class='ocrx_word' id='word_1_209' title='bbox 511 3526 623 3604; x_wconf 84' lang='lat' dir='ltr'><strong>(V.</strong></span> <span class='ocrx_word' id='word_1_210' title='bbox 659 3526 693 3585; x_wconf 81' lang='lat'>5</span> <span class='ocrx_word' id='word_1_211' title='bbox 711 3531 884 3606; x_wconf 77' lang='lat' dir='ltr'><strong>vulgo</strong></span> <span class='ocrx_word' id='word_1_212' title='bbox 920 3526 1090 3590; x_wconf 84' lang='grc' dir='ltr'><strong>Φίλα.</strong></span> <span class='ocrx_word' id='word_1_213' title='bbox 1116 3530 1203 3590; x_wconf 82' lang='lat' dir='ltr'><strong>cf.</strong></span> <span class='ocrx_word' id='word_1_214' title='bbox 1232 3530 1441 3587; x_wconf 80' lang='lat' dir='ltr'><strong>Athen.</strong></span> <span class='ocrx_word' id='word_1_215' title='bbox 1472 3548 1532 3603; x_wconf 90' lang='lat' dir='ltr'><strong>p.</strong></span> <span class='ocrx_word' id='word_1_216' title='bbox 1557 3529 1670 3597; x_wconf 79' lang='lat'><strong>234</strong></span> <span class='ocrx_word' id='word_1_217' title='bbox 1691 3571 1709 3599; x_wconf 93' lang='lat'>,</span> 
     </span>
     <span class='ocr_line' id='line_1_33' title="bbox 175 3608 1715 3695; baseline -0.003 -18"><span class='ocrx_word' id='word_1_218' title='bbox 175 3608 236 3677; x_wconf 75' lang='lat' dir='ltr'><strong>F;</strong></span> <span class='ocrx_word' id='word_1_219' title='bbox 260 3610 358 3681; x_wconf 76' lang='lat'><strong>254</strong></span> <span class='ocrx_word' id='word_1_220' title='bbox 377 3656 393 3685; x_wconf 90' lang='lat'><strong>,</strong></span> <span class='ocrx_word' id='word_1_221' title='bbox 417 3617 495 3692; x_wconf 74' lang='lat' dir='ltr'><strong>A;</strong></span> <span class='ocrx_word' id='word_1_222' title='bbox 527 3614 678 3688; x_wconf 83' lang='grc'><strong>255,</strong></span> <span class='ocrx_word' id='word_1_223' title='bbox 697 3618 764 3677; x_wconf 88' lang='lat' dir='ltr'><strong>C.</strong></span> <span class='ocrx_word' id='word_1_224' title='bbox 789 3616 995 3695; x_wconf 75' lang='lat' dir='ltr'><strong>Both.)</strong></span> <span class='ocrx_word' id='word_1_225' title='bbox 1018 3618 1088 3677; x_wconf 88' lang='lat' dir='ltr'><strong>V.</strong></span> <span class='ocrx_word' id='word_1_226' title='bbox 1119 3619 1156 3675; x_wconf 88' lang='lat'>6</span> <span class='ocrx_word' id='word_1_227' title='bbox 1179 3617 1422 3693; x_wconf 80' lang='lat' dir='ltr'><strong>Hesych.</strong></span> <span class='ocrx_word' id='word_1_228' title='bbox 1445 3617 1715 3675; x_wconf 81' lang='lat' dir='ltr'><strong>mendose</strong></span> 
     </span>
     <span class='ocr_line' id='line_1_34' title="bbox 179 3692 1712 3783; baseline 0.008 -33"><span class='ocrx_word' id='word_1_229' title='bbox 179 3692 377 3768; x_wconf 73' lang='grc' dir='ltr'><strong>Γαλίνηε</strong></span> <span class='ocrx_word' id='word_1_230' title='bbox 401 3698 565 3777; x_wconf 79' lang='grc' dir='ltr'><strong>ὄνομα</strong></span> <span class='ocrx_word' id='word_1_231' title='bbox 609 3700 785 3783; x_wconf 81' lang='grc' dir='ltr'><strong>κύριον</strong></span> <span class='ocrx_word' id='word_1_232' title='bbox 827 3702 1058 3783; x_wconf 79' lang='grc' dir='ltr'><strong>ἑταίρας.</strong></span> <span class='ocrx_word' id='word_1_233' title='bbox 1099 3705 1287 3763; x_wconf 87' lang='lat' dir='ltr'><strong>Codd.</strong></span> <span class='ocrx_word' id='word_1_234' title='bbox 1319 3707 1414 3761; x_wconf 83' lang='lat' dir='ltr'><strong>AB</strong></span> <span class='ocrx_word' id='word_1_235' title='bbox 1449 3701 1712 3781; x_wconf 82' lang='grc' dir='ltr'><strong>γαλείνας.</strong></span> 
     </span>
    </p>
   </div>
   <div class='ocr_carea' id='block_1_12' title="bbox 181 3782 1710 3867">
    <p class='ocr_par' dir='ltr' id='par_1_17' title="bbox 181 3782 1710 3867">
     <span class='ocr_line' id='line_1_35' title="bbox 181 3782 1710 3867; baseline 0.009 -32"><span class='ocrx_word' id='word_1_236' title='bbox 181 3782 281 3839; x_wconf 80' lang='lat' dir='ltr'><strong>Alia</strong></span> <span class='ocrx_word' id='word_1_237' title='bbox 303 3790 543 3847; x_wconf 77' lang='lat' dir='ltr'><strong>nominis</strong></span> <span class='ocrx_word' id='word_1_238' title='bbox 583 3788 802 3863; x_wconf 81' lang='grc' dir='ltr'><strong>Γαλήνη</strong></span> <span class='ocrx_word' id='word_1_239' title='bbox 841 3793 1100 3866; x_wconf 85' lang='lat' dir='ltr'><strong>exempla</strong></span> <span class='ocrx_word' id='word_1_240' title='bbox 1135 3812 1192 3851; x_wconf 84' lang='lat' dir='ltr'><strong>v.</strong></span> <span class='ocrx_word' id='word_1_241' title='bbox 1229 3790 1460 3848; x_wconf 83' lang='lat' dir='ltr'><strong>llesiodi</strong></span> <span class='ocrx_word' id='word_1_242' title='bbox 1496 3793 1710 3867; x_wconf 83' lang='lat' dir='ltr'><strong>Theog.</strong></span> 
     </span>
    </p>
   </div>
   <div class='ocr_carea' id='block_1_13' title="bbox 182 3874 1714 4021">
    <p class='ocr_par' dir='ltr' id='par_1_18' title="bbox 182 3874 1714 4021">
     <span class='ocr_line' id='line_1_36' title="bbox 182 3874 1714 4021; baseline 0.015 -93"><span class='ocrx_word' id='word_1_243' title='bbox 182 3874 551 4021; x_wconf 47' lang='lat' dir='ltr'><strong>{44’ffliani</strong></span> <span class='ocrx_word' id='word_1_244' title='bbox 570 3880 725 3937; x_wconf 80' lang='lat' dir='ltr'><strong>Dial.</strong></span> <span class='ocrx_word' id='word_1_245' title='bbox 760 3897 904 3939; x_wconf 82' lang='lat' dir='ltr'><strong>mar.</strong></span> <span class='ocrx_word' id='word_1_246' title='bbox 933 3877 1007 3955; x_wconf 85' lang='lat'><strong>5,</strong></span> <span class='ocrx_word' id='word_1_247' title='bbox 1045 3881 1302 3938; x_wconf 73' lang='lat' dir='ltr'><strong>Athenaei</strong></span> <span class='ocrx_word' id='word_1_248' title='bbox 1349 3880 1440 3951; x_wconf 83' lang='lat'><strong>15,</strong></span> <span class='ocrx_word' id='word_1_249' title='bbox 1473 3899 1536 3955; x_wconf 86' lang='lat' dir='ltr'><strong>p-</strong></span> <span class='ocrx_word' id='word_1_250' title='bbox 1574 3880 1714 3954; x_wconf 74' lang='lat'><strong>6792</strong></span> 
     </span>
    </p>
   </div>
   <div class='ocr_carea' id='block_1_14' title="bbox 187 4070 402 4090">
    <p class='ocr_par' dir='ltr' id='par_1_19' title="bbox 187 4070 402 4090">
     <span class='ocr_line' id='line_1_37' title="bbox 187 4070 402 4090; baseline 0 1760"><span class='ocrx_word' id='word_1_251' title='bbox 187 4070 402 4090; x_wconf 95' lang='lat' dir='ltr'><strong> </strong></span> 
     </span>
    </p>
   </div>
   <div class='ocr_carea' id='block_1_15' title="bbox 1369 4084 1710 4093">
    <p class='ocr_par' dir='ltr' id='par_1_20' title="bbox 1369 4084 1710 4093">
     <span class='ocr_line' id='line_1_38' title="bbox 1369 4084 1710 4093; baseline -0.006 0"><span class='ocrx_word' id='word_1_252' title='bbox 1369 4084 1710 4093; x_wconf 51' lang='lat' dir='ltr'><strong>...m—„0—</strong></span> 
     </span>
    </p>
   </div>
   <div class='ocr_carea' id='block_1_16' title="bbox 186 4129 1160 4306">
    <p class='ocr_par' dir='ltr' id='par_1_21' title="bbox 186 4129 1160 4306">
     <span class='ocr_line' id='line_1_39' title="bbox 186 4129 1160 4201; baseline -0.008 -8"><span class='ocrx_word' id='word_1_253' title='bbox 186 4130 342 4192; x_wconf 68' lang='lat' dir='ltr'>⁸⁰⁹¹ae</span> <span class='ocrx_word' id='word_1_254' title='bbox 371 4142 492 4184; x_wconf 80' lang='lat' dir='ltr'><strong>vero</strong></span> <span class='ocrx_word' id='word_1_255' title='bbox 511 4144 811 4201; x_wconf 79' lang='lat' dir='ltr'><strong>nusquam,</strong></span> <span class='ocrx_word' id='word_1_256' title='bbox 839 4130 898 4186; x_wconf 83' lang='lat' dir='ltr'><strong>in</strong></span> <span class='ocrx_word' id='word_1_257' title='bbox 923 4129 1160 4187; x_wconf 79' lang='lat' dir='ltr'><strong>Graeeia.</strong></span> 
     </span>
     <span class='ocr_line' id='line_1_40' title="bbox 765 4250 1095 4306; baseline -0.012 -1"><span class='ocrx_word' id='word_1_258' title='bbox 765 4250 860 4305; x_wconf 85' lang='lat' dir='ltr'><strong>CY</strong></span> <span class='ocrx_word' id='word_1_259' title='bbox 865 4252 910 4305; x_wconf 92' lang='lat' dir='ltr'>N</span> <span class='ocrx_word' id='word_1_260' title='bbox 916 4250 1095 4306; x_wconf 80' lang='lat' dir='ltr'><strong>AGIS.</strong></span> 
     </span>
    </p>
   </div>
   <div class='ocr_carea' id='block_1_17' title="bbox 909 4372 959 4421">
    <p class='ocr_par' dir='ltr' id='par_1_22' title="bbox 909 4372 959 4421">
     <span class='ocr_line' id='line_1_41' title="bbox 909 4372 959 4421; baseline -0.04 0"><span class='ocrx_word' id='word_1_261' title='bbox 909 4372 959 4421; x_wconf 84' lang='lat'><strong>1.</strong></span> 
     </span>
    </p>
   </div>
   <div class='ocr_carea' id='block_1_18' title="bbox 201 4460 1726 5146">
    <p class='ocr_par' dir='ltr' id='par_1_23' title="bbox 201 4460 1726 5146">
     <span class='ocr_line' id='line_1_42' title="bbox 247 4460 1723 4539; baseline 0.008 -26"><span class='ocrx_word' id='word_1_262' title='bbox 247 4460 422 4520; x_wconf 80' lang='lat' dir='ltr'><strong>Nonne</strong></span> <span class='ocrx_word' id='word_1_263' title='bbox 443 4465 682 4539; x_wconf 75' lang='lat' dir='ltr'><strong>Cei-copo</strong></span> <span class='ocrx_word' id='word_1_264' title='bbox 703 4466 927 4539; x_wconf 85' lang='lat' dir='ltr'><strong>quidem</strong></span> <span class='ocrx_word' id='word_1_265' title='bbox 959 4468 1076 4539; x_wconf 80' lang='lat' dir='ltr'><strong>jam</strong></span> <span class='ocrx_word' id='word_1_266' title='bbox 1101 4474 1183 4524; x_wconf 85' lang='lat' dir='ltr'><strong>ter</strong></span> <span class='ocrx_word' id='word_1_267' title='bbox 1213 4467 1362 4523; x_wconf 88' lang='lat' dir='ltr'><strong>mille</strong></span> <span class='ocrx_word' id='word_1_268' title='bbox 1385 4482 1560 4523; x_wconf 83' lang='lat' dir='ltr'><strong>annos</strong></span> <span class='ocrx_word' id='word_1_269' title='bbox 1597 4474 1723 4525; x_wconf 81' lang='lat' dir='ltr'><strong>nata</strong></span> 
     </span>
     <span class='ocr_line' id='line_1_43' title="bbox 249 4558 1720 4710; baseline 0.005 -21"><span class='ocrx_word' id='word_1_270' title='bbox 249 4633 498 4710; x_wconf 81' lang='lat' dir='ltr'><strong>Diopithis</strong></span> <span class='ocrx_word' id='word_1_271' title='bbox 537 4650 722 4701; x_wconf 80' lang='lat' dir='ltr'><strong>autem</strong></span> <span class='ocrx_word' id='word_1_272' title='bbox 767 4642 974 4701; x_wconf 85' lang='lat' dir='ltr'><strong>Telesis</strong></span> <span class='ocrx_word' id='word_1_273' title='bbox 1024 4642 1253 4700; x_wconf 81' lang='lat' dir='ltr'><strong>obscura</strong></span> <span class='ocrx_word' id='word_1_274' title='bbox 1291 4642 1493 4699; x_wconf 80' lang='lat' dir='ltr'><strong>alteros</strong></span> <span class='ocrx_word' id='word_1_275' title='bbox 1532 4558 1720 4699; x_wconf 57' lang='lat' dir='ltr'><strong>dlegisttes:</strong></span> 
     </span>
     <span class='ocr_line' id='line_1_44' title="bbox 251 4728 1723 4886; baseline 0.007 -26"><span class='ocrx_word' id='word_1_276' title='bbox 251 4806 624 4886; x_wconf 76' lang='lat' dir='ltr'><strong>Theolytesque</strong></span> <span class='ocrx_word' id='word_1_277' title='bbox 647 4814 884 4873; x_wconf 80' lang='lat' dir='ltr'><strong>natalem</strong></span> <span class='ocrx_word' id='word_1_278' title='bbox 913 4830 1079 4873; x_wconf 86' lang='lat' dir='ltr'><strong>nemo</strong></span> <span class='ocrx_word' id='word_1_279' title='bbox 1102 4816 1270 4872; x_wconf 87' lang='lat' dir='ltr'><strong>novit.</strong></span> <span class='ocrx_word' id='word_1_280' title='bbox 1443 4800 1446 4805; x_wconf 65' lang='grc'><strong>’</strong></span> <span class='ocrx_word' id='word_1_281' title='bbox 1515 4728 1723 4797; x_wconf 56' lang='lat' dir='ltr'><strong>mmo?</strong></span> 
     </span>
     <span class='ocr_line' id='line_1_45' title="bbox 205 4892 1304 4989; baseline 0.009 -42"><span class='ocrx_word' id='word_1_282' title='bbox 205 4976 223 4989; x_wconf 45' lang='lat'><em>·</em></span> <span class='ocrx_word' id='word_1_283' title='bbox 255 4892 430 4987; x_wconf 48' lang='lat' dir='ltr'><strong>lionne</strong></span> <span class='ocrx_word' id='word_1_284' title='bbox 450 4900 572 4956; x_wconf 72' lang='lat' dir='ltr'><strong>lais</strong></span> <span class='ocrx_word' id='word_1_285' title='bbox 589 4900 810 4958; x_wconf 85' lang='lat' dir='ltr'><strong>tandem</strong></span> <span class='ocrx_word' id='word_1_286' title='bbox 833 4900 1014 4959; x_wconf 80' lang='lat' dir='ltr'><strong>fututa</strong></span> <span class='ocrx_word' id='word_1_287' title='bbox 1038 4900 1304 4971; x_wconf 81' lang='lat' dir='ltr'><strong>decessit,</strong></span> 
     </span>
     <span class='ocr_line' id='line_1_46' title="bbox 201 4984 1726 5060; baseline 0.005 -26"><span class='ocrx_word' id='word_1_288' title='bbox 201 4990 226 5023; x_wconf 63' lang='grc' dir='ltr'><strong>δ</strong></span> <span class='ocrx_word' id='word_1_289' title='bbox 255 4988 379 5037; x_wconf 72' lang='lat' dir='ltr'><strong>ncut</strong></span> <span class='ocrx_word' id='word_1_290' title='bbox 394 4984 644 5045; x_wconf 70' lang='lat' dir='ltr'><strong>Isthmius</strong></span> <span class='ocrx_word' id='word_1_291' title='bbox 660 4995 718 5045; x_wconf 84' lang='lat' dir='ltr'><strong>et</strong></span> <span class='ocrx_word' id='word_1_292' title='bbox 737 4988 930 5045; x_wconf 81' lang='lat' dir='ltr'><strong>Neaera</strong></span> <span class='ocrx_word' id='word_1_293' title='bbox 947 4987 1263 5060; x_wconf 73' lang='lat' dir='ltr'><strong>putrefactae</strong></span> <span class='ocrx_word' id='word_1_294' title='bbox 1285 4994 1435 5056; x_wconf 83' lang='lat' dir='ltr'><strong>sunt,</strong></span> <span class='ocrx_word' id='word_1_295' title='bbox 1456 4996 1510 5044; x_wconf 85' lang='lat' dir='ltr'><strong>et</strong></span> <span class='ocrx_word' id='word_1_296' title='bbox 1533 4984 1726 5045; x_wconf 80' lang='lat' dir='ltr'><strong>Phile?</strong></span> 
     </span>
     <span class='ocr_line' id='line_1_47' title="bbox 257 5064 1724 5146; baseline 0.007 -25"><span class='ocrx_word' id='word_1_297' title='bbox 257 5064 534 5141; x_wconf 76' lang='lat' dir='ltr'><strong>Cossyphas</strong></span> <span class='ocrx_word' id='word_1_298' title='bbox 570 5089 695 5131; x_wconf 83' lang='lat' dir='ltr'><strong>vero</strong></span> <span class='ocrx_word' id='word_1_299' title='bbox 726 5083 782 5131; x_wconf 89' lang='lat' dir='ltr'><strong>et</strong></span> <span class='ocrx_word' id='word_1_300' title='bbox 820 5074 1056 5133; x_wconf 70' lang='lat' dir='ltr'><strong>Galenus</strong></span> <span class='ocrx_word' id='word_1_301' title='bbox 1079 5076 1426 5146; x_wconf 84' lang='lat' dir='ltr'><strong>coronasque</strong></span> <span class='ocrx_word' id='word_1_302' title='bbox 1460 5090 1574 5131; x_wconf 88' lang='lat' dir='ltr'><strong>non</strong></span> <span class='ocrx_word' id='word_1_303' title='bbox 1609 5090 1724 5132; x_wconf 88' lang='lat' dir='ltr'><strong>me-</strong></span> 
     </span>
    </p>
   </div>
   <div class='ocr_carea' id='block_1_19' title="bbox 1930 876 3357 1283">
    <p class='ocr_par' dir='ltr' id='par_1_24' title="bbox 1930 876 3357 1051">
     <span class='ocr_line' id='line_1_48' title="bbox 1930 876 3351 976; baseline -0.004 -25"><span class='ocrx_word' id='word_1_304' title='bbox 1930 892 2167 951; x_wconf 83' lang='grc' dir='ltr'><strong>Παῢσαι</strong></span> <span class='ocrx_word' id='word_1_305' title='bbox 2208 884 2398 976; x_wconf 88' lang='grc' dir='ltr'><strong>γέρων</strong></span> <span class='ocrx_word' id='word_1_306' title='bbox 2436 879 2517 947; x_wconf 79' lang='grc' dir='ltr'><strong>ὢν</strong></span> <span class='ocrx_word' id='word_1_307' title='bbox 2560 883 2701 959; x_wconf 84' lang='grc' dir='ltr'><strong>τοὺς</strong></span> <span class='ocrx_word' id='word_1_308' title='bbox 2740 880 3013 972; x_wconf 82' lang='grc' dir='ltr'><strong>τρόπους·</strong></span> <span class='ocrx_word' id='word_1_309' title='bbox 3060 883 3166 946; x_wconf 80' lang='grc' dir='ltr'><strong>οὐκ</strong></span> <span class='ocrx_word' id='word_1_310' title='bbox 3203 876 3351 946; x_wconf 82' lang='grc' dir='ltr'><strong>οἷσθ’</strong></span> 
     </span>
     <span class='ocr_line' id='line_1_49' title="bbox 3260 989 3357 1051; baseline -0.01 0"><span class='ocrx_word' id='word_1_311' title='bbox 3260 989 3357 1051; x_wconf 83' lang='grc' dir='ltr'><strong>ὅτι</strong></span> 
     </span>
    </p>

    <p class='ocr_par' dir='ltr' id='par_1_25' title="bbox 1933 1063 3346 1173">
     <span class='ocr_line' id='line_1_50' title="bbox 1933 1063 3346 1173; baseline -0.002 -24"><span class='ocrx_word' id='word_1_312' title='bbox 1933 1075 2178 1158; x_wconf 81' lang='grc' dir='ltr'><strong>ἥδιστόν</strong></span> <span class='ocrx_word' id='word_1_313' title='bbox 2208 1087 2371 1150; x_wconf 81' lang='grc' dir='ltr'><strong>ἐστιν</strong></span> <span class='ocrx_word' id='word_1_314' title='bbox 2398 1083 2720 1149; x_wconf 78' lang='grc' dir='ltr'><strong>ἀποθανεῖν</strong></span> <span class='ocrx_word' id='word_1_315' title='bbox 2750 1082 2994 1167; x_wconf 81' lang='grc' dir='ltr'><strong>βινοῦνθ’</strong></span> <span class='ocrx_word' id='word_1_316' title='bbox 3028 1082 3158 1173; x_wconf 80' lang='grc' dir='ltr'><strong>ἅμα</strong></span> <span class='ocrx_word' id='word_1_317' title='bbox 3176 1131 3195 1166; x_wconf 95' lang='grc'><strong>,</strong></span> <span class='ocrx_word' id='word_1_318' title='bbox 3334 1063 3346 1074; x_wconf 46' lang='lat'>⁶</span> 
     </span>
    </p>

    <p class='ocr_par' dir='ltr' id='par_1_26' title="bbox 1936 1187 3180 1283">
     <span class='ocr_line' id='line_1_51' title="bbox 1936 1187 3180 1283; baseline -0.002 -28"><span class='ocrx_word' id='word_1_319' title='bbox 1936 1193 2135 1282; x_wconf 84' lang='grc' dir='ltr'><strong>ὥσπερ</strong></span> <span class='ocrx_word' id='word_1_320' title='bbox 2160 1192 2436 1283; x_wconf 87' lang='grc' dir='ltr'><strong>λέγουσιν</strong></span> <span class='ocrx_word' id='word_1_321' title='bbox 2463 1189 2778 1256; x_wconf 73' lang='grc' dir='ltr'><strong>ἀποθανεῖν</strong></span> <span class='ocrx_word' id='word_1_322' title='bbox 2806 1187 3136 1281; x_wconf 82' lang='grc' dir='ltr'><strong>Φορμίσιον</strong></span> <span class='ocrx_word' id='word_1_323' title='bbox 3161 1211 3180 1272; x_wconf 85' lang='grc'><strong>;</strong></span> 
     </span>
    </p>
   </div>
   <div class='ocr_carea' id='block_1_20' title="bbox 1789 1317 3359 1486">
    <p class='ocr_par' dir='ltr' id='par_1_27' title="bbox 1789 1317 3359 1486">
     <span class='ocr_line' id='line_1_52' title="bbox 1795 1317 3359 1397; baseline -0.005 -19"><span class='ocrx_word' id='word_1_324' title='bbox 1795 1323 1869 1378; x_wconf 84' lang='lat' dir='ltr'><strong>Et</strong></span> <span class='ocrx_word' id='word_1_325' title='bbox 1918 1339 1973 1391; x_wconf 86' lang='lat'><strong>7,</strong></span> <span class='ocrx_word' id='word_1_326' title='bbox 2004 1339 2067 1397; x_wconf 98' lang='lat' dir='ltr'><strong>p.</strong></span> <span class='ocrx_word' id='word_1_327' title='bbox 2112 1319 2265 1388; x_wconf 80' lang='lat'>280,</span> <span class='ocrx_word' id='word_1_328' title='bbox 2307 1317 2387 1390; x_wconf 90' lang='lat' dir='ltr'><strong>C,</strong></span> <span class='ocrx_word' id='word_1_329' title='bbox 2435 1318 2507 1374; x_wconf 89' lang='lat' dir='ltr'><strong>de</strong></span> <span class='ocrx_word' id='word_1_330' title='bbox 2557 1319 2661 1388; x_wconf 86' lang='lat' dir='ltr'><strong>iis,</strong></span> <span class='ocrx_word' id='word_1_331' title='bbox 2701 1317 2803 1392; x_wconf 87' lang='lat' dir='ltr'><strong>qui</strong></span> <span class='ocrx_word' id='word_1_332' title='bbox 2839 1319 3241 1394; x_wconf 79' lang='lat' dir='ltr'><strong>voluptuosam</strong></span> <span class='ocrx_word' id='word_1_333' title='bbox 3274 1318 3359 1370; x_wconf 81' lang='lat' dir='ltr'><strong>vi·</strong></span> 
     </span>
     <span class='ocr_line' id='line_1_53' title="bbox 1789 1403 3120 1486; baseline -0.002 -22"><span class='ocrx_word' id='word_1_334' title='bbox 1789 1418 1907 1466; x_wconf 73' lang='lat' dir='ltr'><strong>tam</strong></span> <span class='ocrx_word' id='word_1_335' title='bbox 1925 1407 2482 1466; x_wconf 75' lang='lat' dir='ltr'><strong>commendaverint:</strong></span> <span class='ocrx_word' id='word_1_336' title='bbox 2510 1404 2645 1465; x_wconf 84' lang='grc' dir='ltr'><strong>Φιλ.</strong></span> <span class='ocrx_word' id='word_1_337' title='bbox 2677 1403 2930 1486; x_wconf 79' lang='grc' dir='ltr'><strong>Κυναγίδι</strong></span> <span class='ocrx_word' id='word_1_338' title='bbox 2960 1405 3120 1481; x_wconf 83' lang='lat' dir='ltr'><strong>(sic),</strong></span> 
     </span>
    </p>
   </div>
   <div class='ocr_carea' id='block_1_21' title="bbox 1797 1513 3365 2246">
    <p class='ocr_par' dir='ltr' id='par_1_28' title="bbox 1797 1513 3365 2246">
     <span class='ocr_line' id='line_1_54' title="bbox 1936 1513 3283 1614; baseline -0.006 -26"><span class='ocrx_word' id='word_1_339' title='bbox 1936 1521 2020 1588; x_wconf 92' lang='grc' dir='ltr'><strong>Τί</strong></span> <span class='ocrx_word' id='word_1_340' title='bbox 2051 1513 2155 1587; x_wconf 88' lang='grc' dir='ltr'><strong>δεῖ</strong></span> <span class='ocrx_word' id='word_1_341' title='bbox 2185 1517 2301 1614; x_wconf 78' lang='grc' dir='ltr'><strong>γὰρ</strong></span> <span class='ocrx_word' id='word_1_342' title='bbox 2329 1520 2478 1587; x_wconf 85' lang='grc' dir='ltr'><strong>ὄντα</strong></span> <span class='ocrx_word' id='word_1_343' title='bbox 2506 1518 2742 1605; x_wconf 84' lang='grc' dir='ltr'><strong>θνητὸν,</strong></span> <span class='ocrx_word' id='word_1_344' title='bbox 2780 1519 3053 1602; x_wconf 76' lang='grc' dir='ltr'><strong>ἱκετεύω,</strong></span> <span class='ocrx_word' id='word_1_345' title='bbox 3088 1523 3283 1584; x_wconf 82' lang='grc' dir='ltr'><strong>ποιεῖν</strong></span> 
     </span>
     <span class='ocr_line' id='line_1_55' title="bbox 1797 1617 3195 1718; baseline -0.006 -21"><span class='ocrx_word' id='word_1_346' title='bbox 1797 1623 1837 1697; x_wconf 85' lang='grc'><strong>5</strong></span> <span class='ocrx_word' id='word_1_347' title='bbox 1937 1631 2099 1702; x_wconf 78' lang='grc' dir='ltr'><strong>πλὴν</strong></span> <span class='ocrx_word' id='word_1_348' title='bbox 2128 1617 2322 1703; x_wconf 81' lang='grc' dir='ltr'><strong>ἡδέως</strong></span> <span class='ocrx_word' id='word_1_349' title='bbox 2350 1619 2457 1704; x_wconf 80' lang='grc' dir='ltr'><strong>ζῆν</strong></span> <span class='ocrx_word' id='word_1_350' title='bbox 2480 1625 2584 1692; x_wconf 82' lang='grc' dir='ltr'><strong>τὸν</strong></span> <span class='ocrx_word' id='word_1_351' title='bbox 2614 1623 2740 1711; x_wconf 87' lang='grc' dir='ltr'><strong>βίον</strong></span> <span class='ocrx_word' id='word_1_352' title='bbox 2774 1626 2911 1692; x_wconf 86' lang='grc' dir='ltr'><strong>καθ’</strong></span> <span class='ocrx_word' id='word_1_353' title='bbox 2942 1628 3195 1718; x_wconf 69' lang='grc' dir='ltr'><strong>ἡμέραν,</strong></span> 
     </span>
     <span class='ocr_line' id='line_1_56' title="bbox 1939 1725 3313 1826; baseline -0.004 -28"><span class='ocrx_word' id='word_1_354' title='bbox 1939 1725 2041 1798; x_wconf 67' lang='grc' dir='ltr'><strong>ἐάν</strong></span> <span class='ocrx_word' id='word_1_355' title='bbox 2068 1729 2127 1826; x_wconf 87' lang='grc' dir='ltr'><strong>γ’</strong></span> <span class='ocrx_word' id='word_1_356' title='bbox 2152 1733 2265 1826; x_wconf 76' lang='grc' dir='ltr'><strong>ἔχῃ</strong></span> <span class='ocrx_word' id='word_1_357' title='bbox 2296 1757 2427 1818; x_wconf 86' lang='grc' dir='ltr'><strong>τις,</strong></span> <span class='ocrx_word' id='word_1_358' title='bbox 2456 1731 2703 1818; x_wconf 60' lang='lat' dir='ltr'><strong>&amp;aedom</strong></span> <span class='ocrx_word' id='word_1_359' title='bbox 2736 1729 2902 1798; x_wconf 78' lang='grc' dir='ltr'><strong>ἀλλὰ</strong></span> <span class='ocrx_word' id='word_1_360' title='bbox 2941 1729 3040 1799; x_wconf 88' lang='grc' dir='ltr'><strong>δεῖ</strong></span> <span class='ocrx_word' id='word_1_361' title='bbox 3072 1737 3313 1798; x_wconf 80' lang='grc' dir='ltr'><strong>σκοπεῖν</strong></span> 
     </span>
     <span class='ocr_line' id='line_1_57' title="bbox 1941 1835 3355 1930; baseline -0.002 -28"><span class='ocrx_word' id='word_1_362' title='bbox 1941 1844 2111 1904; x_wconf 80' lang='grc' dir='ltr'><strong>τοῦτ’</strong></span> <span class='ocrx_word' id='word_1_363' title='bbox 2150 1837 2299 1904; x_wconf 83' lang='grc' dir='ltr'><strong>αὐτὸ</strong></span> <span class='ocrx_word' id='word_1_364' title='bbox 2324 1837 2676 1930; x_wconf 80' lang='grc' dir='ltr'><strong>τάνθρώπει’</strong></span> <span class='ocrx_word' id='word_1_365' title='bbox 2718 1840 2952 1928; x_wconf 80' lang='grc' dir='ltr'><strong>ὁρῶντα</strong></span> <span class='ocrx_word' id='word_1_366' title='bbox 2987 1835 3355 1928; x_wconf 77' lang='grc' dir='ltr'><strong>πράγματα·</strong></span> 
     </span>
     <span class='ocr_line' id='line_1_58' title="bbox 1942 1934 3268 2034; baseline -0.002 -25"><span class='ocrx_word' id='word_1_367' title='bbox 1942 1941 2025 2022; x_wconf 80' lang='grc' dir='ltr'><strong>εἰς</strong></span> <span class='ocrx_word' id='word_1_368' title='bbox 2056 1944 2253 2034; x_wconf 81' lang='grc' dir='ltr'><strong>αὔριον</strong></span> <span class='ocrx_word' id='word_1_369' title='bbox 2285 1934 2344 2008; x_wconf 90' lang='grc' dir='ltr'><strong>δ’</strong></span> <span class='ocrx_word' id='word_1_370' title='bbox 2376 1937 2596 2034; x_wconf 75' lang='grc' dir='ltr'><strong>(δίφρον</strong></span> <span class='ocrx_word' id='word_1_371' title='bbox 2622 1937 2733 2032; x_wconf 91' lang='grc' dir='ltr'><strong>τι)</strong></span> <span class='ocrx_word' id='word_1_372' title='bbox 2760 1937 3112 2034; x_wconf 83' lang='grc' dir='ltr'><strong>φροντίζειν,</strong></span> <span class='ocrx_word' id='word_1_373' title='bbox 3142 1944 3179 2007; x_wconf 82' lang='grc' dir='ltr'>ὅ</span> <span class='ocrx_word' id='word_1_374' title='bbox 3204 1966 3268 2007; x_wconf 85' lang='grc' dir='ltr'><strong>τι</strong></span> 
     </span>
     <span class='ocr_line' id='line_1_59' title="bbox 1945 2045 3365 2140; baseline -0.001 -28"><span class='ocrx_word' id='word_1_375' title='bbox 1945 2047 2121 2114; x_wconf 79' lang='grc' dir='ltr'><strong>ἔσται</strong></span> <span class='ocrx_word' id='word_1_376' title='bbox 2143 2095 2162 2132; x_wconf 97' lang='grc'><strong>,</strong></span> <span class='ocrx_word' id='word_1_377' title='bbox 2191 2046 2501 2140; x_wconf 85' lang='grc' dir='ltr'><strong>περίεργόν</strong></span> <span class='ocrx_word' id='word_1_378' title='bbox 2526 2055 2587 2114; x_wconf 87' lang='grc' dir='ltr'><strong>τ’</strong></span> <span class='ocrx_word' id='word_1_379' title='bbox 2608 2046 2769 2115; x_wconf 81' lang='grc' dir='ltr'><strong>ἐστὶν</strong></span> <span class='ocrx_word' id='word_1_380' title='bbox 2798 2047 3185 2132; x_wconf 77' lang='grc' dir='ltr'><strong>ἀποκεῖσθαι,</strong></span> <span class='ocrx_word' id='word_1_381' title='bbox 3205 2045 3365 2113; x_wconf 77' lang='grc' dir='ltr'><strong>πάνυ</strong></span> 
     </span>
     <span class='ocr_line' id='line_1_60' title="bbox 1809 2142 2675 2246; baseline 0.001 -26"><span class='ocrx_word' id='word_1_382' title='bbox 1809 2173 1892 2220; x_wconf 82' lang='lat'><strong>10</strong></span> <span class='ocrx_word' id='word_1_383' title='bbox 1942 2153 2155 2238; x_wconf 78' lang='grc' dir='ltr'><strong>ἕωλον,</strong></span> <span class='ocrx_word' id='word_1_384' title='bbox 2182 2142 2353 2219; x_wconf 77' lang='grc' dir='ltr'><strong>ἔνδον</strong></span> <span class='ocrx_word' id='word_1_385' title='bbox 2382 2152 2675 2246; x_wconf 75' lang='grc' dir='ltr'><strong>ἀργύριον.</strong></span> 
     </span>
    </p>
   </div>
   <div class='ocr_carea' id='block_1_22' title="bbox 1797 2278 3374 3065">
    <p class='ocr_par' dir='ltr' id='par_1_29' title="bbox 1797 2278 3374 3065">
     <span class='ocr_line' id='line_1_61' title="bbox 1799 2278 3367 2359; baseline 0 -21"><span class='ocrx_word' id='word_1_386' title='bbox 1799 2281 2179 2339; x_wconf 81' lang='lat' dir='ltr'><strong>Probabiliter</strong></span> <span class='ocrx_word' id='word_1_387' title='bbox 2202 2281 2322 2339; x_wconf 70' lang='lat' dir='ltr'><strong>hac</strong></span> <span class='ocrx_word' id='word_1_388' title='bbox 2340 2279 2655 2359; x_wconf 75' lang='lat' dir='ltr'><strong>fragmenta</strong></span> <span class='ocrx_word' id='word_1_389' title='bbox 2680 2281 2974 2354; x_wconf 78' lang='lat' dir='ltr'><strong>conjunxit</strong></span> <span class='ocrx_word' id='word_1_390' title='bbox 3002 2281 3177 2342; x_wconf 86' lang='lat' dir='ltr'><strong>Mein.</strong></span> <span class='ocrx_word' id='word_1_391' title='bbox 3192 2278 3367 2340; x_wconf 60' lang='lat' dir='ltr'><strong>verm</strong></span> 
     </span>
     <span class='ocr_line' id='line_1_62' title="bbox 1801 2367 3363 2448; baseline 0.001 -20"><span class='ocrx_word' id='word_1_392' title='bbox 1801 2389 1836 2428; x_wconf 85' lang='grc'><strong>2</strong></span> <span class='ocrx_word' id='word_1_393' title='bbox 1861 2367 2073 2442; x_wconf 78' lang='grc' dir='ltr'><strong>ἥδιστόν</strong></span> <span class='ocrx_word' id='word_1_394' title='bbox 2088 2372 2228 2429; x_wconf 67' lang='grc' dir='ltr'><strong>ἐστιν</strong></span> <span class='ocrx_word' id='word_1_395' title='bbox 2250 2371 2438 2448; x_wconf 86' lang='lat' dir='ltr'><strong>Toup.</strong></span> <span class='ocrx_word' id='word_1_396' title='bbox 2466 2377 2617 2446; x_wconf 82' lang='lat' dir='ltr'><strong>App.</strong></span> <span class='ocrx_word' id='word_1_397' title='bbox 2645 2371 2722 2427; x_wconf 82' lang='lat' dir='ltr'><strong>ad</strong></span> <span class='ocrx_word' id='word_1_398' title='bbox 2740 2372 2979 2429; x_wconf 67' lang='lat' dir='ltr'><strong>Tbeocr.</strong></span> <span class='ocrx_word' id='word_1_399' title='bbox 3007 2390 3075 2426; x_wconf 81' lang='lat'><strong>21</strong></span> <span class='ocrx_word' id='word_1_400' title='bbox 3093 2413 3109 2441; x_wconf 88' lang='lat'>‚</span> <span class='ocrx_word' id='word_1_401' title='bbox 3134 2391 3197 2446; x_wconf 91' lang='lat' dir='ltr'><strong>p.</strong></span> <span class='ocrx_word' id='word_1_402' title='bbox 3223 2371 3363 2430; x_wconf 80' lang='lat'><strong>626.</strong></span> 
     </span>
     <span class='ocr_line' id='line_1_63' title="bbox 1797 2453 3369 2537; baseline -0.005 -17"><span class='ocrx_word' id='word_1_403' title='bbox 1797 2459 1960 2520; x_wconf 86' lang='lat' dir='ltr'><strong>Libri</strong></span> <span class='ocrx_word' id='word_1_404' title='bbox 1986 2458 2081 2517; x_wconf 81' lang='grc' dir='ltr'><strong>οὒκ</strong></span> <span class='ocrx_word' id='word_1_405' title='bbox 2106 2454 2247 2517; x_wconf 74' lang='grc' dir='ltr'><strong>ἐστὶν</strong></span> <span class='ocrx_word' id='word_1_406' title='bbox 2268 2453 2355 2528; x_wconf 74' lang='grc' dir='ltr'><strong>ἥδ.</strong></span> <span class='ocrx_word' id='word_1_407' title='bbox 2378 2457 2559 2514; x_wconf 88' lang='lat' dir='ltr'><strong>Iidem</strong></span> <span class='ocrx_word' id='word_1_408' title='bbox 2574 2478 2632 2517; x_wconf 80' lang='lat' dir='ltr'><strong>v.</strong></span> <span class='ocrx_word' id='word_1_409' title='bbox 2662 2459 2693 2515; x_wconf 89' lang='grc'>3</span> <span class='ocrx_word' id='word_1_410' title='bbox 2721 2454 3053 2537; x_wconf 77' lang='grc' dir='ltr'><strong>Φορμήσιον.</strong></span> <span class='ocrx_word' id='word_1_411' title='bbox 3079 2461 3165 2514; x_wconf 88' lang='lat' dir='ltr'><strong>De</strong></span> <span class='ocrx_word' id='word_1_412' title='bbox 3189 2457 3369 2514; x_wconf 79' lang='lat' dir='ltr'><strong>Phor-</strong></span> 
     </span>
     <span class='ocr_line' id='line_1_64' title="bbox 1800 2541 3370 2624; baseline -0.001 -22"><span class='ocrx_word' id='word_1_413' title='bbox 1800 2553 1961 2604; x_wconf 77' lang='lat' dir='ltr'><strong>mise&#39;o</strong></span> <span class='ocrx_word' id='word_1_414' title='bbox 1998 2566 2057 2606; x_wconf 72' lang='grc' dir='ltr'><strong>ν.</strong></span> <span class='ocrx_word' id='word_1_415' title='bbox 2088 2547 2342 2602; x_wconf 75' lang='lat' dir='ltr'><strong>Platonis</strong></span> <span class='ocrx_word' id='word_1_416' title='bbox 2374 2546 2580 2602; x_wconf 87' lang='lat' dir='ltr'><strong>comici</strong></span> <span class='ocrx_word' id='word_1_417' title='bbox 2610 2541 2886 2624; x_wconf 65' lang='grc' dir='ltr'><strong>Πρέσβεις.</strong></span> <span class='ocrx_word' id='word_1_418' title='bbox 2913 2547 2982 2604; x_wconf 91' lang='lat' dir='ltr'><strong>V.</strong></span> <span class='ocrx_word' id='word_1_419' title='bbox 3011 2545 3047 2601; x_wconf 89' lang='lat'>6</span> <span class='ocrx_word' id='word_1_420' title='bbox 3074 2546 3370 2622; x_wconf 82' lang='lat' dir='ltr'><strong>legebatur</strong></span> 
     </span>
     <span class='ocr_line' id='line_1_65' title="bbox 1801 2629 3368 2712; baseline 0 -20"><span class='ocrx_word' id='word_1_421' title='bbox 1801 2635 2155 2692; x_wconf 80' lang='lat' dir='ltr'><strong>claudicante</strong></span> <span class='ocrx_word' id='word_1_422' title='bbox 2194 2645 2379 2691; x_wconf 87' lang='lat' dir='ltr'><strong>metro</strong></span> <span class='ocrx_word' id='word_1_423' title='bbox 2410 2630 2501 2692; x_wconf 75' lang='grc' dir='ltr'><strong>ἐὰν</strong></span> <span class='ocrx_word' id='word_1_424' title='bbox 2543 2629 2667 2712; x_wconf 77' lang='grc' dir='ltr'><strong>ἔχῃ.</strong></span> <span class='ocrx_word' id='word_1_425' title='bbox 2708 2636 2778 2691; x_wconf 88' lang='lat' dir='ltr'><strong>V.</strong></span> <span class='ocrx_word' id='word_1_426' title='bbox 2814 2653 2845 2704; x_wconf 88' lang='lat'><strong>7</strong></span> <span class='ocrx_word' id='word_1_427' title='bbox 2878 2630 3017 2689; x_wconf 82' lang='grc' dir='ltr'><strong>τοῦτ’</strong></span> <span class='ocrx_word' id='word_1_428' title='bbox 3042 2631 3201 2702; x_wconf 79' lang='grc' dir='ltr'><strong>αὖτὸ,</strong></span> <span class='ocrx_word' id='word_1_429' title='bbox 3230 2636 3273 2693; x_wconf 92' lang='lat' dir='ltr'><strong>i.</strong></span> <span class='ocrx_word' id='word_1_430' title='bbox 3316 2653 3368 2692; x_wconf 89' lang='lat' dir='ltr'><strong>e.</strong></span> 
     </span>
     <span class='ocr_line' id='line_1_66' title="bbox 1799 2719 3369 2796; baseline -0.002 -16"><span class='ocrx_word' id='word_1_431' title='bbox 1799 2720 1862 2780; x_wconf 82' lang='grc' dir='ltr'><strong>’τὸ</strong></span> <span class='ocrx_word' id='word_1_432' title='bbox 1885 2719 2051 2793; x_wconf 81' lang='grc' dir='ltr'><strong>ἡδέως</strong></span> <span class='ocrx_word' id='word_1_433' title='bbox 2088 2721 2203 2792; x_wconf 79' lang='grc' dir='ltr'><strong>ζῆν.</strong></span> <span class='ocrx_word' id='word_1_434' title='bbox 2250 2723 2315 2776; x_wconf 88' lang='lat' dir='ltr'><strong>V.</strong></span> <span class='ocrx_word' id='word_1_435' title='bbox 2364 2719 2399 2776; x_wconf 88' lang='grc'><strong>8</strong></span> <span class='ocrx_word' id='word_1_436' title='bbox 2441 2720 2619 2780; x_wconf 89' lang='lat' dir='ltr'><strong>codd.</strong></span> <span class='ocrx_word' id='word_1_437' title='bbox 2626 2764 2648 2796; x_wconf 85' lang='lat'><em>‚</em></span> <span class='ocrx_word' id='word_1_438' title='bbox 2690 2722 2907 2777; x_wconf 87' lang='lat' dir='ltr'><strong>omissis</strong></span> <span class='ocrx_word' id='word_1_439' title='bbox 2944 2720 3252 2790; x_wconf 84' lang='lat' dir='ltr'><strong>similibus,</strong></span> <span class='ocrx_word' id='word_1_440' title='bbox 3298 2721 3369 2784; x_wconf 83' lang='grc' dir='ltr'><strong>εἷς</strong></span> 
     </span>
     <span class='ocr_line' id='line_1_67' title="bbox 1803 2805 3370 2889; baseline -0.002 -23"><span class='ocrx_word' id='word_1_441' title='bbox 1803 2807 1923 2888; x_wconf 79' lang='grc' dir='ltr'><strong>αὕρ.</strong></span> <span class='ocrx_word' id='word_1_442' title='bbox 1954 2805 2009 2866; x_wconf 78' lang='grc' dir='ltr'><strong>δὲ</strong></span> <span class='ocrx_word' id='word_1_443' title='bbox 2031 2805 2335 2889; x_wconf 76' lang='grc' dir='ltr'><strong>φροντίζειν.</strong></span> <span class='ocrx_word' id='word_1_444' title='bbox 2366 2809 2600 2865; x_wconf 85' lang='lat' dir='ltr'><strong>Temere</strong></span> <span class='ocrx_word' id='word_1_445' title='bbox 2626 2809 2860 2866; x_wconf 83' lang='lat' dir='ltr'><strong>Grotius</strong></span> <span class='ocrx_word' id='word_1_446' title='bbox 2883 2820 2940 2865; x_wconf 91' lang='lat' dir='ltr'><strong>et</strong></span> <span class='ocrx_word' id='word_1_447' title='bbox 2963 2809 3060 2864; x_wconf 86' lang='lat' dir='ltr'><strong>alii</strong></span> <span class='ocrx_word' id='word_1_448' title='bbox 3080 2807 3149 2872; x_wconf 83' lang='grc' dir='ltr'><strong>εἶς</strong></span> <span class='ocrx_word' id='word_1_449' title='bbox 3174 2805 3289 2886; x_wconf 81' lang='grc' dir='ltr'><strong>αὕρ.</strong></span> <span class='ocrx_word' id='word_1_450' title='bbox 3314 2805 3370 2864; x_wconf 78' lang='grc' dir='ltr'><strong>δὲ</strong></span> 
     </span>
     <span class='ocr_line' id='line_1_68' title="bbox 1803 2888 3374 2979; baseline -0.003 -23"><span class='ocrx_word' id='word_1_451' title='bbox 1803 2895 1938 2976; x_wconf 74' lang='grc' dir='ltr'><strong>μηδὲ</strong></span> <span class='ocrx_word' id='word_1_452' title='bbox 1964 2888 2151 2979; x_wconf 58' lang='grc' dir='ltr'><strong>’φροντκ</strong></span> <span class='ocrx_word' id='word_1_453' title='bbox 2185 2897 2336 2958; x_wconf 85' lang='lat' dir='ltr'><strong>lbid.</strong></span> <span class='ocrx_word' id='word_1_454' title='bbox 2363 2893 2397 2954; x_wconf 78' lang='grc' dir='ltr'>ὅ</span> <span class='ocrx_word' id='word_1_455' title='bbox 2418 2918 2470 2955; x_wconf 87' lang='grc' dir='ltr'><strong>τι</strong></span> <span class='ocrx_word' id='word_1_456' title='bbox 2505 2917 2613 2974; x_wconf 84' lang='lat' dir='ltr'><strong>pro</strong></span> <span class='ocrx_word' id='word_1_457' title='bbox 2642 2899 2874 2975; x_wconf 82' lang='lat' dir='ltr'><strong>vulgato</strong></span> <span class='ocrx_word' id='word_1_458' title='bbox 2908 2894 2956 2955; x_wconf 79' lang='grc' dir='ltr'><strong>εἴ</strong></span> <span class='ocrx_word' id='word_1_459' title='bbox 2980 2919 3031 2954; x_wconf 89' lang='grc' dir='ltr'><strong>τι</strong></span> <span class='ocrx_word' id='word_1_460' title='bbox 3056 2897 3290 2957; x_wconf 84' lang='lat' dir='ltr'><strong>Casaub.</strong></span> <span class='ocrx_word' id='word_1_461' title='bbox 3317 2907 3374 2953; x_wconf 86' lang='lat' dir='ltr'><strong>et</strong></span> 
     </span>
     <span class='ocr_line' id='line_1_69' title="bbox 1804 2983 2887 3065; baseline -0.001 -20"><span class='ocrx_word' id='word_1_462' title='bbox 1804 2988 2150 3065; x_wconf 61' lang='lat' dir='ltr'><strong>ErfurdJ.V.</strong></span> <span class='ocrx_word' id='word_1_463' title='bbox 2176 3005 2215 3062; x_wconf 87' lang='lat'><em>9</em></span> <span class='ocrx_word' id='word_1_464' title='bbox 2233 2988 2405 3063; x_wconf 80' lang='lat' dir='ltr'><strong>vulgo</strong></span> <span class='ocrx_word' id='word_1_465' title='bbox 2428 2983 2700 3065; x_wconf 87' lang='grc' dir='ltr'><strong>περίεργόν</strong></span> <span class='ocrx_word' id='word_1_466' title='bbox 2729 2987 2887 3044; x_wconf 73' lang='grc' dir='ltr'><strong>ἐστιν.</strong></span> 
     </span>
    </p>
   </div>
   <div class='ocr_carea' id='block_1_23' title="bbox 2561 3090 2594 3146">
    <p class='ocr_par' dir='ltr' id='par_1_30' title="bbox 2561 3090 2594 3146">
     <span class='ocr_line' id='line_1_70' title="bbox 2561 3090 2594 3146; baseline 0 0"><span class='ocrx_word' id='word_1_467' title='bbox 2561 3090 2594 3146; x_wconf 85' lang='grc'>3</span> 
     </span>
    </p>
   </div>
   <div class='ocr_carea' id='block_1_24' title="bbox 1809 3133 3372 3352">
    <p class='ocr_par' dir='ltr' id='par_1_31' title="bbox 1809 3133 3372 3352">
     <span class='ocr_line' id='line_1_71' title="bbox 1882 3133 3372 3264; baseline -0.004 -21"><span class='ocrx_word' id='word_1_468' title='bbox 1882 3187 1969 3247; x_wconf 85' lang='lat' dir='ltr'><strong>lb.</strong></span> <span class='ocrx_word' id='word_1_469' title='bbox 2004 3206 2062 3261; x_wconf 86' lang='lat' dir='ltr'><strong>p.</strong></span> <span class='ocrx_word' id='word_1_470' title='bbox 2089 3185 2239 3258; x_wconf 78' lang='lat'><strong>572,</strong></span> <span class='ocrx_word' id='word_1_471' title='bbox 2273 3189 2325 3242; x_wconf 92' lang='lat' dir='ltr'>D</span> <span class='ocrx_word' id='word_1_472' title='bbox 2372 3204 2388 3243; x_wconf 71' lang='grc' dir='ltr'><strong>ε</strong></span> <span class='ocrx_word' id='word_1_473' title='bbox 2430 3182 2549 3264; x_wconf 71' lang='grc' dir='ltr'><strong>περὶ</strong></span> <span class='ocrx_word' id='word_1_474' title='bbox 2577 3133 2630 3241; x_wconf 65' lang='grc' dir='ltr'><strong>δὲ</strong></span> <span class='ocrx_word' id='word_1_475' title='bbox 2661 3186 2765 3241; x_wconf 84' lang='grc' dir='ltr'><strong>τῶν</strong></span> <span class='ocrx_word' id='word_1_476' title='bbox 2794 3184 3014 3261; x_wconf 79' lang='grc' dir='ltr'><strong>ἑταιρῶν</strong></span> <span class='ocrx_word' id='word_1_477' title='bbox 3043 3182 3133 3241; x_wconf 79' lang='grc' dir='ltr'><strong>καὶ</strong></span> <span class='ocrx_word' id='word_1_478' title='bbox 3160 3184 3289 3242; x_wconf 86' lang='grc' dir='ltr'><strong>Φιλ.</strong></span> <span class='ocrx_word' id='word_1_479' title='bbox 3320 3184 3372 3239; x_wconf 83' lang='grc' dir='ltr'><strong>ἐν</strong></span> 
     </span>
     <span class='ocr_line' id='line_1_72' title="bbox 1809 3271 2314 3352; baseline -0.006 -20"><span class='ocrx_word' id='word_1_480' title='bbox 1809 3274 1945 3332; x_wconf 80' lang='grc' dir='ltr'><strong>Κυν.</strong></span> <span class='ocrx_word' id='word_1_481' title='bbox 1975 3272 2101 3331; x_wconf 74' lang='grc' dir='ltr'><strong>τάδε</strong></span> <span class='ocrx_word' id='word_1_482' title='bbox 2135 3271 2314 3352; x_wconf 80' lang='grc' dir='ltr'><strong>φησὶν,</strong></span> 
     </span>
    </p>
   </div>
   <div class='ocr_carea' id='block_1_25' title="bbox 1809 3386 3290 3703">
    <p class='ocr_par' dir='ltr' id='par_1_32' title="bbox 1809 3386 3290 3703">
     <span class='ocr_line' id='line_1_73' title="bbox 1905 3386 3178 3481; baseline -0.005 -23"><span class='ocrx_word' id='word_1_483' title='bbox 1905 3394 2035 3458; x_wconf 80' lang='grc' dir='ltr'><strong>Οὐκ</strong></span> <span class='ocrx_word' id='word_1_484' title='bbox 2065 3390 2193 3467; x_wconf 82' lang='grc' dir='ltr'><strong>ἐτὸς</strong></span> <span class='ocrx_word' id='word_1_485' title='bbox 2222 3386 2461 3481; x_wconf 76' lang='grc' dir='ltr'><strong>ἑταίρας</strong></span> <span class='ocrx_word' id='word_1_486' title='bbox 2493 3389 2643 3481; x_wconf 84' lang='grc' dir='ltr'><strong>ἱερόν</strong></span> <span class='ocrx_word' id='word_1_487' title='bbox 2669 3391 2799 3453; x_wconf 83' lang='grc' dir='ltr'><strong>ἐστι</strong></span> <span class='ocrx_word' id='word_1_488' title='bbox 2822 3396 3142 3477; x_wconf 84' lang='grc' dir='ltr'><strong>πανταχοῦ</strong></span> <span class='ocrx_word' id='word_1_489' title='bbox 3160 3436 3178 3468; x_wconf 89' lang='grc'><strong>,</strong></span> 
     </span>
     <span class='ocr_line' id='line_1_74' title="bbox 1905 3483 3290 3587; baseline -0.006 -23"><span class='ocrx_word' id='word_1_490' title='bbox 1905 3498 2047 3564; x_wconf 82' lang='grc' dir='ltr'><strong>ἀλλ’</strong></span> <span class='ocrx_word' id='word_1_491' title='bbox 2080 3494 2217 3586; x_wconf 81' lang='grc' dir='ltr'><strong>οὐχὶ</strong></span> <span class='ocrx_word' id='word_1_492' title='bbox 2250 3504 2524 3587; x_wconf 80' lang='grc' dir='ltr'><strong>γαμετῆς</strong></span> <span class='ocrx_word' id='word_1_493' title='bbox 2550 3487 2824 3583; x_wconf 81' lang='grc' dir='ltr'><strong>οὐδαμοῦ</strong></span> <span class='ocrx_word' id='word_1_494' title='bbox 2852 3500 2963 3569; x_wconf 71' lang='grc' dir='ltr'><strong>τῆς</strong></span> <span class='ocrx_word' id='word_1_495' title='bbox 2990 3483 3290 3567; x_wconf 69' lang='grc' dir='ltr'><strong>Ἑλλάδος.</strong></span> 
     </span>
     <span class='ocr_line' id='line_1_75' title="bbox 1809 3624 2437 3703; baseline -0.01 -18"><span class='ocrx_word' id='word_1_496' title='bbox 1809 3627 1951 3685; x_wconf 82' lang='lat' dir='ltr'><strong>Vide</strong></span> <span class='ocrx_word' id='word_1_497' title='bbox 1974 3628 2034 3682; x_wconf 89' lang='lat' dir='ltr'><strong>in</strong></span> <span class='ocrx_word' id='word_1_498' title='bbox 2066 3624 2437 3703; x_wconf 79' lang='grc' dir='ltr'><strong>Κορινθιαστῇ.</strong></span> 
     </span>
    </p>
   </div>
   <div class='ocr_carea' id='block_1_26' title="bbox 2183 3755 3007 3821">
    <p class='ocr_par' dir='ltr' id='par_1_33' title="bbox 2183 3755 3007 3821">
     <span class='ocr_line' id='line_1_76' title="bbox 2183 3755 3007 3821; baseline -0.006 -1"><span class='ocrx_word' id='word_1_499' title='bbox 2183 3759 2315 3821; x_wconf 88' lang='lat' dir='ltr'><strong>vn.</strong></span> <span class='ocrx_word' id='word_1_500' title='bbox 2361 3755 3007 3820; x_wconf 79' lang='grc' dir='ltr'><strong>ΛΔΜΠΑΔΗΦΟΡΟΙ.</strong></span> 
     </span>
    </p>
   </div>
   <div class='ocr_carea' id='block_1_27' title="bbox 1815 3847 3383 4041">
    <p class='ocr_par' dir='ltr' id='par_1_34' title="bbox 1815 3847 3383 4041">
     <span class='ocr_line' id='line_1_77' title="bbox 1893 3847 3381 3947; baseline -0.008 -15"><span class='ocrx_word' id='word_1_501' title='bbox 1893 3875 2100 3933; x_wconf 80' lang='lat' dir='ltr'><strong>Athen.</strong></span> <span class='ocrx_word' id='word_1_502' title='bbox 2134 3890 2227 3944; x_wconf 83' lang='lat'><strong>10,</strong></span> <span class='ocrx_word' id='word_1_503' title='bbox 2246 3890 2311 3947; x_wconf 86' lang='lat' dir='ltr'><strong>p.</strong></span> <span class='ocrx_word' id='word_1_504' title='bbox 2341 3878 2371 3937; x_wconf 76' lang='grc' dir='ltr'><strong>ἰ.</strong></span> <span class='ocrx_word' id='word_1_505' title='bbox 2386 3870 2475 3941; x_wconf 84' lang='grc' dir='ltr'><strong>ι8,</strong></span> <span class='ocrx_word' id='word_1_506' title='bbox 2494 3870 2537 3927; x_wconf 90' lang='lat' dir='ltr'>C</span> <span class='ocrx_word' id='word_1_507' title='bbox 2550 3912 2567 3940; x_wconf 91' lang='lat'>,</span> <span class='ocrx_word' id='word_1_508' title='bbox 2584 3869 2757 3925; x_wconf 84' lang='lat' dir='ltr'><strong>allato</strong></span> <span class='ocrx_word' id='word_1_509' title='bbox 2776 3868 3014 3925; x_wconf 82' lang='lat' dir='ltr'><strong>Cratetis</strong></span> <span class='ocrx_word' id='word_1_510' title='bbox 3036 3883 3205 3924; x_wconf 73' lang='lat' dir='ltr'><strong>versu</strong></span> <span class='ocrx_word' id='word_1_511' title='bbox 3225 3847 3381 3933; x_wconf 76' lang='grc' dir='ltr'><strong>Ἐπῆ</strong></span> 
     </span>
     <span class='ocr_line' id='line_1_78' title="bbox 1815 3953 3383 4041; baseline -0.008 -21"><span class='ocrx_word' id='word_1_512' title='bbox 1815 3960 2051 4041; x_wconf 80' lang='grc' dir='ltr'><strong>τριπήχη</strong></span> <span class='ocrx_word' id='word_1_513' title='bbox 2068 4004 2089 4036; x_wconf 89' lang='grc'><strong>,</strong></span> <span class='ocrx_word' id='word_1_514' title='bbox 2110 3959 2449 4023; x_wconf 75' lang='grc' dir='ltr'><strong>Θετταλικῶς</strong></span> <span class='ocrx_word' id='word_1_515' title='bbox 2481 3953 2785 4031; x_wconf 79' lang='grc' dir='ltr'><strong>τετμημένα</strong></span> <span class='ocrx_word' id='word_1_516' title='bbox 2801 3997 2819 4027; x_wconf 92' lang='grc'><strong>,</strong></span> <span class='ocrx_word' id='word_1_517' title='bbox 2847 3956 2969 4011; x_wconf 77' lang='lat' dir='ltr'><strong>haec</strong></span> <span class='ocrx_word' id='word_1_518' title='bbox 2986 3954 3147 4011; x_wconf 81' lang='lat' dir='ltr'><strong>addit</strong></span> <span class='ocrx_word' id='word_1_519' title='bbox 3184 3973 3198 4007; x_wconf 89' lang='lat'>:</span> <span class='ocrx_word' id='word_1_520' title='bbox 3230 3954 3383 4010; x_wconf 78' lang='grc' dir='ltr'><strong>τοῦτο</strong></span> 
     </span>
    </p>
   </div>
   <div class='ocr_carea' id='block_1_28' title="bbox 1817 4126 3385 5132">
    <p class='ocr_par' dir='ltr' id='par_1_35' title="bbox 1817 4126 3385 5132">
     <span class='ocr_line' id='line_1_79' title="bbox 2574 4126 2628 4175; baseline 0 0"><span class='ocrx_word' id='word_1_521' title='bbox 2574 4126 2628 4175; x_wconf 84' lang='grc'><strong>2.</strong></span> 
     </span>
     <span class='ocr_line' id='line_1_80' title="bbox 1923 4205 3097 4271; baseline -0.005 -5"><span class='ocrx_word' id='word_1_522' title='bbox 1923 4208 2127 4266; x_wconf 76' lang='lat' dir='ltr'><strong>Desine</strong></span> <span class='ocrx_word' id='word_1_523' title='bbox 2146 4222 2309 4265; x_wconf 78' lang='lat' dir='ltr'><strong>senex</strong></span> <span class='ocrx_word' id='word_1_524' title='bbox 2340 4222 2460 4264; x_wconf 85' lang='lat' dir='ltr'><strong>esse</strong></span> <span class='ocrx_word' id='word_1_525' title='bbox 2484 4206 2742 4262; x_wconf 81' lang='lat' dir='ltr'><strong>moribus.</strong></span> <span class='ocrx_word' id='word_1_526' title='bbox 2771 4210 2860 4261; x_wconf 80' lang='lat' dir='ltr'><strong>An</strong></span> <span class='ocrx_word' id='word_1_527' title='bbox 2884 4205 3097 4271; x_wconf 76' lang='lat' dir='ltr'><strong>nescia,</strong></span> 
     </span>
     <span class='ocr_line' id='line_1_81' title="bbox 1922 4290 2971 4357; baseline -0.008 -4"><span class='ocrx_word' id='word_1_528' title='bbox 1922 4294 2304 4353; x_wconf 80' lang='lat' dir='ltr'><strong>suavissimum</strong></span> <span class='ocrx_word' id='word_1_529' title='bbox 2331 4308 2447 4350; x_wconf 82' lang='lat' dir='ltr'><strong>esse</strong></span> <span class='ocrx_word' id='word_1_530' title='bbox 2471 4292 2611 4349; x_wconf 89' lang='lat' dir='ltr'><strong>mori</strong></span> <span class='ocrx_word' id='word_1_531' title='bbox 2630 4290 2939 4348; x_wconf 86' lang='lat' dir='ltr'><strong>futuentem</strong></span> <span class='ocrx_word' id='word_1_532' title='bbox 2954 4330 2971 4357; x_wconf 89' lang='lat'>,</span> 
     </span>
     <span class='ocr_line' id='line_1_82' title="bbox 1922 4376 3049 4439; baseline -0.007 0"><span class='ocrx_word' id='word_1_533' title='bbox 1922 4390 1987 4439; x_wconf 83' lang='lat' dir='ltr'><strong>ut</strong></span> <span class='ocrx_word' id='word_1_534' title='bbox 2012 4390 2289 4439; x_wconf 88' lang='lat' dir='ltr'><strong>mortuum</strong></span> <span class='ocrx_word' id='word_1_535' title='bbox 2314 4394 2433 4437; x_wconf 82' lang='lat' dir='ltr'><strong>esse</strong></span> <span class='ocrx_word' id='word_1_536' title='bbox 2454 4380 2612 4437; x_wconf 81' lang='lat' dir='ltr'><strong>aiunt</strong></span> <span class='ocrx_word' id='word_1_537' title='bbox 2634 4376 3002 4435; x_wconf 87' lang='lat' dir='ltr'><strong>Phormisium</strong></span> <span class='ocrx_word' id='word_1_538' title='bbox 3025 4380 3049 4431; x_wconf 87' lang='lat'>?</span> 
     </span>
     <span class='ocr_line' id='line_1_83' title="bbox 1922 4464 3295 4543; baseline -0.005 -16"><span class='ocrx_word' id='word_1_539' title='bbox 1922 4469 2057 4543; x_wconf 86' lang='lat' dir='ltr'><strong>quid</strong></span> <span class='ocrx_word' id='word_1_540' title='bbox 2084 4470 2233 4527; x_wconf 88' lang='lat' dir='ltr'><strong>enim</strong></span> <span class='ocrx_word' id='word_1_541' title='bbox 2249 4510 2266 4537; x_wconf 89' lang='lat'>,</span> <span class='ocrx_word' id='word_1_542' title='bbox 2290 4483 2499 4541; x_wconf 69' lang='lat' dir='ltr'><strong>quw,</strong></span> <span class='ocrx_word' id='word_1_543' title='bbox 2532 4466 2708 4524; x_wconf 80' lang='lat' dir='ltr'><strong>facere</strong></span> <span class='ocrx_word' id='word_1_544' title='bbox 2735 4472 2947 4539; x_wconf 85' lang='lat' dir='ltr'><strong>oportet</strong></span> <span class='ocrx_word' id='word_1_545' title='bbox 2971 4464 3257 4521; x_wconf 78' lang='lat' dir='ltr'><strong>mortalem</strong></span> <span class='ocrx_word' id='word_1_546' title='bbox 3276 4506 3295 4537; x_wconf 90' lang='lat'>,</span> 
     </span>
     <span class='ocr_line' id='line_1_84' title="bbox 1817 4551 2981 4626; baseline -0.005 -13"><span class='ocrx_word' id='word_1_547' title='bbox 1817 4564 1850 4613; x_wconf 88' lang='lat'><strong>5</strong></span> <span class='ocrx_word' id='word_1_548' title='bbox 1922 4556 2029 4613; x_wconf 83' lang='lat' dir='ltr'><strong>nisi</strong></span> <span class='ocrx_word' id='word_1_549' title='bbox 2052 4555 2289 4613; x_wconf 74' lang='lat' dir='ltr'><strong>suaviter</strong></span> <span class='ocrx_word' id='word_1_550' title='bbox 2312 4555 2492 4612; x_wconf 79' lang='lat' dir='ltr'><strong>vivere</strong></span> <span class='ocrx_word' id='word_1_551' title='bbox 2510 4554 2677 4611; x_wconf 79' lang='lat' dir='ltr'><strong>vitam</strong></span> <span class='ocrx_word' id='word_1_552' title='bbox 2700 4551 2946 4626; x_wconf 77' lang='lat' dir='ltr'><strong>quotidie</strong></span> <span class='ocrx_word' id='word_1_553' title='bbox 2964 4592 2981 4619; x_wconf 87' lang='lat'>‚</span> 
     </span>
     <span class='ocr_line' id='line_1_85' title="bbox 1922 4638 3385 4717; baseline -0.003 -16"><span class='ocrx_word' id='word_1_554' title='bbox 1922 4645 1967 4701; x_wconf 83' lang='lat' dir='ltr'><strong>si</strong></span> <span class='ocrx_word' id='word_1_555' title='bbox 1984 4644 2111 4717; x_wconf 90' lang='lat' dir='ltr'><strong>quis</strong></span> <span class='ocrx_word' id='word_1_556' title='bbox 2120 4644 2285 4701; x_wconf 86' lang='lat' dir='ltr'><strong>habet</strong></span> <span class='ocrx_word' id='word_1_557' title='bbox 2293 4641 2443 4700; x_wconf 88' lang='lat' dir='ltr'><strong>unde</strong></span> <span class='ocrx_word' id='word_1_558' title='bbox 2459 4643 2668 4699; x_wconf 68' lang='lat' dir='ltr'><strong>Pimmo</strong></span> <span class='ocrx_word' id='word_1_559' title='bbox 2679 4640 2735 4697; x_wconf 88' lang='lat' dir='ltr'><strong>id</strong></span> <span class='ocrx_word' id='word_1_560' title='bbox 2751 4640 2929 4713; x_wconf 85' lang='lat' dir='ltr'><strong>ipsum</strong></span> <span class='ocrx_word' id='word_1_561' title='bbox 2940 4648 3183 4713; x_wconf 83' lang='lat' dir='ltr'><strong>spectare</strong></span> <span class='ocrx_word' id='word_1_562' title='bbox 3204 4638 3385 4707; x_wconf 76' lang='lat' dir='ltr'><strong>debet,</strong></span> 
     </span>
     <span class='ocr_line' id='line_1_86' title="bbox 1927 4730 2711 4797; baseline -0.003 -11"><span class='ocrx_word' id='word_1_563' title='bbox 1927 4730 2195 4787; x_wconf 73' lang='lat' dir='ltr'><strong>humanas</strong></span> <span class='ocrx_word' id='word_1_564' title='bbox 2215 4743 2305 4786; x_wconf 78' lang='lat' dir='ltr'><strong>res</strong></span> <span class='ocrx_word' id='word_1_565' title='bbox 2330 4730 2678 4786; x_wconf 80' lang='lat' dir='ltr'><strong>considerans</strong></span> <span class='ocrx_word' id='word_1_566' title='bbox 2696 4748 2711 4797; x_wconf 81' lang='lat'>3</span> 
     </span>
     <span class='ocr_line' id='line_1_87' title="bbox 1926 4812 3385 4887; baseline -0.001 -16"><span class='ocrx_word' id='word_1_567' title='bbox 1926 4818 2144 4885; x_wconf 79' lang='lat' dir='ltr'><strong>(insani)</strong></span> <span class='ocrx_word' id='word_1_568' title='bbox 2168 4824 2351 4872; x_wconf 79' lang='lat' dir='ltr'><strong>autem</strong></span> <span class='ocrx_word' id='word_1_569' title='bbox 2378 4824 2463 4873; x_wconf 82' lang='lat' dir='ltr'><strong>est</strong></span> <span class='ocrx_word' id='word_1_570' title='bbox 2484 4830 2697 4883; x_wconf 80' lang='lat' dir='ltr'><strong>curare,</strong></span> <span class='ocrx_word' id='word_1_571' title='bbox 2724 4812 2860 4887; x_wconf 86' lang='lat' dir='ltr'><strong>quid</strong></span> <span class='ocrx_word' id='word_1_572' title='bbox 2884 4830 3005 4871; x_wconf 82' lang='lat' dir='ltr'><strong>cras</strong></span> <span class='ocrx_word' id='word_1_573' title='bbox 3022 4813 3385 4887; x_wconf 68' lang='lat' dir='ltr'><strong>futurumsit,</strong></span> 
     </span>
     <span class='ocr_line' id='line_1_88' title="bbox 1919 4902 2892 4975; baseline -0.001 -15"><span class='ocrx_word' id='word_1_574' title='bbox 1919 4904 2243 4975; x_wconf 84' lang='lat' dir='ltr'><strong>sollicitique</strong></span> <span class='ocrx_word' id='word_1_575' title='bbox 2263 4946 2277 4971; x_wconf 84' lang='lat'><em>‚</em></span> <span class='ocrx_word' id='word_1_576' title='bbox 2306 4917 2526 4975; x_wconf 81' lang='lat' dir='ltr'><strong>prorsus</strong></span> <span class='ocrx_word' id='word_1_577' title='bbox 2552 4902 2857 4960; x_wconf 87' lang='lat' dir='ltr'><strong>obsoletum</strong></span> <span class='ocrx_word' id='word_1_578' title='bbox 2877 4943 2892 4970; x_wconf 87' lang='lat'><strong>‚</strong></span> 
     </span>
     <span class='ocr_line' id='line_1_89' title="bbox 1825 4992 2691 5063; baseline -0.006 -13"><span class='ocrx_word' id='word_1_579' title='bbox 1825 4999 1888 5050; x_wconf 83' lang='lat'><strong>10</strong></span> <span class='ocrx_word' id='word_1_580' title='bbox 1928 4992 2077 5049; x_wconf 87' lang='lat' dir='ltr'><strong>intus</strong></span> <span class='ocrx_word' id='word_1_581' title='bbox 2102 5002 2389 5063; x_wconf 79' lang='lat' dir='ltr'><strong>argentum</strong></span> <span class='ocrx_word' id='word_1_582' title='bbox 2414 5006 2691 5063; x_wconf 83' lang='lat' dir='ltr'><strong>seponere.</strong></span> 
     </span>
     <span class='ocr_line' id='line_1_90' title="bbox 2588 5084 2641 5132; baseline -0.019 0"><span class='ocrx_word' id='word_1_583' title='bbox 2588 5084 2641 5132; x_wconf 81' lang='lat'><strong>2.</strong></span> 
     </span>
    </p>
   </div>
   <div class='ocr_carea' id='block_1_29' title="bbox 262 5134 3071 5326">
    <p class='ocr_par' dir='ltr' id='par_1_36' title="bbox 262 5134 3071 5326">
     <span class='ocr_line' id='line_1_91' title="bbox 1500 5134 3071 5236; baseline -0.002 -15"><span class='ocrx_word' id='word_1_584' title='bbox 1500 5167 1690 5221; x_wconf 78' lang='lat' dir='ltr'><strong>[moro</strong></span> <span class='ocrx_word' id='word_1_585' title='bbox 1709 5207 1725 5235; x_wconf 85' lang='lat'>‚</span> <span class='ocrx_word' id='word_1_586' title='bbox 1821 5168 1946 5223; x_wconf 85' lang='lat' dir='ltr'><strong>Non</strong></span> <span class='ocrx_word' id='word_1_587' title='bbox 1975 5174 2180 5223; x_wconf 81' lang='lat' dir='ltr'><strong>temere</strong></span> <span class='ocrx_word' id='word_1_588' title='bbox 2207 5165 2399 5222; x_wconf 79' lang='lat' dir='ltr'><strong>amicae</strong></span> <span class='ocrx_word' id='word_1_589' title='bbox 2429 5164 2695 5236; x_wconf 88' lang='lat' dir='ltr'><strong>templum</strong></span> <span class='ocrx_word' id='word_1_590' title='bbox 2718 5134 2926 5235; x_wconf 62' lang='lat' dir='ltr'><strong>ubique</strong></span> <span class='ocrx_word' id='word_1_591' title='bbox 2953 5169 3035 5219; x_wconf 79' lang='lat' dir='ltr'><strong>est</strong></span> <span class='ocrx_word' id='word_1_592' title='bbox 3054 5202 3071 5229; x_wconf 90' lang='lat'><strong>‚</strong></span> 
     </span>
     <span class='ocr_line' id='line_1_92' title="bbox 262 5239 2823 5326; baseline 0.005 -37"><span class='ocrx_word' id='word_1_593' title='bbox 262 5244 304 5291; x_wconf 78' lang='lat' dir='ltr'><strong>el</strong></span> <span class='ocrx_word' id='word_1_594' title='bbox 331 5239 392 5295; x_wconf 83' lang='lat' dir='ltr'><strong>de</strong></span> <span class='ocrx_word' id='word_1_595' title='bbox 419 5245 584 5302; x_wconf 82' lang='lat' dir='ltr'><strong>Naide</strong></span> <span class='ocrx_word' id='word_1_596' title='bbox 611 5250 746 5305; x_wconf 86' lang='lat' dir='ltr'><strong>sileo</strong></span> <span class='ocrx_word' id='word_1_597' title='bbox 772 5268 783 5303; x_wconf 92' lang='lat'><strong>:</strong></span> <span class='ocrx_word' id='word_1_598' title='bbox 815 5249 1048 5306; x_wconf 81' lang='lat' dir='ltr'><strong>molares</strong></span> <span class='ocrx_word' id='word_1_599' title='bbox 1074 5251 1218 5305; x_wconf 86' lang='lat' dir='ltr'><strong>enim</strong></span> <span class='ocrx_word' id='word_1_600' title='bbox 1251 5250 1440 5307; x_wconf 79' lang='lat' dir='ltr'><strong>dentes</strong></span> <span class='ocrx_word' id='word_1_601' title='bbox 1471 5250 1720 5325; x_wconf 81' lang='lat' dir='ltr'><strong>perdidit.</strong></span> <span class='ocrx_word' id='word_1_602' title='bbox 1824 5262 2009 5326; x_wconf 76' lang='lat' dir='ltr'><strong>nuptm</strong></span> <span class='ocrx_word' id='word_1_603' title='bbox 2036 5268 2161 5308; x_wconf 80' lang='lat' dir='ltr'><strong>vero</strong></span> <span class='ocrx_word' id='word_1_604' title='bbox 2190 5267 2482 5324; x_wconf 83' lang='lat' dir='ltr'><strong>nusquam,</strong></span> <span class='ocrx_word' id='word_1_605' title='bbox 2510 5252 2569 5307; x_wconf 88' lang='lat' dir='ltr'><strong>in</strong></span> <span class='ocrx_word' id='word_1_606' title='bbox 2592 5250 2823 5307; x_wconf 73' lang='lat' dir='ltr'><strong>Graecia.</strong></span> 
     </span>
    </p>
   </div>
  </div>
 </body>
</html>
