3809 5850
420 240 535 289 6⁴12

1501 226 1736 287 NOVAE
1772 228 2188 291 COMOEDlAE
2231 230 2644 305 RELlQUlAE.

420 367 593 419 Versu
626 382 646 417 1
679 362 871 417 malim
906 358 1215 436 διακειμένῳ
1250 360 1423 423 κακῶς
1440 400 1457 433 ,
1482 378 1627 415 voce
1654 360 1835 425 κακῶς
1863 378 1982 415 non
2075 358 2614 437 πλέουσαι,ᾳυο1·υιιι
2636 364 2822 437 aptius
2839 374 2922 419 est
2945 363 3360 422 Συνεκπλέουσα
3377 366 3450 423 ad
3467 369 3607 443 signi-

420 450 802 521 delitescente‚
859 450 1074 523 quippe
1116 448 1315 502 ultimo
1358 448 1491 502 loco
1536 464 1730 503 versus
1771 448 1980 521 posita,
2077 446 2357 513 ficandam
2380 450 2676 507 mulierem
2702 448 3018 526 primarum
3045 453 3329 527 partium.

421 554 591 611 quem
614 538 785 592 etiam
808 537 989 612 ipsum
1014 536 1241 611 potiora
1262 534 1437 590 verba
1464 552 1750 609 occupare
1777 536 1976 592 solent.

420 624 494 682 V.
524 642 557 680 α
576 622 911 681 εὐσθενοῦντα
931 622 1124 681 Valck.
1157 640 1267 698 pro
1300 623 1497 697 inepto
1528 618 1769 679 ἐσθίοντα
1788 663 1806 692 ,
1838 624 1987 678 Ber-

420 712 632 767 nardus
666 710 986 769 εὐθενοῦντα.
1030 713 1099 769 V.
1136 717 1167 777 4
1201 711 1281 765 sic
1320 712 1562 767 Porson.
1595 728 1705 784 pro
1746 706 1803 766 δὲ
1844 706 1982 787 μᾶχ.

420 802 489 858 V.
522 798 555 854 5
586 800 785 874 scripsi
820 794 1187 867 πεποιηκέναι.
1222 798 1406 873 Vulgo
1446 794 1793 867 πεπονθέναι,
1827 798 1986 871 quod

420 887 664 943 alienum
707 886 965 961 (confusa
992 888 1021 942 θ
1054 896 1111 941 et
1144 906 1195 954 κ,
1244 896 1310 940 ut
1346 883 1546 961 alias),
1594 896 1986 959 praetereaque

419 976 509 1031 τοῦ
528 972 696 1051 λέγειν
716 986 773 1031 et
800 971 859 1031 τὸ
877 994 1033 1045 πεπ.,
1058 992 1183 1047 quae
1207 972 1531 1029 emendavit
1546 974 1783 1027 Porson.

860 1134 933 1193 X.
971 1134 1548 1194 ΣΥΜΠΛΕΟΥΣΑΙ.

1184 1292 1235 1332 1.

501 1386 709 1445 Athen.
745 1384 847 1462 15,
872 1404 937 1462 p.
985 1404 1137 1462 700,
1174 1387 1218 1443 C
1254 1406 1267 1441 z
1302 1384 1455 1444 ἄλλοι
1482 1386 1526 1444 δ’
1560 1384 1787 1466 ἔφασκον
1828 1385 1987 1465 φανὸν

424 1470 663 1549 λέγεσθαι
683 1471 780 1545 τὴν
807 1472 1067 1549 λαμπάδα
1102 1514 1190 1534 ....
1218 1474 1355 1535 Φιλ.
1384 1471 1804 1551 Συμπλεούσαις,

518 1622 581 1663 α.
618 1590 673 1663 ὁ
702 1595 877 1688 φανὸς
898 1601 1036 1688 ὑμῖν
1064 1600 1172 1663 οὐκ
1190 1597 1424 1689 ἔφαινεν
1446 1588 1584 1665 οὐδὲ
1614 1600 1695 1667 ἕν.

521 1704 582 1785 β.
612 1692 846 1769 ἒπειτα
874 1707 1089 1794 φυσᾶν,
1129 1695 1430 1796 δυστυχὴς
1452 1752 1471 1789 ,
1506 1707 1614 1771 οὐκ
1642 1694 1888 1786 ἣδύνω;
1937 1768 1946 1775 ,

427 1828 508 1886 cf.
530 1830 687 1886 Eust.
716 1849 777 1904 p.
809 1828 979 1901 1571,
1006 1830 1290 1889 13.Versu
1316 1849 1349 1886 2
1378 1826 1659 1908 δυστυχὴς,
1686 1832 1988 1888 nominati·

425 1935 527 1973 vus
550 1935 713 1974 sensu
740 1919 1007 1975 vocativi.

505 2136 713 2194 Pollux
735 2155 803 2213 9,
824 2138 900 2197 30
934 2158 948 2194 ε
993 2136 1085 2196 καὶ
1126 2134 1463 2215 παραγώγιον
1500 2134 1679 2204 τέλους
1706 2136 1874 2214 ὄνομα
1896 2182 1914 2215 ,
1943 2142 1989 2198 εἰ

426 2226 503 2283 δεῖ
530 2222 658 2303 πρὸς
680 2222 965 2300 ἀπολογίαν
1000 2227 1094 2295 τῆς
1112 2227 1287 2296 κοινῆς
1308 2222 1549 2303 χρήσεως
1574 2224 1901 2305 παρέχεσθαι
1929 2228 1990 2287 τὸ

425 2314 477 2371 ἐν
506 2316 571 2391 τῇ
606 2312 933 2373 Φιλιππίδου
968 2312 1368 2391 Συνεκπλεούσῃ
1398 2312 1669 2391 εἰρημένον

621 2422 674 2501 ὁ
707 2432 836 2502 ’τὰν
896 2438 927 2502 ἕ
974 2461 1081 2513 εις·

521 2486 897 2635 παραγώγιον
926 2465 986 2607 ξ’
1022 2538 1093 2608 ἂν
1124 2547 1205 2633 μὴ
1241 2539 1474 2635 ’κφέρῃς
1493 2592 1512 2624 ,
1542 2538 1979 2635 εἰσ-πράξομαι.

425 2684 855 2758 Con-aptissima
896 2684 958 2739 in
992 2684 1152 2739 libris
1200 2684 1417 2741 Comici
1458 2685 1629 2741 verba
1656 2680 1831 2743 Ὅταν
1870 2684 1991 2756 ἑξῆς

428 2792 556 2849 παρ.
584 2767 647 2827 ἂν
667 2767 923 2849 ἐκφέρῃς,
950 2770 1122 2849 εἷσπρ.
1152 2766 1355 2849 Ἔχεις,
1382 2773 1504 2832 scil.
1536 2768 1804 2849 ἀργύριον,
1830 2776 1990 2848 quod

428 2859 730 2935 intelligas,
781 2859 1267 2934 quemadmodum
1324 2858 1528 2916 divites
1560 2859 1675 2916 dici
1720 2862 1903 2922 solent
1941 2864 1986 2921 οἳ

426 2947 631 3026 ἔχοντες
659 2969 671 3006 :
697 2950 811 3008 vid.
833 2951 1217 3009 Bornemaun.
1240 2949 1314 3006 ad
1326 2949 1477 3008 Xen.
1506 2949 1691 3006 Anab-
1716 2950 1768 3017 6,
1800 2950 1862 3022 6,
1892 2951 1986 3009 38.

428 3036 619 3094 Potest
645 3040 811 3095 etiam
834 3038 1031 3093 referri
1050 3037 1125 3093 ad
1146 3039 1263 3107 illa,
1276 3055 1403 3112 quae
1426 3037 1639 3093 dixerit
1657 3051 1986 3110 convector,

426 3123 542 3182 Οὗκ
560 3121 669 3201 ἔχω
690 3121 1145 3201 ἀργύριον.Κοοω
1158 3120 1213 3179 δὲ
1233 3125 1468 3180 immisit
1484 3126 1685 3200 Mein.,
1699 3127 1797 3182 sed
1818 3129 1987 3183 etiam

427 3209 502 3284 μὴ
546 3211 871 3268 addendum
916 3211 1052 3281 fuit,
1096 3211 1260 3268 facile
1306 3199 1695 3268 oblitteratum
1735 3213 1878 3269 illud
1927 3217 1988 3270 in

425 3302 739 3377 scriptura,
775 3300 909 3356 olim
948 3300 1151 3356 usitata
1169 3339 1187 3368 ‚
1226 3302 1501 3356 contiuua
1544 3299 1944 3378 (ανμηεκφερης
1962 3345 1981 3378 ,

426 3407 756 3467 ανμεκφερης
775 3429 793 3461 ,
824 3407 1109 3464 ανεκφερης
1131 3427 1147 3457 ,
1180 3388 1385 3444 omissa
1408 3409 1449 3464 μ
1476 3389 1663 3446 littera
1685 3400 1816 3463 post
1836 3391 1988 3446 simi·

426 3477 534 3532 lem
558 3473 617 3554 ν)
660 3502 683 3526 ιι
707 3471 1091 3549 Συμπλεούσαις
1110 3475 1317 3534 Athen.
1352 3475 1439 3546 15,
1459 3494 1515 3552 p.
1536 3495 1670 3548 700,
1696 3477 1762 3552 C,
1788 3476 1986 3535 Συνεκ-

424 3562 684 3621 πλέουσαν
700 3566 947 3640 appellat
964 3561 1169 3620 Pollux
1196 3583 1257 3640 9,
1286 3563 1379 3622 30.
1402 3567 1662 3622 Fortasse
1680 3576 1987 3640 utrumque

426 3653 913 3728 conjungendum,
934 3663 1001 3709 ut
1034 3653 1230 3709 titulus
1267 3653 1561 3726 comoediai
1582 3653 1751 3710 fuerit
1792 3652 1986 3710 Συνεκ-

424 3739 699 3800 πλέουσαι.
732 3765 757 3792 υ
796 3742 955 3797 ΕΜ.
987 3741 1171 3796 Immo
1209 3742 1395 3815 ipsum
1428 3737 1983 3812 Συνεκπλέουσα,

422 3849 495 3887 ne
525 3832 791 3886 mulieres
816 3841 1035 3886 tantum
1060 3829 1309 3886 advectae
1335 3830 1657 3904 videantur,
1690 3849 1869 3905 quum
1894 3832 1984 3886 vir

426 3936 657 3992 quoque
681 3915 1015 3974 συνεπιπλέων
1052 3915 1398 3993 significatus
1424 3919 1521 3988 sit,
1544 3920 1591 3974 si
1638 3918 1782 3974 bene
1814 3917 1989 3973 habet

422 4007 615 4052 nostra
648 3999 949 4054 correctio.
985 3998 1248 4054 Ceterum
1273 3997 1429 4073 apud
1461 3998 1663 4053 Athen.
1706 4008 1897 4071 potest
1925 4007 1988 4053 ut

424 4083 575 4139 sorte
595 4084 713 4162 τῷκ
730 4084 990 4141 offecerit
1001 4087 1246 4142 vicinum
1263 4087 1446 4142 simile
1464 4105 1527 4154 π,
1551 4086 1766 4160 illoque
1782 4087 1986 4142 omisso

427 4167 791 4227 Συνεπλέουσα
812 4173 1084 4244 paulatim
1114 4172 1319 4228 abierit
1340 4174 1401 4227 in
1431 4169 1811 4245 Συμπλέουσα,
1836 4172 1987 4247 Συμ-

433 4285 567 4298 .-

862 4288 1020 4392 UliA
1056 4335 1546 4392 NAVIGANTES.

424 4491 474 4563 a.
508 4509 616 4564 Fax
644 4505 805 4564 nobis
828 4505 1054 4564 minime
1073 4429 1311 4565 lucdliat.

425 4596 480 4652 b.
511 4595 679 4668 Igitur
698 4595 851 4666 flare,
878 4594 1085 4665 infelix,
1110 4611 1225 4653 non
1244 4598 1495 4668 poteras?

498 4801 561 4810 —
592 4773 641 4827 Ο
664 4769 809 4828 bone
834 4771 931 4839 vir,
956 4770 1151 4838 habes3
1178 4687 1227 4736 2·

428 4857 727 4929 portorium
754 4865 940 4915 autem
961 4858 1007 4914 si
1037 4872 1148 4914 non
1176 4857 1343 4914 effers
1359 4899 1375 4924 ,
1400 4856 1631 4928 exigam.

832 4945 1193 5001 FRATRUM
1227 4944 1593 5000 AMANTES.

430 5027 791 5086 infortunium
820 5030 864 5086 si
888 5030 985 5086 tibi
1016 5027 1292 5102 quoddam
1330 5028 1559 5096 accidit,
1592 5027 1740 5093 here.

2535 597 2635 655 Xl.
2684 596 3184 657 ΦΙΛΑΔΕΛΦΟΙ.

2153 706 2314 764 Stoh.
2347 708 2436 764 1⁴¹1.
2471 708 2604 777 108,
2632 727 2723 765 10.

2180 856 2240 895 α.
2275 821 2441 897 ὅταν
2473 830 2718 924 ἀτυχεῖν
2749 857 2840 897 σοι
2871 834 3141 923 συμπέσῃ
3178 858 3246 897 τι
3273 880 3292 916 ,
3339 826 3612 911 δέσποτα,
3724 824 3725 859 ³

2175 927 2499 1028 Εὐριπίδου
2535 937 2830 1026 μνήσθητι
2852 986 2871 1021 ,
2893 936 2998 1002 καὶ
3027 936 3180 1027 ῥᾴων
3209 938 3340 1004 ἔσει
3365 960 3380 975 ·

2181 1069 2214 1103 ιι
2245 1044 2374 1107 Οὐκ
2403 1042 2566 1107 ἔστιν
2599 1043 2758 1118 ὅστις
2785 1036 2964 1109 πάντ’
2985 1043 3127 1135 ἀνὴρ
3149 1034 3528 1145 εὐδαιμονεῖ;
3553 1072 3578 1103 ιι

2175 1141 2326 1211 εἶναι
2355 1140 2414 1212 δ’
2445 1140 2712 1213 ὑπόλαὲε
2743 1146 2848 1213 καὶ
2881 1148 2945 1214 σὲ
2983 1156 3103 1214 τῶν
3137 1153 3391 1215 πολλῶν
3423 1154 3534 1218 ἕνα.

2079 1306 2104 1330 α
2143 1280 2246 1339 His
2266 1281 2521 1338 versibus
2554 1283 2793 1341 Michael
2823 1285 3179 1341 Hamartolus
3206 1284 3369 1359 apud
3407 1286 3622 1342 Boiso-

2078 1369 2291 1425 nadum
2319 1369 2534 1431 Anecd.
2566 1379 2618 1439 4,
2647 1390 2706 1446 p.
2735 1370 2872 1441 456,
2908 1373 3076 1428 tacite
3101 1390 3235 1427 usus
3261 1383 3346 1429 est
3370 1392 3479 1447 pro
3505 1378 3616 1430 suis.

2083 1456 2372 1533 Euripidis
2409 1476 2574 1515 versu
2623 1460 2795 1515 etiam
2835 1460 3126 1535 Aristoph.
3191 1479 3328 1516 usus
3375 1473 3460 1517 est
3491 1464 3618 1518 Rau.
3724 1454 3725 1507 Ϊ

2087 1564 2108 1601 1
2127 1544 2267 1615 153,
2318 1556 2377 1603 et
2421 1547 2774 1604 Nicostratus
2818 1550 3090 1617 comicuS,
3151 1548 3354 1605 sabula
3395 1551 3614 1609 incerta.

2079 1632 2262 1692 Versu
2287 1639 2318 1699 4
2339 1635 2514 1690 Mich.
2545 1632 2719 1710 νόμιζε
2746 1633 2792 1691 δ’
2818 1622 2971 1694 εἶναι.
3011 1660 3035 1685 a
3062 1637 3112 1691 E
3126 1638 3216 1695 M.
3249 1638 3377 1713 Ego
3399 1640 3623 1695 scribam

2078 1708 2263 1777 εἶναι
2291 1718 2498 1777 δὲκαὶ
2541 1718 2598 1778 σ’
2629 1720 2935 1779 ὖπόλαὸε
2965 1723 3071 1779 τῶν
3091 1742 3153 1778 π.
3181 1720 3299 1794 ἕνα,
3332 1736 3392 1781 et
3415 1746 3572 1783 vasu
3599 1748 3616 1781 1

2079 1805 2383 1885 Ἀτυχεῖν
2408 1805 2534 1865 ὅταν
2563 1830 2645 1867 σοι
2667 1822 2781 1867 etc.

2477 1950 2614 2007 xn.
2677 1950 3240 2012 ΦΙΛΑΘΗΝΛΙΟΣ.

2155 2072 2391 2135 Photius
2417 2072 2552 2129 Lex.
2587 2089 2650 2145 p.
2699 2070 2812 2143 547
2835 2113 2853 2142 ,
2900 2092 2959 2149 7,
2992 2072 3274 2149 Συκάμινα
3315 2092 3332 2132 :
3375 2073 3446 2131 τὰ
3483 2076 3628 2154 μόρα.

2077 2156 2213 2218 Φιλ.
2240 2155 2616 2237 Φιλαθηναίῳ,

2175 2275 2312 2351 Τοῖς
2352 2272 2697 2365 συκαμίνοις
2730 2266 2789 2338 δ’
2815 2273 2950 2341 ἀντὶ
2977 2284 3084 2342 τοῦ
3115 2277 3334 2367 φύκους
3362 2279 3496 2344 ὅλοι

2143 2394 2156 2409 “
2173 2380 2244 2447 τὸ
2277 2380 2617 2474 πρόσωπον.

2077 2503 2144 2562 τὰ
2168 2504 2224 2563 δὲ
2249 2504 2387 2583 μόρα
2415 2502 2616 2584 Δώριον
2648 2506 2871 2581 μᾶλλον.
2907 2512 2974 2564 Iu
2992 2527 3159 2566 versu
3183 2514 3392 2587 supple
3423 2513 3586 2591 βάπτε

2075 2596 2168 2652 vel
2191 2594 2464 2668 quiddam
2486 2594 2786 2668 ejusmodi.

2501 2696 2663 2778 xml
2707 2718 3216 2780 ψιΛΑΡΓιῬοΣ.

2156 2838 2361 2896 Athen.
2399 2844 2492 2907 14,
2517 2857 2580 2913 p.
2617 2838 2766 2908 640,
2795 2840 2840 2895 C
2871 2856 2886 2895 τ
2927 2836 3249 2915 τραγήματα
3275 2841 3500 2917 Κράτης
3521 2846 3643 2923 φησὶ

2077 2923 2410 2998 Φιλιππίδην
2436 2922 2604 3002 λέγειν
2629 2927 2680 2984 ἐν
2707 2923 3034 3006 Φιλαργύρῳ
3061 2924 3227 2994 οὕτως
3245 2972 3264 3001 ,

2173 3050 2551 3120 Πλακοῦντες
2571 3093 2590 3126 ,
2623 3034 3126 3135 ἐπιδορπίσματ’,
3161 3043 3297 3128 ᾠὰ,
3325 3051 3596 3140 σήσαμα·

2151 3145 2203 3178 '⁴‘
2235 3153 2379 3220 ὅλην
2407 3143 2647 3242 λέγοντ’
2687 3145 2756 3214 ἅν
2773 3155 2838 3240 μ’
2869 3147 3144 3216 ἐπιλίποι
3170 3155 3284 3225 τὴν
3315 3157 3572 3248 ἡμέραν.

2074 3289 2230 3344 Libri
2260 3283 2479 3358 λέγοντα
2499 3327 2516 3355 ,
2537 3287 2570 3342 J
2573 3286 2834 3342 acobsius
2857 3283 3055 3362 λέγοντ’
3076 3285 3160 3346 ἄν.
3185 3289 3314 3364 Ego
3333 3291 3535 3346 scribo

2171 3404 2282 3493 ὅλῃ
2319 3425 2420 3492 με,
2451 3399 2736 3494 λέγοντα,
2763 3404 2843 3492 μὴ
2874 3400 3202 3470 ’πιλίποιτ’
3235 3407 3301 3469 ἐν
3323 3408 3546 3498 ἡμέρᾳ.

2541 3528 2705 3588 XIV.
2751 3529 3167 3590 ΦῙΔΑΡΧΟΣ.

2154 3642 2388 3698 Antiatt.
2430 3659 2488 3715 p.
2521 3641 2660 3714 108,
2701 3659 2799 3713 12,
2831 3639 3112 3718 Μακρὸν
3141 3643 3365 3700 ποιῶε
3413 3643 3658 3700 &wito-3

2083 3725 2322 3802 μηκύνω.
2351 3729 2486 3787 Φιλ.
2511 3727 2799 3808 Φιλάρχῳ.
2825 3729 3038 3786 Eadem
3067 3731 3272 3788 Suidas
3302 3744 3363 3790 et
3387 3731 3660 3805 photius,

2067 3815 2178 3871 -sed
2207 3817 2412 3872 omisso
2438 3815 2639 3872 fabulae
2667 3818 2855 3876 titulo.

2474 3943 2603 4002 XV.
2649 3942 3239 4003 ΦΙΛΕΥΡΙΠῙΔΗΣ.

2163 4108 2188 4134 ιι
2227 4086 2346 4140 Hac
2377 4085 2438 4139 in
2465 4083 2658 4140 fabula
2693 4087 2740 4140 si
2766 4084 3026 4142 Comicus
3062 4087 3326 4160 ineptum
3357 4083 3660 4161 Euripidis
3724 4131 3725 4172 ᾗ

2079 4172 2400 4228 dramatum
2447 4190 2702 4228 amorem
2737 4173 3065 4248 exagitavit,
3122 4184 3191 4228 ut
3237 4175 3568 4230 Axionicus
3605 4175 3658 4226 in

2079 4335 2358 4408 Euripidis
2384 4343 2692 4402 memento,
2717 4343 2772 4392 et
2783 4317 3104 4392 illevaberis
3130 4356 3143 4390 :

2083 4445 2106 4470 υ
2130 4423 2254 4478 Nou
2284 4429 2364 4478 est
2389 4421 2466 4476 vir
2483 4421 2714 4477 omnino
2740 4421 2948 4477 beatus.
2975 4443 3000 4469 ιι

2079 4511 2252 4582 Igitur
2274 4517 2328 4566 te
2347 4523 2564 4582 quoque
2583 4525 2758 4565 unum
2776 4517 2910 4583 puta
2939 4508 3260 4566 multorum.

2431 4597 2984 4654 ATHENIENSIUM
3011 4597 3280 4654 AMANS.

2079 4683 2248 4739 Moris
2275 4688 2458 4738 autem
2485 4698 2582 4754 pro
2611 4681 2730 4755 alga
2759 4691 2930 4738 totam

2079 4770 2272 4826 faeiem
2293 4774 2465 4842 unqe.

2694 4859 3014 4916 AVARUS.

2082 4968 2106 4992 ‹-
2133 4944 2406 5002 Placentae
2421 4986 2436 5011 ,
2459 4943 2681 5001 bellaria
2700 4985 2716 5010 ‚
2741 4957 2872 5010 ova,
2891 4958 3102 5000 sesama
3121 4986 3138 5013 ‚

2079 5047 2148 5088 ne
2172 5030 2398 5102 linquite
2417 5045 2503 5087 me
2521 5071 2536 5098 ,
2571 5053 2595 5080 ω
2623 5029 2917 5097 dioentem,
2943 5054 2964 5078 o
2997 5037 3110 5086 tota
3133 5029 3254 5087 diei
3285 5053 3311 5078 ι
