3809 5850
540 425 655 478 1⁷6

540 545 807 600 omissum
844 554 943 599 aut
970 553 1219 600 erratum
1252 545 1344 601 sit.
1386 546 1663 600 Dominus
1702 545 2102 620 intelligendus

538 645 622 690 est
648 635 880 708 Callias,
908 635 1033 706 qui,
1075 633 1225 689 ruris
1248 643 1543 710 pertaesus,
1590 651 1756 710 agros
1792 651 2106 710 gregesque

536 723 785 778 vendere
825 723 1056 796 cogitat,
1095 731 1161 776 ut
1187 721 1537 778 urbanarum
1572 733 1828 798 sumptus
1864 724 2110 780 tolerare

534 811 714 884 possit
736 810 1112 884 voluptatum.

1278 903 1377 992 26.

622 1049 832 1108 Pollux
856 1069 921 1127 9,
960 1051 1031 1124 37
1064 1071 1079 1107 :
1108 1051 1173 1110 E.
1214 1047 1270 1109 δὲ
1298 1053 1353 1110 ἕν
1378 1054 1450 1112 Κ.
1487 1051 1578 1110 καὶ
1610 1053 2115 1132 συμπαροίκους

543 1135 767 1216 εἴρηκεν.
796 1140 959 1196 Idem
981 1140 1040 1210 6,
1066 1139 1178 1216 159
1204 1159 1218 1195 ι
1243 1141 1311 1198 Ε.
1335 1137 1391 1198 δὲ
1414 1138 1819 1216 συμὸίωτοι,
1846 1140 2118 1218 συμπά-

544 1246 791 1306 ροικοι,
815 1225 907 1283 καὶ
938 1225 1321 1301 συνήλικες,
1350 1218 1485 1287 εἶπε.
1509 1253 1534 1278 ι
1566 1226 1944 1298 Συνήλικες
1983 1232 2111 1303 qui·

540 1315 671 1370 dem
698 1324 873 1370 exstat
910 1316 1107 1374 Maric.
1149 1316 1223 1374 fr.
1274 1314 1333 1375 5.
1365 1318 1433 1370 In
1472 1316 1663 1392 primo
1706 1317 1885 1373 Bekk.
1931 1318 2118 1374 edidit

542 1397 847 1546 συμέὅίοτοι,
876 1402 975 1460 sed
1002 1403 1209 1460 rectius
1236 1403 1480 1461 Seberus
1507 1423 1577 1461 ex
1600 1403 1772 1465 codd.
1808 1425 1881 1462 συ
1897 1427 1939 1481 μ
1956 1402 1992 1462 6
2007 1428 2115 1464 ιω·

543 1511 621 1546 τα
656 1532 671 1549 .
704 1513 729 1541 ²·
755 1492 806 1546 E
824 1493 913 1547 Μ.

1208 1626 1306 1679 27.
1351 1606 1448 1666 28.

622 1729 913 1802 Harpocr.
956 1747 1017 1804 p.
1068 1727 1205 1799 152,
1253 1749 1309 1800 7,
1353 1725 1819 1807 Περίστατοι;
1870 1727 1986 1786 ἀντὶ
2026 1733 2116 1786 τοῦ

543 1812 665 1891 περὶ
690 1812 751 1880 ἃς
770 1813 951 1894 κύκλῳ
986 1813 1229 1874 ἵστανται
1251 1816 1300 1874 οἱ
1329 1813 1599 1892 Θεώμενοι.
1641 1815 1703 1872 τὸ
1741 1813 1908 1892 ὄνομα
1943 1815 2034 1874 καὶ
2061 1818 2115 1874 ἐν

544 1899 855 1981 Ἀρχιδάμῳ
905 1904 1247 1982 (Isocratis)
1288 1903 1437 1976 ἐστὶ,
1475 1902 1566 1962 καὶ
1594 1905 1723 1982 παρ’
1764 1901 2020 1986 Εὐπόλιδι
2059 1906 2112 1962 ἐν

549 1988 621 2046 Κ.
650 2019 728 2032 -
754 1990 986 2052 Antiatt.
1013 2011 1075 2068 p.
1098 1993 1197 2067 96,
1229 2011 1323 2065 17,
1350 1989 1685 2071 Ἐφάπαξε
1718 1991 1782 2052 Ε.
1814 1993 1886 2052 Κ.

1282 2139 1379 2197 29.

624 2247 862 2306 Photius
882 2270 944 2325 p.
987 2269 1126 2323 217,
1154 2251 1387 2323 Λευκὴ
1438 2250 1661 2331 ἡμέρα
1706 2273 1722 2308 1
1762 2255 1797 2322 ἡ
1822 2250 1991 2327 ἀγαθὴ
2027 2251 2118 2308 καὶ

547 2333 630 2393 ἐπ’
654 2335 963 2415 εὐφροσύνῃ.
1000 2339 1067 2398 Ε.
1115 2339 1185 2399 Κ.
1214 2365 1240 2391 ι
1270 2339 1592 2398 Candidum
1622 2341 1704 2416 (i.
1744 2358 1795 2396 e.
1834 2341 2078 2396 faustum
2098 2382 2114 2411 ,

548 2425 809 2499 felicem)
848 2427 915 2480 E.
948 2425 1161 2482 dixerit
1192 2426 1345 2484 diem
1382 2429 1576 2500 illum,
1605 2447 1723 2503 quo
1753 2428 1956 2488 Callias
1987 2448 2117 2487 cum

545 2512 835 2569 sodalibus
860 2513 1015 2571 laute
1032 2514 1393 2590 epulabatur.
1422 2539 1449 2566 ι»
1476 2517 1527 2571 B
1560 2517 1649 2575 M.

1284 2645 1381 2702 30.

626 2764 819 2821 Schol.
863 2766 1151 2841 Aristopb.
1192 2768 1341 2822 Ran.
1376 2767 1491 2835 408
1522 2786 1535 2823 :
1583 2765 1661 2824 ὅτι
1703 2765 1919 2838 σύνηθες
1955 2759 2018 2840 ἦν
2059 2767 2118 2826 τὸ

548 2849 883 2929 ἰπιλὲγειν
900 2896 917 2923 ,
941 2851 1096 2910 δπότε
1140 2852 1401 2910 ἔπαινοῖέν
1433 2876 1484 2910 τι
1520 2851 1555 2924 ἢ
1584 2856 1998 2933 συνομολογοῒεν.
2027 2857 2118 2914 καὶ

548 2941 621 2999 Ε.
650 2940 722 2997 K.
751 2937 842 2996 καὶ
888 2942 942 2998 ἐν
988 2940 1095 3007 τοῖς
1132 2940 1357 3019 πρόσθεν
1399 2942 1591 3001 κεῖται.
1644 2970 1671 2995 ι
1698 2946 1899 3017 Recte,
1949 2948 2114 3021 puto,

546 3028 813 3173 {JsixgdprEL
834 3028 969 3173 1¹:1ae0
1008 3030 1203 3087 retulit
1240 3030 1317 3086 ad
1350 3027 1589 3089 κάλλιστ’
1628 3032 1645 3107 (
1676 3033 1875 3091 ἐπαινῶ
1904 3030 1923 3111 )
1970 3036 2118 3093 Rau.

1284 3228 1379 3289 31.

626 3355 831 3415 Pollux
871 3376 967 3432 10,
1008 3376 1087 3434 90
1113 3376 1129 3418 t
1162 3358 1343 3438 ῥητέον
1380 3358 1428 3417 δ’
1455 3358 1583 3417 αὐτὸ
1608 3358 1699 3417 καὶ
1724 3358 2116 3439 χειρόνιπτρον,

548 3442 836 3513 Εὐπόλιδος
882 3442 1115 3513 εἰπόντος
1155 3448 1209 3504 ἐν
1256 3450 1353 3519 Κ.,
1390 3474 1417 3499 ι
1444 3448 1742 3526 Φροῧδον
1781 3446 1856 3505 τὸ
1897 3442 2118 3526 χειρό-

548 3553 697 3589 νιπτ
713 3554 849 3612 ρον.
880 3558 905 3586 υ
934 3534 1097 3591 Idem
1126 3534 1183 3606 6,
1212 3554 1311 3610 92,
1331 3536 1433 3591 ubi
1452 3554 1546 3610 ap.
1574 3537 1892 3592 Bekkerum
1913 3532 2116 3613 χερό-

545 3640 838 3701 νιπτρον.
873 3622 1039 3679 Conf.
1072 3622 1277 3698 fragru.
1308 3624 1423 3682 inc.
1451 3630 1525 3691 44
1556 3635 1614 3681 et
1634 3622 1727 3681 53.

1062 3758 1167 3818 xl.
1216 3759 1597 3823 ΛΑΚΩΝΕΣ.

630 3896 933 3951 Erotianus
952 3898 1097 3955 Lex.
1127 3872 1409 3971 Hippocr.
1440 3918 1500 3973 p.
1540 3898 1678 3969 246,
1710 3893 2070 3955 Μυττωτόν
2097 3914 2112 3953 2

548 3985 597 4043 οἱ
626 3980 723 4057 μὲν
740 3980 966 4040 Ἀττικοὶ
988 3981 1295 4062 ὑπότριμμά
1317 4008 1367 4043 τι
1392 3982 1525 4061 μετὰ
1560 3983 1809 4062 σκορόδου
1845 3982 2114 4061 γινόμενον

548 4068 803 4217 λέγιίυσιν·
837 4074 903 4130 Ε.
938 4068 994 4128 δὲ
1035 4071 1089 4128 ἕν
1132 4070 1354 4131 Λάκωσι
1401 4071 1462 4130 τὸ
1504 4070 1657 4150 (τὸν)
1705 4070 1907 4149 ἄμυλον
1947 4069 2114 4149 λέγων

546 4180 655 4239 φησ

644 4290 738 4360 Τὰ
772 4293 1047 4387 σκευάρια
1073 4294 1395 4385 μυττωτὸν
1441 4291 1717 4367 ἐποίησεν
1755 4295 1966 4360 πολύν.

546 4432 709 4487 Libri
726 4428 793 4487 τὰ
812 4430 1017 4509 συκάρι*
1044 4428 1261 4500 ἐποίησε
1282 4453 1343 4507 μ.
1364 4452 1423 4488 π.
1444 4431 1557 4489 Sed
1577 4434 1857 4508 interpres
1874 4434 2113 4489 latinus:

546 4520 782 4573 vascula
794 4517 1063 4591 fecerunt
1087 4521 1323 4573 multum
1363 4516 1651 4591 μυττωτόν.
1692 4545 1717 4570 ιι
1744 4521 1909 4597 Legit
1940 4522 2116 4596 igitur

552 4604 827 4685 σκευάρια.
873 4606 1196 4664 Lobeckius
1238 4608 1459 4667 Pathol.
1504 4626 1566 4682 p.
1603 4608 1742 4684 391,
1788 4606 1857 4664 τὰ
1899 4605 2116 4687 φυτάρι’

546 4694 812 4765 ἐξεποίησε
836 4716 893 4765 μ..
918 4716 976 4755 π.
1002 4698 1267 4753 Ceterum
1288 4698 1481 4753 nescio
1509 4714 1583 4752 an
1608 4698 1878 4772 Eupolidi
1902 4696 2114 4752 Eubuli

544 4801 759 4839 nomen
794 4782 1253 4841 substituendum
1278 4786 1372 4856 sit,
1415 4784 1503 4857 cuj
1512 4804 1577 4841 us
1614 4788 1865 4843 Lacones
1899 4787 2106 4862 passim

546 4867 868 4925 laudantur.
905 4894 930 4919 n
960 4872 1011 4925 E
1032 4872 1114 4926 M.

1532 412 1948 474 COMOEDIAE
1991 413 2313 475 VETEms
2357 415 2775 490 RELIQUIAE.

2703 547 2833 606 ΧΠ.
2879 546 3247 607 ΜΑΡΙΚΑΣ.

2288 699 2314 725 ι
2347 674 2594 732 Celebris
2614 677 2813 734 itidem
2833 678 3142 751 multisque
3159 677 3508 752 scriptoribus
3523 698 3688 736 memo·

2201 772 2328 816 rata
2355 772 2438 818 est
2475 762 2671 820 sabula
2695 763 2948 841 Μαρικᾶς
2983 765 3274 839 inscripta,
3305 784 3414 838 quo
3447 767 3688 839 Hyperbo-

2203 850 2344 920 lum,
2363 851 2824 908 turbulentissimi
2837 852 3132 907 hominem
3145 854 3370 927 ingenii,
3386 853 3452 908 ab
3470 855 3687 928 Eupolide

2204 935 2580 1008 significatum
2607 957 2722 994 esse
2751 937 2958 995 diserte
2979 949 3255 995 testantur
3290 941 3552 1015 Aristoph.
3575 943 3684 1000 Nub.

2209 1019 2774 1099 547seqq.,Quintil.
2797 1045 2822 1081 1
2837 1070 2854 1096 ,
2876 1044 2971 1100 10,
2995 1025 3089 1095 18,
3107 1026 3285 1084 schol.
3299 1029 3438 1082 Ran.
3457 1025 3688 1102 577‚aliis-

2206 1128 2319 1184 que
2329 1111 2489 1170 locis.
2502 1115 2726 1169 Nomen
2735 1110 3050 1168 barbarum
3069 1115 3392 1189 (Persicmnt
3403 1133 3454 1173 v.
3467 1116 3680 1172 Bernard.

2207 1199 2284 1254 ad
2329 1201 2570 1275 Hesych.
2595 1201 2615 1277 )
2655 1203 2902 1275 Hesych.
2943 1203 3263 1280 Μαρικᾶν
3289 1222 3304 1258 =
3335 1199 3556 1272 κίναιδον,
3585 1204 3622 1258 οἱ
3649 1201 3688 1257 δὲ

2207 1284 2533 1364 ὑποκόρισμα
2547 1285 2760 1345 παιδίου
2779 1285 2988 1366 ἄρρενος
3004 1287 3339 1368 βαρὸαρικόν.
3358 1291 3441 1345 Sic
3449 1291 3594 1346 Mein.
3607 1309 3685 1364 pro

2211 1371 2557 1451 βαρὸαρικοῧ.
2601 1374 2762 1452 (Non
2783 1377 2976 1452 inepte
2997 1379 3404 1452 comparaveris
3418 1395 3588 1432 vocem
3617 1398 3688 1450 μι-

2209 1460 2354 1541 ρίχη,
2385 1482 2498 1537 qua
2530 1461 2590 1520 τὸ
2613 1464 2707 1532 τῆς
2727 1461 2968 1538 γυναικὸς
2997 1462 3178 1543 μόριον
3199 1464 3426 1521 indicari
3450 1475 3614 1520 auctor
3629 1473 3688 1518 est

2207 1552 2597 1626 Tbeognostus
2635 1551 2816 1610 Bekk.
2867 1553 3088 1610 Anecd.
3116 1571 3178 1628 p.
3233 1549 3428 1628 1396.)
3463 1549 3688 1609 Genitivus

2211 1638 2458 1716 Μαρικοῢ
2485 1649 2667 1695 exstat
2691 1640 2752 1694 in
2788 1639 3012 1696 scholio
3049 1639 3126 1696 ad
3149 1639 3298 1696 Nub.
3329 1637 3461 1710 545,
3485 1639 3688 1714 Μαρικᾶν·

2211 1747 2295 1790 τος
2311 1745 2406 1800 ap.
2433 1727 2620 1784 Crem.
2652 1726 2870 1783 Anecd.
2896 1727 3088 1785 Oxou.
3127 1733 3186 1796 [1,
3214 1746 3275 1801 p-
3311 1725 3437 1797 335,
3465 1724 3526 1780 32
3549 1722 3628 1782 :vi
3649 1723 3686 1779 δὲ

2212 1811 2461 1891 Μαρικὰς
2481 1814 2556 1887 (l.
2579 1812 2746 1891 -κᾶς)
2775 1814 3120 1891 Μαρικᾶντος
3131 1812 3412 1870 πέπλεκται
3433 1812 3598 1888 (scrib.
3617 1811 3686 1864 πὶ·

2207 1901 2459 1959 πλασται.
2489 1902 2657 1958 Both.
2684 1900 2728 1978 ),
2751 1898 2888 1958 ἀλλὰ
2916 1900 3009 1959 καὶ
3035 1897 3398 1964 ἰσοσυλλιι’61ιι1ς’·Ι
3412 1901 3684 1956 accusativus

2210 1989 2526 2066 Μαρικᾶντα
2559 2008 2670 2064 pro
2699 1991 2948 2068 Μαρικᾶν
2977 1990 3139 2065 apud
3183 1988 3536 2045 Herodianum
3568 1989 3680 2042 Eust.

2209 2077 2283 2132 ad
2311 2077 2478 2137 Iliad.
2502 2096 2566 2151 p.
2597 2078 2736 2147 300,
2764 2097 2860 2136 22.
2883 2109 2965 2121 -
2995 2077 3142 2134 Acta
3159 2077 3342 2133 fabula
3353 2075 3610 2132 secundum
3629 2075 3683 2128 di·

2209 2165 2479 2221 dascalias
2510 2165 2602 2239 (v.
2626 2167 2808 2225 schol.
2831 2166 2906 2222 ad
2936 2167 3091 2226 Nub.
3115 2162 3265 2242 549)
3289 2184 3427 2220 anno
3441 2165 3578 2219 tertio
3596 2171 3682 2236 post

2205 2254 2422 2328 primas
2445 2253 2664 2324 Nubes,
2698 2253 2754 2310 h.
2779 2272 2834 2312 e.
2866 2254 3082 2328 olymp.
3117 2253 3214 2328 89,
3245 2259 3276 2318 4
3305 2252 3453 2328 (ante
3472 2251 3579 2308 Chr.
3597 2259 3680 2304 nat.

2210 2340 2387 2417 420).
2411 2341 2699 2416 Aristoph.
2723 2342 2855 2398 loco
2875 2343 2975 2397 illo
3001 2342 3254 2398 Nubium

2285 2451 2518 2519 Εὔπολις
2542 2449 2638 2528 μὲν
2667 2452 2754 2510 τὸν
2803 2458 3052 2531 Μαρικᾶν
3080 2451 3360 2532 πρώτιστον
3387 2447 3678 2528 παρείλκυσεν,

2293 2538 2580 2620 ἐκστρέψας
2597 2538 2714 2606 τοὺς
2733 2538 3016 2620 ἡμετέρους
3035 2539 3255 2606 Ἱππέας
3275 2537 3420 2604 κακὸς
3441 2537 3597 2604 κακῶς,

2287 2625 2526 2705 προσθεὶς
2549 2628 2694 2706 αὐτῷ
2715 2632 2879 2706 γραῦν
2899 2627 3156 2703 μεθύσην,
3175 2629 3286 2686 κτλ.

2210 2759 2280 2796 ex
2316 2740 2524 2814 quibus
2544 2739 2656 2796 hoc
2686 2751 2840 2796 certe
2879 2740 2954 2796 ad
2989 2740 3304 2817 argumenti
3323 2739 3564 2794 rationem
3591 2730 3676 2786 col-

2209 2829 2366 2902 ligas,
2399 2838 2464 2883 ut
2485 2829 2755 2884 Cleonem
2772 2829 2846 2884 ab
2866 2829 3246 2904 Aristophane
3259 2869 3274 2896 ,
3297 2828 3370 2882 sic
3395 2825 3494 2880 fere
3517 2824 3676 2893 Hyper·

2209 2916 2408 2972 bolum
2426 2916 2500 2972 ab
2529 2914 2808 2991 Eupolide
2833 2918 3066 2973 irrisum
3091 2916 3274 2974 fiiisse.
3303 2919 3443 2972 Anus
3463 2913 3546 2967 ista
3567 2905 3678 2963 ebria

2210 3004 2316 3059 suit
2337 3003 2656 3079 Hyperboli
2674 3014 2880 3077 mater,
2911 3024 3090 3079 quam
3120 3005 3212 3061 hic
3240 3002 3510 3060 cordacem
3525 2996 3676 3051 salun-

2199 3102 2310 3146 tem
2323 3090 2626 3147 induxerat
2645 3092 2875 3149 ridiculi
2902 3110 3096 3151 causa.
3127 3116 3154 3143 ν
3187 3094 3238 3148 Ε
3251 3094 3336 3149 Μ.

2975 3224 3025 3263 1.

2291 3318 2485 3375 Schol.
2511 3318 2760 3392 AEschyli
2786 3320 2940 3377 Pers.
2979 3318 3083 3388 64,
3105 3316 3202 3388 65,
3232 3310 3574 3389 Πεπέρακιν
3601 3300 3675 3377 μὲν

2213 3402 2241 3461 ὁ
2281 3400 2734 3479 περσέπτολις
2778 3400 2904 3474 ἤδη
2950 3402 3297 3482 βασίλειος
3336 3390 3579 3475 στρατὸς
3611 3388 3676 3481 ti}

2213 3488 2569 3569 ἀντίπορον
2615 3489 2888 3569 γείτονα
2936 3490 3158 3570 χώραν
3197 3491 3394 3549 τταῧτα
3429 3479 3476 3539 δὲ
3495 3474 3676 3553 κωμῳδεῑ

2213 3580 2278 3641 Ε.
2305 3579 2356 3635 ἐν
2390 3580 2626 3659 Μαρικᾷ,

2307 3694 2646 3786 Πεπέρακεν
2681 3694 2788 3785 μὲν
2815 3698 2848 3759 ὁ
2879 3696 3277 3786 περσέπτολις
3307 3680 3414 3761 ἤδη
3443 3680 3668 3770 Μαρικᾶς·

2217 3846 2240 3872 α
2274 3822 2448 3879 Chori
2485 3823 2660 3879 verba
2698 3820 3028 3897 gaudentis,
3075 3816 3446 3895 Hyperbolum
3479 3826 3506 3863 a
3537 3816 3674 3859 nescio

2209 3928 2324 3984 qua
2346 3909 2712 3985 expeditione
2733 3928 3019 3967 reversum
3045 3926 3176 3965 esse.
3195 3931 3222 3956 ιι
3240 3907 3290 3961 Ε
3306 3904 3386 3959 Μ.

2966 4037 3020 4074 2.

2287 4130 2522 4203 Quintil.
2541 4132 2750 4186 Institt.
2775 4148 2864 4188 or.
2894 4150 2947 4200 1,
2987 4149 3078 4201 10,
3109 4128 3205 4185 18:
3226 4116 3674 4211 Emdenputriafque

2211 4221 2294 4270 1·θί
2331 4218 2750 4291 (grammaticae
2784 4230 2841 4273 et
2865 4216 3122 4287 musicae)
3155 4196 3670 4291 eroeceptoressms-*m

2212 4322 2336 4357 cum
2357 4304 2616 4378 Sophron
2645 4307 2954 4376 aetenam..
2967 4348 2981 4361 .
3015 4318 3128 4361 tum
3157 4300 3388 4375 Eupolis,
3415 4287 3548 4365 apud
3562 4294 3673 4383 quem

2213 4390 2518 4446 Prodamus
2539 4404 2598 4446 et
2622 4396 2862 4447 musicen
2888 4405 2946 4447 et
2970 4394 3184 4448 litteras
3209 4390 3376 4451 docet,
3402 4392 3452 4435 et
3465 4376 3674 4457 Mamas.

2208 4484 2304 4551 qui
2330 4492 2416 4534 est
2449 4482 2819 4553 Hyperbolus,
2866 4480 3018 4535 nihil
3046 4500 3104 4535 se
3129 4498 3202 4533 ea:
3237 4474 3436 4530 musicis
3458 4466 3573 4517 scin:
3597 4468 3670 4507 rw!

2207 4569 2420 4621 litteras
2437 4568 2743 4633 confitetur,
2777 4588 2807 4623 t(
2825 4568 3115 4624 Derivavit
3133 4567 3244 4620 haec
3263 4564 3322 4619 Ε.
3345 4576 3404 4615 ex
3423 4541 3672 4617 Aristopha-

2206 4653 2292 4707 nis
2313 4654 2417 4726 Eq.
2447 4652 2580 4724 188,
2612 4652 2743 4740 189.
2780 4672 2808 4709 n
2836 4654 2886 4709 E
2908 4654 3003 4713 M.

2966 4760 3019 4817 3.

2287 4869 2478 4928 Schol.
2523 4871 2662 4927 Plat.
2695 4872 2935 4928 Bekker.
2987 4891 3048 4947 p.
3085 4870 3194 4943 379
3236 4886 3249 4920 :
3295 4858 3507 4919 τάττεται
3529 4842 3572 4902 δὲ
3604 4828 3670 4917 (¹3⁰

1886 4946 3668 4997 ffi—-ae-aej„

552 5145 808 5201 Ablatum
836 5153 919 5203 est
942 5145 1189 5203 mantile.
1291 5067 1378 5121 δι’

2810 5038 3150 5093 ΜΑΒΙΟΑΕ.

2973 5148 3020 5197 1.

2163 5238 2169 5245 ·
2209 5225 2514 5282 Penctravit
2544 5224 2764 5297 quidem
2787 5226 2901 5298 jam
2941 5226 3154 5283 urbium
3199 5220 3412 5276 vastator
3435 5206 3659 5261 Maricas.-
