3809 5850
1571 369 1583 385 '
1622 375 1887 434 ANONY
1898 373 2200 434 MORUM.

272 510 430 577 κτοὺς
457 508 749 588 ὁμωνύμως
776 505 1205 580 Ἐξηκὲστους
1237 505 1435 582 ἔλεγον.
1472 503 1841 576 Ἐξηκεστι-

276 598 595 659 δαλκίδαι
627 616 642 655 z
680 594 879 674 οἱπερὶ
920 594 1007 652 τὸν
1056 591 1430 664 Ἐξηκεστίδην
1471 591 1562 649 καὶ
1610 591 1847 662 Ἀλκίδην

275 686 397 754 τοὺς
432 681 771 764 κιθαρῳδούς.
812 710 837 734 ι
868 686 954 739 De
986 683 1177 738 Alcaeo
1215 680 1529 738 eitharoedo
1562 680 1677 737 dixi
1707 681 1846 738 Hist.

276 777 411 835 crit.
458 795 517 850 p.
554 775 685 844 340,
707 784 764 829 et
790 772 864 828 ad
891 770 1185 846 Eupolidis
1207 769 1417 845 Xpuoo‘ii
1456 764 1646 833 Γένους
1676 768 1745 827 fr.
1778 769 1849 840 ὃς

276 863 353 920 de
366 859 697 918 Execestide
717 857 988 933 Bergkius
1002 857 1418 930 Commentt.p.
1448 855 1583 926 373.
1610 857 1677 912 ln
1697 853 1848 926 Ἐξη-

277 946 675 1006 κεστιδαλκίδαι
704 945 1104 1022 patronymica
1144 942 1329 1000 forma
1367 945 1591 999 nonnisi
1628 943 1702 1000 ad
1734 947 1853 1020 pri-

274 1055 433 1092 mam
478 1036 727 1090 nominis
774 1044 999 1109 partem
1051 1033 1339 1107 pertinere
1396 1030 1625 1087 videtur
1674 1051 1687 1084 z
1735 1049 1853 1088 non

276 1126 571 1199 corrigam
606 1124 782 1196 igitur
819 1139 949 1176 cum
988 1119 1233 1193 Bergkio
1276 1116 1846 1188 Ἐξηκεστιδαλκεῖδαι.

274 1215 394 1269 Pro
423 1208 663 1282 Ἀλκίδην
684 1219 873 1266 autem
896 1207 1257 1264 scribendum
1277 1207 1506 1265 videtur
1524 1205 1780 1267 Ἀλκαῖον.
1820 1233 1845 1260 υ

274 1301 459 1357 Mein.

1013 1390 1145 1448 128.

356 1506 544 1579 Idem,
587 1500 863 1576 Ἐξωμίς
915 1523 928 1556 :
978 1498 1143 1578 χιτὼν
1190 1501 1321 1577 ὁμοῦ
1360 1499 1449 1558 καὶ
1477 1499 1713 1575 ἱμάτιον·
1756 1501 1850 1572 τὴν

273 1589 381 1673 γὰρ
410 1589 657 1670 ἑκατέρου
679 1587 861 1670 χρείαν
890 1596 1168 1668 παρεῖχεν.
1193 1588 1283 1646 καὶ
1308 1593 1528 1668 χιτῶνος
1552 1589 1649 1662 μὲν
1678 1588 1765 1650 διὰ
1791 1590 1852 1649 τὸ

274 1680 594 1749 ζώννυσθαι,
618 1676 833 1754 ἱματίου
858 1677 943 1750 δὲ,
972 1675 1054 1735 ὅτι
1077 1676 1135 1735 τὸ
1168 1675 1343 1758 ἕτερον
1381 1676 1535 1758 μέρος
1562 1677 1851 1758 περιεὸάλ-

190 1818 202 1826 .
273 1769 419 1826 λετο.
445 1769 575 1845 παρ’
610 1765 639 1823 8
668 1765 761 1825 καὶ
799 1769 845 1823 οἱ
880 1765 1107 1842 κωμικοὶ
1134 1765 1219 1824 ὁτὲ
1271 1763 1367 1842 μὲν
1397 1765 1647 1844 ἔνδυθι,
1678 1766 1761 1826 ὁτὲ
1796 1764 1850 1827 δὲ

274 1851 666 1934 περιὸαλοῦ.

1007 1979 1029 2016 1
1042 1979 1135 2035 29.

362 2072 637 2147 Hesych.,
676 2067 1055 2148 Ἐπικάρσιαε
1104 2069 1461 2151 ἰπικάρσια
1508 2070 1580 2142 δὴ
1622 2093 1851 2151 προπε-

276 2163 556 2235 σοῒιμαι,
586 2157 818 2236 πλάγια,
849 2158 909 2216 οὗ
932 2159 1051 2217 κατ’
1082 2159 1303 2230 εὐθεῖαν,
1328 2159 1608 2240 φερόμενα.
1646 2187 1671 2213 α
1702 2163 1848 2224 cod.

276 2250 714 2324 προσπεσοῦμαι,
751 2245 912 2322 quod
953 2257 1109 2302 recte
1154 2247 1515 2306 emendatum
1566 2249 1791 2307 videtur
1834 2271 1849 2306 :

276 2338 374 2391 vix
398 2337 549 2392 enim
574 2335 813 2391 dubium
836 2345 921 2390 est
942 2335 1080 2408 quin
1123 2353 1315 2390 versus
1358 2337 1433 2391 sit
1454 2337 1848 2411 paroemiacus.

278 2420 603 2500 Ἐπικάρσια
631 2422 892 2482 adverbii
918 2423 1039 2478 vim
1059 2423 1311 2492 obtinet,
1340 2435 1407 2478 ut
1432 2419 1691 2496 ἰπιδέξια,
1722 2425 1847 2482 ἐπα-

278 2507 525 2590 ρίστερα,
576 2523 687 2568 etc.
738 2512 848 2566 Pro
890 2509 1157 2587 φερόμενα
1210 2511 1441 2567 fortasse
1481 2511 1777 2589 φερόμενος.
1821 2538 1845 2564 υ

278 2601 457 2656 Mein.

924 2689 947 2710 *
986 2691 1110 2750 130.
1152 2711 1205 2746 a.

359 2805 519 2862 Idem
538 2847 555 2874 ,
588 2802 924 2881 Ἠρινοτόκου
956 2821 970 2862 :
1005 2802 1112 2860 ἀπὸ
1140 2804 1243 2860 τῶν
1284 2803 1541 2880 ποιμνίων
1582 2807 1684 2862 τῶν
1733 2808 1849 2864 κατ’

278 2894 374 2974 ἔαρ
411 2890 598 2973 φόρους
636 2890 940 2953 τελούντων.
980 2916 1003 2943 «ι
1039 2891 1181 2951 cod.
1230 2893 1333 2949 τῶν
1379 2890 1721 2973 κατεοφόρους
1763 2917 1842 2953 τε-

276 2981 511 3040 λούντων
553 2978 702 3059 ἔαρι,
735 3000 859 3055 quae
902 2982 1141 3055 pessime
1168 2982 1537 3057 interpolavit
1573 2985 1849 3045 Musurus.

276 3068 541 3146 photius,
564 3068 781 3146 Ἠρινοῢ
808 3066 963 3126 τόκου
997 3088 1009 3122 :
1034 3067 1145 3125 ἐπεὶ
1172 3066 1324 3147 ἔαρος
1350 3070 1398 3126 οἱ
1420 3066 1567 3149 φόροι
1591 3068 1844 3149 ἐφέροντο·

276 3159 380 3215 ubi
409 3177 517 3233 pro
542 3154 691 3215 τόκου
729 3168 916 3226 recte,
943 3166 1009 3212 ut
1028 3156 1273 3228 videtur,
1306 3158 1580 3216 Dobraeus
1616 3160 1762 3219 Λᾶν.
1796 3182 1847 3231 ι,

276 3266 338 3321 p.
370 3246 506 3321 593,
528 3243 715 3305 πόκου.
745 3245 1012 3318 Hesychii
1040 3244 1219 3320 glossa
1237 3246 1575 3301 ita.videtur
1603 3248 1849 3306 redinte-

276 3335 528 3409 granda,
562 3330 828 3410 Ἧρινοῢ
854 3328 1049 3389 τόκου
1090 3352 1103 3387 :
1138 3329 1243 3389 ἀπὸ
1286 3332 1390 3389 τῶν
1418 3326 1695 3409 ποιμνίων,
1740 3340 1845 3395 τῶν

278 3416 577 3499 συμμάχων
600 3416 719 3477 κατ’
740 3415 855 3483 ἔτος
878 3416 1066 3496 φόρους
1088 3416 1374 3478 τελούντων
1405 3420 1535 3499 ἔαρι.
1571 3448 1594 3471 ι)
1625 3426 1801 3480 Mein.

917 3530 941 3553 '¹
974 3532 1102 3589 130.
1149 3534 1210 3591 b.

358 3642 553 3711 Idem,
588 3639 763 3719 Ἠχὼ
802 3640 1127 3719 πετραίαν
1153 3616 1595 3722 χυτρ’όπωλιν.
1633 3644 1771 3722 λέγει
1796 3646 1849 3705 δὲ

276 3727 371 3798 τὴν
398 3727 650 3804 Αἴγιναν,
696 3728 876 3798 ἐπειδὴ
915 3730 1027 3787 ἐκεῖ
1068 3727 1307 3807 ὄστρακα
1352 3731 1523 3789 πολλά
1562 3733 1693 3791 ἐστι.
1720 3760 1745 3783 ι
1767 3737 1849 3791 Ita

274 3820 429 3875 enim
460 3819 699 3892 corrigit
734 3819 1013 3875 Miillerus
1058 3820 1201 3876 Dor.
1242 3837 1298 3889 α,
1340 3838 1402 3893 p.
1446 3818 1591 3893 545,
1634 3821 1848 3878 editum

276 3902 609 3986 χυτρόπωλιν
632 3903 797 3981 λέγει.
827 3905 875 3964 οἱ
908 3903 961 3964 δὲ
991 3902 1086 3975 τὴν
1118 3902 1361 3982 Αἴγιναν.
1390 3904 1622 3963 photius
1640 3950 1657 3979 ,
1698 3908 1849 3988 Ἠχὼ

276 3990 505 4071 πετραία
532 4010 549 4050 :
588 3989 799 4069 Αἴγινα.
844 3991 1027 4062 ἐπειδὴ
1060 3991 1333 4070 πετρώδης
1368 3992 1516 4067 ἐστὶ,
1554 3993 1647 4051 καὶ
1680 3996 1849 4054 πολλὰ

278 4080 391 4157 ἔχει
426 4080 680 4157 κεράμια.
728 4082 877 4137 Nota
926 4093 1057 4139 sunt
1087 4083 1477 4157 AEginetarum
1510 4080 1743 4155 fictilia,
1778 4086 1850 4142 de

278 4168 493 4241 quihus
520 4168 593 4226 ef.
627 4167 933 4226 Miillerum
968 4170 1166 4245 ‘AEgin.
1210 4189 1271 4245 p.
1319 4189 1413 4243 79.
1449 4173 1702 4247 Respicit
1728 4176 1852 4229 Pol-

276 4256 377 4309 qu
432 4274 489 4325 7,
528 4273 634 4329 ¹97
682 4275 696 4313 ε
737 4253 834 4325 τὴν
884 4253 939 4313 δὲ
983 4254 1205 4335 Αἴγιναν
1239 4255 1567 4334 χυτρόπωλιν
1607 4258 1845 4319 ἐκάλουν.

278 4350 559 4419 Apertum
604 4354 711 4413 est,
757 4340 933 4401 rideri
985 4364 1021 4400 a
1067 4346 1293 4403 comico
1335 4358 1509 4423 poeta
1554 4348 1813 4425 AEgiuam
1831 4393 1848 4419 ,

280 4449 451 4505 quam
483 4431 623 4487 nihil
646 4450 761 4489 esse
791 4433 931 4490 dicit
950 4434 1057 4489 nisi
1087 4440 1226 4491 cocis
1254 4440 1580 4507 Imaginem,
1620 4450 1679 4491 et
1703 4440 1852 4493 olla-

276 4540 400 4575 rum
437 4520 750 4579 tabernam.
810 4520 1011 4579 Haereo
1042 4523 1101 4578 in
1146 4520 1501 4600 χυτρόπωλιν,
1548 4526 1706 4600 quod
1748 4546 1850 4583 nec

278 4610 524 4685 primam
556 4610 825 4683 syllabam
866 4623 1021 4667 recte
1050 4612 1349 4688 producit,
1395 4622 1451 4668 et
1482 4613 1850 4692 χυτροπώλιδα

280 4698 587 4755 dicendum
602 4709 737 4756 erat.
759 4702 961 4774 Itaque
978 4702 1169 4757 nescio
1195 4719 1267 4757 an
1288 4698 1604 4778 χυτρόπολιν
1624 4702 1851 4781 (Scher-

278 4786 569 4863 benstadt)
630 4788 997 4844 scribendum
1050 4790 1152 4858 sit,
1204 4790 1298 4843 cui
1354 4790 1694 4863 conjecturae
1734 4812 1850 4848 non

279 4887 592 4951 repugnat,
624 4876 723 4950 qui
761 4876 950 4932 obiter
970 4876 1162 4932 locum
1194 4878 1509 4952 inspicienti
1540 4897 1853 4955 repugnare

280 4964 507 5021 videtur
529 4965 747 5023 Pollux.
782 4990 807 5015 ι»
836 4968 1011 5023 Mein.

967 5077 1097 5135 131.
1132 5095 1185 5135 a.

364 5190 545 5261 Idem,
575 5188 915 5270 Θεόδωρος
953 5212 967 5247 z
998 5190 1303 5271 Θεόδωρους
1338 5189 1515 5269 ἔλεγον
1538 5194 1585 5249 οἱ
1630 5193 1851 5269 κωμικοὶ

494 5304 783 5343 rane-ann
811 5306 1087 5344 οοκιουιιυιι
1118 5306 1197 5344 cn.

3393 383 3502 434 7³7

1941 503 2058 571 τοὺς
2091 503 2388 584 πρωκτοὺς,
2417 503 2520 562 ἀπὸ
2551 502 2828 582 Θεοδώρου
2859 503 2990 569 τινὀς
3017 506 3110 562 οὐκ
3140 493 3196 561 εὖ
3223 509 3289 583 τῇ
3325 507 3509 564 ἑαυτοῦ

1941 591 2055 670 ὥρα
2112 591 2469 671 χρησαμένου.
2510 618 2534 644 α
2589 596 2674 648 lta
2717 595 2870 650 enim
2909 595 3027 651 haec
3071 594 3308 670 legenda
3357 609 3505 652 sunt.

1942 681 2082 739 Cod.
2113 676 2382 759 πρωτοῦς,
2410 680 2570 754 quod
2591 682 2738 737 male
2764 683 2826 738 in
2853 679 3249 760 εὐρυπρώκτους
3271 687 3512 740 mutavit

1941 771 2224 828 Musurus.
2249 771 2518 830 Similiter
2540 770 2747 824 comici
2768 769 2842 826 ad
2861 773 3138 844 posticam
3157 773 3264 827 viri
3287 783 3509 846 partem

1941 855 2365 931 significandam
2395 859 2479 914 usi
2520 867 2648 912 sunt
2689 859 3015 914 nominibus
3056 861 3506 929 Timesianacti5‚

1943 947 2146 1002 Battali
2159 989 2178 1020 ,
2200 947 2485 1020 Execesti,
2503 945 2844 1001 Aristodemi
2864 986 2881 1015 ,
2901 949 3185 1004 Timar-chi
3202 991 3217 1017 ,
3237 949 3506 1021 quemad·

1943 1033 2178 1090 modum
2217 1033 2390 1090 iidem
2431 1033 2701 1107 pudenda
2730 1034 3032 1090 muliebria
3072 1037 3443 1092 nominabant
3479 1058 3510 1094 a

1947 1122 2290 1192 Phormisio,
2336 1122 2616 1190 Lachne,
2669 1123 2919 1194 Sarabo,
2985 1124 3253 1193 Basilide‚
3311 1127 3470 1182 Sacta
3490 1166 3508 1195 ,

1947 1209 2323 1286 Hippoclide,
2367 1211 2508 1265 aliis.
2558 1213 2645 1268 De
2679 1209 2987 1268 Tbeodoro
3027 1209 3158 1266 vide
3193 1211 3336 1270 Hist.
3379 1214 3505 1273 crit.

1943 1318 2004 1373 p.
2039 1297 2150 1354 523
2187 1317 2349 1372 seqq.
2376 1324 2400 1347 ι·
2425 1299 2602 1357 Mein.

2608 1412 2734 1469 131.
2778 1413 2838 1471 b.

2021 1525 2200 1596 Idem,
2241 1525 2545 1602 Θολερῶς
2572 1521 2923 1601 προὸαίνει
2964 1543 2979 1579 :
3015 1523 3090 1598 μὴ
3122 1524 3508 1602 καθισταμένην

1941 1612 2034 1670 καὶ
2063 1613 2276 1690 ἀσφαλῆ
2303 1609 2519 1689 πορείαν
2553 1609 2713 1689 ἔχων,
2741 1612 2858 1668 ἀλλ’
2895 1611 3138 1678 ἀστάτως
3173 1611 3260 1670 καὶ
3289 1635 3506 1693 τεταρα-

1943 1697 2146 1779 γμένως
2181 1698 2398 1779 προϊών.
2443 1699 2654 1757 Eadem
2705 1703 2950 1776 Etymol.
2999 1699 3076 1760 Μ.
3129 1711 3186 1757 ει
3227 1705 3511 1760 Zenobius

1946 1797 2004 1859 4,
2033 1789 2129 1846 3ι.

2643 1903 2773 1959 132.

2024 2019 2215 2088 Idem,
2247 2013 2555 2086 Ἰταλιώτης
2589 2037 2602 2069 z

2041 2127 2192 2200 Οὐδ’
2233 2128 2566 2206 ἰταλιώτης
2592 2183 2610 2215 ,
2639 2123 2769 2196 οὐδ’
2803 2125 3041 2209 ἀλαζὼν
3075 2120 3380 2222 οὐδαμῶς.

1945 2259 2057 2318 ἐπεὶ
2084 2260 2133 2318 οἱ
2175 2256 2528 2339 Πυθαγορικοὶ
2559 2259 2611 2315 ἐν
2639 2255 2846 2336 Ἰταλία
2887 2255 3174 2332 διίτριὸον,
3204 2255 3324 2317 ἔνθα
3353 2256 3510 2339 φασὶν

1945 2348 2132 2416 αὐτοὺς
2159 2350 2566 2426 ἕμπυρισθῆναι.
2610 2375 2632 2396 ιι
2665 2351 2866 2422 Itaque
2907 2345 3218 2416 Ἰταλιώτης
3256 2349 3328 2404 de
3361 2368 3508 2404 vano

1938 2439 2214 2512 jactatore
2271 2438 2416 2495 dixit
2469 2437 2722 2493 comicus
2765 2453 2800 2492 a
2843 2431 3229 2512 Pythagoreis.
3278 2437 3512 2493 Photius

1944 2545 2005 2604 p.
2051 2546 2181 2597 117,
2216 2535 2318 2600 14,
2357 2522 2663 2594 Ἰταλιώδης
2706 2521 2847 2602 (sie)
2877 2543 2891 2582 :
2927 2525 2954 2579 δ
2989 2521 3220 2594 ἀλαζὼν,
3265 2523 3368 2582 ἀπὸ
3404 2527 3507 2582 τῶν

1949 2615 2344 2692 Πυθαγορικῶν.
2370 2611 2456 2670 διὰ
2480 2610 2574 2683 τὴν
2602 2609 2835 2690 Σύὸαριν
2859 2614 2888 2670 ὁ
2914 2610 3122 2689 λάγνος.
3143 2613 3304 2670 Idem
3322 2656 3338 2683 ‚
3369 2612 3508 2672 Ἰτα-

1943 2701 2132 2772 λιώτης
2162 2723 2174 2756 ;
2213 2699 2582 2780 Πυθαγόρειος.
2617 2699 2726 2757 ἐκεῖ
2753 2697 2856 2778 γὰρ
2883 2697 3157 2778 διέτριὸον.
3191 2727 3214 2750 υ
3249 2703 3427 2760 Mem.

2683 2814 2812 2873 133.

2024 2930 2202 3002 Idem,
2247 2927 2702 3003 Καλλιώνυμος
2735 2948 2747 2983 :
2783 2914 2919 2995 εἶδος
2953 2925 3143 3005 ἰχθύος.
3189 2928 3508 3008 μεταφέρον-

1941 3038 2024 3083 τες
2051 3016 2108 3075 δὲ
2137 3039 2270 3083 τινες
2299 3016 2394 3087 τὴν
2423 3014 2562 3083 λε’ξιν
2591 3014 2682 3073 καὶ
2711 3014 2800 3073 ἰπὶ
2839 3020 2930 3074 τοῦ
2960 3014 3154 3075 αἰδοίου
3181 3014 3402 3075 ἔτασσον
3423 3019 3513 3075 ἀν-

1944 3104 2058 3183 δρός
2099 3128 2154 3163 τε
2186 3103 2276 3162 καὶ
2300 3104 2560 3182 γυναικός.
2593 3131 2618 3156 α
2647 3106 2926 3165 Nimirum
2947 3108 3318 3179 callionymus
3345 3110 3512 3181 piscis

1943 3196 2334 3271 appellabatur
2368 3197 2536 3251 etiam
2570 3193 2850 3252 θαλάσσιον
2890 3192 3085 3250 αἰδοῖον
3117 3212 3131 3251 :
3174 3194 3306 3251 hinc
3343 3198 3510 3270 piscis

1942 3302 2150 3341 numen
2174 3284 2424 3341 comicus
2451 3282 2523 3339 ad
2544 3282 2815 3359 pudenda
2845 3284 3144 3341 transtulit.
3167 3308 3192 3333 n
3224 3285 3398 3341 Mein.

2626 3392 2650 3415 ‘¹
2682 3394 2810 3461 134.

2023 3510 2210 3579 Idem,
2254 3502 2662 3585 Κεραμεικὴ
2697 3502 2984 3581 μάστιξι
3029 3503 3118 3563 τὸν
3155 3504 3510 3587 ὀστρακισμὸν

1941 3594 2148 3674 λέγουσι
2165 3641 2180 3667 ,
2205 3596 2438 3672 μάστιγα
2477 3593 2571 3669 μὲν
2599 3590 2683 3651 διὰ
2711 3590 2774 3651 τὸ
2797 3592 3094 3670 βασανίζειν
3126 3594 3243 3662 τοὺς
3269 3597 3512 3673 ὀστρακι·

1941 3682 2180 3758 ζομένους
2208 3682 2300 3740 καὶ
2327 3680 2588 3754 κολάζειν,
2631 3677 2950 3759 κεραμεικὴν
2983 3680 3038 3737 δὲ
3063 3679 3150 3737 διὰ
3183 3681 3242 3739 τὸ
3261 3683 3319 3739 ἐκ
3347 3682 3509 3757 κερά-

1943 3794 2043 3847 μου
2069 3770 2138 3829 t&
2153 3770 2387 3848 ὄστρακα
2408 3760 2564 3828 εἶναι.
2599 3795 2624 3821 α
2650 3770 3030 3827 Scribendum
3049 3773 3224 3847 igitur
3245 3770 3508 3851 κεραμικὴ

1944 3859 2169 3936 μάστιξ,
2199 3880 2324 3937 quae
2362 3860 2540 3917 dictio
2584 3861 2654 3918 de
2699 3878 2870 3936 poena
2911 3863 3223 3918 ostracismi
3265 3866 3510 3938 antiqua

1942 3949 2232 4006 comoediae
2273 3950 2546 4025 scriptore
2590 3949 2906 4024 dignissima
2933 3962 3036 4009 est.
3082 3952 3148 4005 Ei
3179 3952 3358 4009 simile
3389 3966 3463 4009 εει
3489 3992 3508 4021 ,

1943 4038 2104 4112 quod
2144 4038 2344 4095 itidem
2389 4058 2419 4095 ε
2457 4039 2682 4094 comico
2725 4040 2978 4095 enotavit
3013 4038 3278 4109 Photius,
3323 4038 3508 4112 συκίνη

1945 4127 2182 4203 μάχαιρα
2211 4146 2322 4200 pro
2347 4126 2690 4203 συκοφαντία.
2724 4124 2895 4198 Quod
2921 4128 3106 4182 statim
3137 4128 3292 4202 apud
3327 4130 3510 4205 Hesy-

1935 4216 2135 4270 chium
2156 4216 2430 4289 sequitur,
2458 4214 2547 4273 Κε
2561 4235 2590 4291 ρ
2605 4236 2638 4269 α
2656 4210 2730 4285 μί
2743 4234 2814 4271 να
2829 4237 2853 4280 ς
2877 4234 2891 4269 :
2917 4212 3226 4291 δημοσίους,
3249 4228 3308 4272 ει
3329 4218 3511 4293 ipsum

1943 4322 2012 4358 ex
2048 4304 2270 4359 comico
2301 4301 2540 4358 ductum
2569 4301 2820 4373 videtur,
2853 4304 2952 4378 qui
2975 4323 3044 4361 eo
3069 4306 3300 4362 nomine
3324 4318 3514 4363 scorta

1948 4392 2006 4446 in
2034 4392 2328 4448 Ceramico
2361 4391 2677 4465 prestantia
2700 4389 3009 4465 significari
3038 4392 3238 4452 voluit.
3269 4394 3513 4451 Proinde

1943 4481 2302 4538 scribendum
2334 4477 2665 4557 Κεραμεικὰς
2685 4522 2700 4551 ,
2732 4492 2788 4536 et
2807 4480 3081 4554 δημοσίας.
3115 4506 3140 4533 υ
3166 4484 3347 4539 Mein.
3525 4476 3532 4484 ⁸

2669 4590 2794 4647 135.

2023 4707 2219 4776 Idem,
2253 4702 2637 4783 Κεραυνίας
2673 4724 2687 4759 2
2721 4706 2748 4760 ὅ
2776 4703 3248 4782 κεκεραυνωμὲνος.
3305 4730 3329 4753 α
3366 4708 3507 4763 Fre-

1945 4796 2338 4870 quentissimus
2376 4795 2571 4850 talium
2611 4793 3092 4850 substantivorum
3125 4793 3280 4869 apud
3337 4798 3514 4851 comi·

1946 4903 2044 4939 cos
2063 4901 2194 4939 usus
2213 4892 2315 4953 est,
2338 4902 2395 4939 v.
2421 4902 2470 4939 c.
2496 4880 2883 4961 φρονηματίας,
2907 4880 3167 4951 ἠπατίας,
3193 4880 3505 4958 στημονίας,

1949 4968 2331 5048 βαδισματίας,
2360 4982 2467 5029 etc.
2506 4996 2529 5019 ι)
2565 4972 2746 5029 Mein.

2667 5080 2794 5137 136.

2025 5192 2210 5263 Idem,
2256 5192 2301 5251 K
2319 5212 2504 5269 εστρε
2522 5197 2580 5255 ῖς
2615 5212 2625 5245 :
2661 5187 2778 5255 τοὺς
2801 5186 3086 5269 κεχηνότας
3115 5189 3204 5249 καὶ
3232 5194 3514 5256 πεινῶντας

3198 5302 3250 5341 47
