3809 5850
1475 404 1878 468 CRATINUS.

100 551 134 602 si
161 558 295 602 recte
320 540 558 614 conjicio
578 583 594 608 ,
613 540 688 596 de
713 539 872 596 fatuo
901 541 1153 614 quodam
1180 540 1414 596 homine
1436 541 1636 612 etqui,

99 655 252 710 quum
297 635 414 708 ipse
450 630 596 686 nihil
635 629 908 701 jocorum
957 631 1014 684 in
1064 629 1316 685 medium
1379 627 1637 695 afferret,

99 726 310 780 aliorum
342 720 488 792 jocis
517 728 575 774 et
601 718 820 774 facetiis
847 717 1016 772 stulte
1041 714 1340 784 arrideret,
1369 733 1502 770 usus
1519 725 1642 770 erat

97 810 373 886 proverbio
421 807 564 883 Γελᾷ
624 801 1018 882 Μυσικάρφης,
1087 803 1206 858 sive
1271 797 1642 879 Μυσίκαρφος,

99 902 264 968 Ridet,
289 909 346 952 ut
377 893 798 968 Mysicatphes.
829 917 856 942 ν
893 893 944 947 Ε
961 893 1049 950 Μ.
1075 891 1292 946 Eodem
1314 900 1531 965 spectat
1557 891 1643 944 ri·-

99 986 261 1041 dicule
297 982 490 1039 lictum
529 982 872 1039 adverbium
915 974 1238 1056 μυσικαρφὶ,
1285 981 1368 1033 ad
1419 979 1641 1034 modum

97 1073 432 1148 My‘sicatphe'.

813 1201 832 1236 ι
848 1183 902 1240 3.
953 1205 958 1212 ·

133 1308 338 1364 'SchoL
363 1305 758 1380 Aristophanis
796 1307 902 1359 Av.
953 1301 1086 1372 766,
1140 1322 1196 1360 V.
1239 1305 1298 1358 in
1331 1303 1644 1358 Chironum

101 1395 274 1469 fragm.
303 1396 336 1452 8
353 1434 370 1463 ‚
397 1395 470 1451 de
496 1395 572 1471 τῷ
597 1387 837 1450 Πεισίου.

809 1527 904 1586 14.

169 1643 340 1698 Schol.
369 1641 616 1698 Luciani
645 1637 762 1697 vol.
802 1657 855 1707 1,
881 1658 942 1713 p.
981 1645 1089 1705 ¹4²
1113 1678 1131 1707 ,
1158 1637 1232 1694 de
1260 1636 1596 1712 Hyperbolo
1627 1655 1641 1689 t

105 1729 194 1804 149.
225 1730 272 1785 δὲ
301 1731 352 1786 ἐν
375 1725 508 1808 Ὤρ.
545 1717 616 1793 ὣς
654 1723 1028 1805 προσελθόντος
1056 1724 1172 1782 νέου
1213 1726 1289 1803 τῷ
1321 1723 1522 1803 βήματι
1551 1720 1646 1798 μέ-

103 1839 272 1888 μνηται
311 1815 400 1874 καὶ
441 1818 576 1894 παρ’
597 1811 832 1885 ἡλικίαν.
884 1839 908 1864 α
945 1814 1342 1890 Hyperbolum
1388 1815 1479 1872 Cr.
1527 1813 1653 1868 risit

103 1906 246 1960 etiam
267 1907 322 1961 in
346 1905 554 1981 Pytine
581 1903 651 1960 fir.
685 1909 776 1971 εἰ..
805 1925 834 1952 ¹·
865 1903 951 1958 Μ.
1045 1943 1056 1958 .

812 2033 903 2091 15.

171 2155 386 2214 photius
427 2161 572 2215 Lex.
629 2175 694 2234 p.
745 2155 886 2225 312,
925 2155 992 2212 13
1040 2172 1054 2213 ε
1088 2153 1202 2212 ἔστι
1250 2151 1423 2229 μέντοι
1454 2153 1518 2232 (ἡ
1566 2151 1654 2219 Ευ-

105 2243 212 2318 οτὶς)
231 2243 314 2301 καὶ
339 2243 589 2324 τραγικόν
617 2266 668 2302 τι
697 2240 896 2318 ἔνδυμα
918 2239 1054 2300 οὕτω
1073 2237 1419 2317 καλούμενον,
1445 2241 1516 2306 ὣς
1547 2239 1652 2317 Κρ.

108 2327 280 2410 ἔνὮρ.
313 2333 522 2391 Eadem
553 2333 942 2407 Harpocratio
959 2350 1022 2406 p.
1059 2329 1183 2398 134,
1225 2347 1246 2385 1
1268 2349 1316 2385 1.
1345 2329 1497 2387 Plut.
1525 2329 1654 2386 Mo-

105 2421 193 2479 ral.
225 2441 280 2496 p.
307 2420 442 2498 348,
469 2423 543 2492 12,
573 2439 744 2496 agens
787 2421 862 2477 de
895 2417 1172 2495 tragoedia
1202 2434 1216 2476 :
1250 2413 1460 2486 σκευὰς,
1491 2413 1655 2494 πρόσ-

105 2525 242 2579 ωπα,
297 2506 384 2563 καὶ
445 2505 694 2575 ξυστίδας
761 2503 1065 2584 ἇλουργούς.
1140 2505 1344 2561 Schol..
1409 2505 1658 2560 Platonis

105 2594 320 2650 Bckker.
334 2614 392 2670 p.
413 2603 517 2662 402
553 2613 570 2651 t
595 2593 765 2662 ξυστὶς
777 2591 1023 2673 τραγικὸν
1039 2589 1236 2667 ἔνδυμα
1257 2589 1659 2665 ἑσκευοποιημέ-

107 2703 194 2751 νον,
216 2681 302 2738 καὶ
327 2682 439 2761 ἔχον
474 2681 866 2761 ἐπιπόρπημα,
889 2679 922 2738 ὅ
948 2683 1085 2738 ἐστιν
1111 2677 1200 2737 ἐπὶ
1222 2681 1288 2756 τῇ
1319 2677 1497 2758 πόρπῃ
1527 2698 1656 2757 προ-

109 2769 332 2844 ιόομημα
380 2771 606 2850 (minus
643 2769 1030 2847 probabiliter
1066 2769 1200 2825 libri
1230 2765 1653 2844 προσκόσμημα)

111 2854 347 2933 ἢλίθινον,
383 2855 416 2930 ἦ
443 2863 707 2940 χρυσοῦν,
735 2855 771 2929 ἢ
801 2856 1200 2937 ἅργυροῧν.·(ἶί”.
1243 2873 1479 2933 gramm.
1521 2854 1660 2911 Bek-

113 2946 212 3003 keri
243 2951 444 3007 Anecd.
467 2970 529 3027 p.
573 2948 712 3020 284,
743 2954 836 3013 14.
879 2972 902 2997 α
938 2954 1008 3005 At
1035 2946 1347 3019 Hesychius
1377 2946 1657 3000 comicam

113 3046 290 3091 vestem
320 3039 486 3094 fuisse
527 3036 715 3107 dicit,
759 3032 997 3102 ξυστίδας
1030 3055 1044 3093 :
1072 3030 1280 3108 ποδήρη
1314 3031 1578 3105 ἐνδύματα
1623 3028 1660 3103 ἢ

113 3121 330 3196 χλανίδας
361 3124 624 3201 κωμικάς.
659 3126 936 3181 Similiter
972 3124 1212 3179 Timaeus
1250 3124 1386 3177 Lex.
1430 3122 1656 3176 Platon.

111 3228 162 3281 p.
192 3212 290 3267 188
305 3254 322 3281 ,
343 3214 442 3270 sed
457 3226 722 3287 utroque
744 3213 877 3268 loco
900 3209 1270 3267 scribendum
1289 3209 1517 3265 videtur
1535 3229 1660 3285 τρα-

113 3297 258 3366 γικός.
288 3325 309 3347 1·
337 3302 510 3359 Mein.
565 3299 858 3373 Equidem
905 3296 1189 3371 defungar
1223 3294 1527 3351 scribendo
1571 3292 1660 3376 nal

113 3384 341 3459 κωμικὰς,
372 3396 546 3445 etiam
593 3392 874 3456 comicas,
903 3402 1010 3441 nec
1053 3385 1232 3459 magis
1259 3383 1452 3439 tribuo
1491 3384 1650 3439 scho-

115 3472 256 3528 liastae
279 3476 518 3533 Platonis
547 3494 730 3551 quam
752 3474 962 3553 Photio
978 3516 996 3547 ,
1023 3473 1235 3529 dicenti
1260 3468 1369 3527 καὶ
1392 3468 1660 3547 τραγικόν.

115 3562 252 3619 Certe
283 3566 359 3621 sic
395 3567 616 3622 vestitae
662 3562 864 3619 induci
916 3572 1187 3636 poterant
1221 3562 1282 3614 in
1324 3559 1663 3615 comoediam

119 3654 307 3723 tragica
341 3672 606 3726 personae
643 3672 658 3706 :
688 3648 778 3708 καὶ
809 3662 1037 3726 raptum
1066 3649 1238 3704 fuerit
1261 3666 1294 3703 a
1327 3668 1405 3702 κω
1425 3646 1663 3721 syllaba,

116 3752 220 3807 quae
235 3743 502 3814 sequitur.

842 3850 932 3905 16.

137 4042 160 4057 υ
185 3974 445 4049 Hal-poet.
475 3997 540 4052 p.
582 3976 694 4040 164
715 4018 732 4045 ,
778 3974 850 4031 25
885 3996 896 4029 :
939 3972 1162 4038 Ῥυτὰ,
1212 3971 1662 4053 συνεσταλμένως,

125 4056 227 4121 ⁵²30<
249 4062 520 4141 ποτηρίου,
551 4058 903 4137 Δημοσθένης
930 4056 1068 4117 κατὰ
1101 4056 1346 4119 Μειδίου·
1377 4057 1668 4133 ἐκτεταμέ-

121 4164 223 4217 νως,
243 4148 298 4205 τὰ
317 4153 440 4229 παρ’
455 4153 596 4223 ἡμῖν
609 4146 876 4226 λεγόμενα
897 4147 1116 4223 ὁμοίως,
1142 4149 1249 4223 Κρ.
1271 4146 1322 4203 ἐν
1349 4143 1487 4222 “ssp.
1516 4150 1665 4203 Pho-

121 4234 212 4288 fius
237 4256 291 4310 p.
327 4242 472 4315 493,
505 4238 630 4316 95,
657 4235 856 4297 Ῥυτά
895 4258 908 4293 :
943 4234 1180 4310 πήγανα.
1210 4234 1372 4300 οὕτως
1413 4236 1516 4311 Κρ.
1551 4239 1667 4292 He·

121 4323 249 4393 syth,
275 4322 429 4385 Ῥυτά
461 4349 474 4384 :
505 4326 578 4385 τὰ
599 4324 910 4403 στέμφυλα,
933 4324 1024 4382 καὶ
1051 4322 1284 4399 πήγανον
1312 4322 1516 4382 λευκόν.
1541 4326 1670 4381 Hoc

123 4413 264 4483 *algo
275 4416 538 4473 dixerunt
559 4412 828 4495 ῥυτήνΝΠ
843 4413 1040 4471 Valek.
1061 4413 1135 4469 ad
1147 4413 1422 4469 Adoniaz.
1439 4432 1498 4487 p.
1527 4432 1664 4483 220,

125 4518 168 4553 r.
197 4500 358 4573 Igitur
383 4501 540 4585 ῥυτὸν
579 4503 750 4559 brevi
779 4523 810 4556 υ
847 4512 930 4557 est
967 4501 1269 4577 poculum3
1314 4496 1460 4576 ῥυτὰ,
1507 4497 1668 4577 ῥύτη,

121 4588 391 4667 producto,
407 4605 558 4662 ruta,
579 4610 742 4667 germ
755 4630 770 4646 .
787 4592 989 4660 Ratae,
1007 4590 1339 4663 francogall.
1355 4606 1474 4645 me.
1486 4590 1670 4644 Varro

3215 415 3291 468 53

2478 537 2564 595 18.

1809 643 2011 698 Pollux
2056 661 2147 712 10,
2202 649 2279 709 4⁰
2315 661 2329 695 2
2373 637 2433 697 τὸ
2476 637 2714 697 ναυτικὸν
2760 639 3038 719 ὑπηρέσιον
3076 641 3225 724 ἰδίωςἱ
3248 647 3301 700 ἐν

1729 728 1842 796 ταῖς
1858 725 1995 806 Ὥρ.
2020 730 2123 806 Κρ.
2158 755 2183 778 ιι
2202 749 2323 808 προ
2338 749 2499 808 σκεφ
2516 726 2766 802 α’λαιον,
2792 755 2816 781 »
2847 733 2999 788 τοῦτο
3020 729 3094 804 μὴ
3123 733 3299 789 καλεῖ-

1731 819 1852 874 σθαι
1897 815 2242 894 νομιζόντων,
2284 813 2423 874 ἀλλὰ
2474 814 2755 895 ὑπηρέσιον
2804 815 2979 892 μόνον.
3034 821 3193 877 Idem
3244 841 3263 876 ι
3281 860 3296 889 ,

1733 905 1808 963 88
1845 925 1856 957 :
1893 904 1955 960 τὸ
1976 902 2315 978 ὑποκείμενον
2336 910 2445 971 τοῖς
2470 903 2668 982 ἐρέταις
2684 903 2985 983 ὑπηρέσιον.
3010 908 3101 966 Cf.
3118 911 3299 968 schol.

1733 993 1808 1049 ad
1826 993 2007 1049 Thuc.
2034 1011 2093 1062 a,
2116 992 2214 1066 93.
2243 993 2575 1050 Annotavit.
2605 993 2781 1052 Mein.
2818 995 2991 1050 etiam
3018 995 3172 1070 apud
3196 999 3305 1052 He·

1733 1081 1987 1154 sychium
2007 1099 2064 1136 v.
2094 1079 2357 1138 Πανικτὸν
2374 1077 2446 1157 (3³)
2468 1081 2851 1156 Hermippum
2878 1081 3299 1160 προσκεφάλαιον

1736 1169 1925 1226 dicere
1944 1169 2228 1246 pulvinar,
2258 1169 2421 1244 quod
2443 1163 2683 1244 remiges
2716 1169 2826 1226 sibi
2853 1172 3301 1229 substernebant.

2476 1293 2565 1348 ¹9·

1817 1384 2202 1440 Antiatticista
2228 1403 2289 1458 p.
2322 1383 2424 1457 88,
2468 1384 2533 1456 3,
2564 1382 2890 1450 Γαλιδεύς
2931 1406 2942 1440 :
2972 1389 3001 1442 δ
3026 1389 3117 1456 τῆς
3143 1389 3309 1461 γαλῆς

1736 1466 1987 1546 σκύμνος.
2030 1472 2138 1548 Κρ.
2174 1467 2315 1548 Ὥρ.
2371 1474 2616 1546 Hesych.
2655 1473 2965 1529 secundum
3002 1475 3304 1535 Ruhnken.

1735 1560 1890 1632 apud
1907 1559 2103 1616 Valck.
2126 1559 2201 1616 ad
2224 1561 2496 1621 Adoniaz.
2516 1581 2574 1635 p.
2600 1569 2733 1636 402,
2762 1565 2812 1618 A
2838 1581 2851 1616 :
2878 1559 3169 1627 Γαλιδέως·
3198 1564 3303 1640 Κρ.

1734 1643 1874 1722 λέγει
1902 1643 1958 1703 δὲ
1986 1643 2149 1713 οὕτως
2186 1646 2347 1724 (cod.
2381 1649 2485 1726 ὣς)
2518 1647 2605 1706 τὸν
2652 1649 2873 1720 εὐτελῆ,
2909 1647 3003 1707 καὶ
3028 1651 3099 1718 ὡς
3130 1649 3307 1726 γαλῶν

1738 1733 1907 1811 (cod.
1949 1733 2130 1811 γαλόν.
2162 1734 2336 1795 Mein.
2378 1737 2631 1793 malebat
2667 1737 2864 1812 γαλῆς)
2897 1736 3063 1794 παῖδα
3090 1737 3309 1814 γαλιδὲοι

1740 1819 1900 1898 (dele
1930 1841 1942 1877 :
1972 1833 2053 1880 est
2078 1826 2361 1882 correctio
2396 1825 2597 1898 capitis
2614 1825 2809 1899 glossae
2834 1823 3145 1901 Γαλιδίως).

2485 1948 2581 1987 20.

1823 2040 1985 2096 Idem
2029 2037 2270 2114 p.'116‚
2310 2057 2381 2096 αι
2402 2081 2417 2109 ,
2462 2065 2487 2088 «ι
2516 2037 2791 2118 Ψήφισμα
2830 2037 3012 2111 ἔθηκεν
3044 2063 3071 2092 u

1743 2129 1834 2183 τοῦ
1864 2123 2085 2205 ἔγραψε.
2112 2127 2217 2204 Κρ.
2237 2123 2400 2203 Ὥρ.,
2430 2123 2657 2184 Πλάτων
2683 2128 2910 2220 Ποιητῇ.

3134 2061 3149 2098 :
3196 2039 3313 2102 ἀντὶ

2476 2249 2573 2286 21.

1823 2343 1983 2400 I'dem
2010 2345 2049 2398 l.
2076 2342 2150 2399 30
2186 2363 2199 2397 :
2241 2367 2265 2393 «ι
2287 2337 2652 2421 Ὣραΐζεσθαι.
2686 2369 2709 2394 u
2739 2343 2844 2422 Κρ.
2877 2341 3013 2421 Ἵὶρ.
3053 2349 3118 2401 V.
3160 2349 3315 2404 Pier-

1744 2449 1867 2486 son.
1897 2430 1971 2486 ad
1998 2431 2163 2489 Moer.
2194 2449 2254 2506 p.
2284 2431 2375 2501 76.

2369 2533 2379 2542 ·
2488 2529 2582 2566 aa.

1826 2616 2079 2673 Gramm.
2120 2615 2357 2674 Bekker.
2382 2616 2599 2674 Anecd.
2627 2636 2690 2692 p.
2722 2617 2858 2691 394,
2890 2637 2956 2672 21
2995 2637 3007 2672 :
3047 2613 3317 2696 Ἀνδρο-

1751 2723 1784 2758 κ
1804 2702 1935 2759 ολω
1950 2723 1979 2760 ν
1995 2702 2155 2774 οκλῆ
2171 2724 2194 2766 ς
2218 2700 2333 2758 ἀντὶ
2354 2705 2449 2760 τοῦ
2471 2699 2667 2772 ἠλίθιος
2691 2726 2702 2739 ·
2730 2704 2837 2782 Κρ.
2868 2700 2969 2780 γὰρ
2986 2699 3179 2780 Ὥραις
3203 2705 3319 2763 ἀντὶ

1747 2787 1837 2848 soii
1851 2789 2013 2870 φάναι
2030 2789 2229 2862 ἠλίθιον
2257 2788 2567 2863 Ἐτεοκλέα,
2596 2790 2759 2858 οὕτως
2780 2791 2863 2871 ὑφ’
2889 2789 2944 2849 ἓν
2966 2790 3058 2850 καὶ
3086 2791 3172 2849 διὰ
3198 2801 3321 2868 μιᾶς

1746 2877 1929 2946 λέξεως
1951 2877 2049 2960 ἔφη
2074 2877 2158 2938 διὰ
2182 2876 2241 2937 τὸ
2260 2867 2393 2937 εἶναι
2414 2879 2474 2937 ἐκ
2501 2879 2769 2939 Κολωνοῦ.
2794 2883 3028 2938 Temere
3051 2881 3143 2938 Fri
3151 2884 3319 2943 tzsch.

1751 2972 1876 3028 Act.
1922 2970 2134 3027 Societ.
2168 2988 2337 3044 graec.
2378 2988 2431 3038 ι,
2455 2989 2515 3045 p.
2558 2976 2666 3037 144
2686 3008 2707 3041 ,
2748 2968 2947 3039 ἠλίθιον
2972 2967 3281 3047 Ἀνδροκλέα
3302 3012 3319 3037 ,

1749 3057 1850 3113 sed
1878 3057 2084 3113 dixisse
2115 3058 2346 3113 videtur
2372 3058 2662 3115 Graeeulus
2676 3056 2795 3128 ἤτοι
2819 3057 2985 3115 ἀκλεᾶ
3014 3078 3027 3112 :
3053 3076 3185 3113 nam
3212 3062 3325 3114 An·

1751 3147 1971 3203 drocles
2017 3144 2369 3221 significatur
2415 3146 2543 3222 ipso
2592 3144 3137 3221 Ἀνδροκολωνοκλῆς,
3172 3148 3212 3203 i.
3264 3167 3315 3206 e.

1749 3232 2057 3313 Ἀ’νδροκλῆς
2076 3236 2344 3310 Κολωνοῦ,
2365 3254 2537 3310 quem
2552 3233 2797 3293 Κολωνὸν
2822 3236 3025 3311 Bergk.
3042 3236 3221 3308 Epist.
3250 3236 3323 3305 ad

1753 3324 2093 3379 Schillerum
2120 3343 2181 3397 p.
2224 3342 2245 3377 1
2263 3343 2359 3399 19,
2390 3324 2743 3397 intelligebat
2778 3320 3023 3381 Κολωνὸν
3054 3323 3322 3399 ἀγοραῖον,

1755 3412 1961 3466 collem
1994 3412 2229 3466 Athenis
2254 3412 2313 3465 iu
2344 3410 2472 3465 soro
2493 3454 2509 3479 ‚
2544 3429 2669 3484 quae
2694 3411 3181 3467 mercenariorum
3205 3422 3327 3465 erat

1751 3500 1939 3559 statio,
2005 3523 2027 3546 ιι
2078 3500 2169 3555 sic
2230 3498 2405 3572 igitur
2474 3498 2571 3557 Cr.
2629 3507 3041 3574 paupertatem·
3100 3507 3327 3553 notaret

1755 3587 2095 3656 Androcus,
2142 3605 2375 3660 operam
2412 3604 2569 3641 suam
2604 3585 2869 3642 mercede
2902 3585 3257 3640 collocantis.
3294 3612 3315 3633 »ι

1751 3677 1842 3731 Sic
1879 3676 2050 3732 Mein.
2061 3718 2077 3745 ‚
2120 3676 2211 3730 cui
2241 3676 2547 3748 quaerenti,
2582 3673 2724 3747 quid
2746 3685 2880 3729 tunc
2914 3670 3013 3727 liat
3038 3692 3323 3746 gramma-

1755 3764 1904 3831 tico,
1944 3766 2040 3837 qui
2078 3764 2371 3819 Cratinum
2413 3764 2706 3819 stultitiam
2747 3764 2995 3818 hominis
3029 3764 3329 3819 risissedi·

1756 3864 1878 3921 cat,
1917 3853 2249 3927 responderi
2292 3863 2514 3928 potest,
2546 3854 2713 3909 etiam
2754 3853 2955 3909 stultos
2994 3853 3329 3927 inutilesque

1755 3942 2137 3997 mercenarios
2166 3942 2371 4015 passim
2402 3943 2663 3999 inveniri.

1836 4202 2137 4255 CRATlNl
2186 4202 2677 4258 INCERTARUM
2705 4200 3184 4257 COMOEDIARU
3195 4204 3247 4256 M

2301 4304 2783 4363 FRAGMENTA.

2412 4478 2420 4483 ,
2522 4437 2542 4471 1
2560 4457 2571 4471 .

1843 4516 2085 4575 AElianus
2125 4524 2190 4578 V.
2230 4522 2305 4579 Η.
2356 4540 2414 4589 a,
2469 4520 2535 4577 13
2590 4540 2601 4574 :
2662 4516 2921 4593 εὐδοκίμει
2962 4518 3007 4576 δ’
3050 4510 3137 4579 οὗν
3186 4520 3331 4597 αὐτῷ

1764 4604 2191 4683 (Aristophani)
2219 4604 2279 4663 τὸ
2307 4604 2511 4683 δρᾶμα·
2548 4604 2641 4662 καὶ
2661 4604 2765 4682 γάρ
2788 4628 2868 4664 τοι
2898 4609 2973 4685 τῷ
3002 4610 3331 4684 (perperam

125 4670 248 4733 LI..
265 4676 386 4753 5,p.
410 4687 486 4745 40
512 4699 526 4737 τ
549 4682 720 4741 Rulav
748 4696 920 4752 ‘luam
939 4695 1085 4731 'mm’
1105 4672 1336 4751 πήγανον
1352 4676 1666 4749 ‘'I’Pellam·
1761 4698 1891 4752 libri
1921 4694 2007 4770 τὸ)
2039 4700 2127 4753 τοῦ
2159 4694 2422 4775 Κρατίνου
2455 4700 2610 4754 τοῦτο
2642 4692 2835 4765 συνὲῧη
2854 4740 2871 4771 ,
2899 4694 3071 4754 εἴποτε
3106 4688 3291 4755 ἄλλὀτε
3312 4740 3326 4763 ,

127 4760 326 4821 Ovidius
349 4768 600 4825 Remed.
629 4785 740 4823 am.
770 4765 878 4823 801
911 4786 924 4820 :
949 4776 1208 4819 acuentes
1231 4766 1442 4819 Iumina
1469 4776 1632 4821 rueoe.

840 4915 860 4950 ι
877 4904 930 4965 7'.

92 4992 96 5057 ἶ
197 5004 334 5065 ldem
361 5034 418 5087 p.
457 5016 562 5071 181
596 5056 616 5083 ,
651 5032 721 5086 9,
765 5010 1004 5075 Φελλεάς
1054 5032 1065 5064 :

1119 5009 1306 5076 Ἰσαῖος
1352 5012 1402 5066 ἐν
1437 5011 1512 5088 τῷ
1553 5008 1670 5085 περὶ

1761 4784 1849 4843 καὶ
1873 4782 1989 4842 τότε
2010 4828 2026 4858 ,
2069 4788 2147 4863 τῷ
2184 4784 2385 4864 θεάτρῳ
2413 4788 2636 4857 νοσῆσαι
2658 4784 2750 4851 τὰς
2791 4784 2998 4865 φρένας.
3036 4789 3240 4843 Elicuit
3263 4808 3329 4843 ex

1758 4875 1913 4929 hisce
1956 4875 2187 4931 Grotius
2216 4876 2481 4949 Excerpt.
2516 4894 2576 4950 p.
2612 4874 2724 4949 ¹095
2750 4876 3049 4957 senarium.

1841 4982 2051 5054 Συνέὅη
2080 4983 2280 5064 θεάτρῳ
2308 4983 2422 5041 τότε
2449 4988 2666 5054 νοσῆσαι
2683 4982 2775 5050 τὰς
2796 4984 3012 5063 φρένας,

94 5072 97 5143 l
147 5088 338 5165 Κίμωνος
363 5100 584 5177 κλήρου.
617 5098 692 5155 τὰ
709 5096 948 5175 πετρώδη
975 5096 1068 5155 καὶ
1093 5094 1332 5173 αἷγίὸοτα
1351 5096 1526 5174 χωρία
1547 5098 1670 5174 φελ-
1705 5109 1712 5180 1
1763 5118 1932 5171 quein
1961 5116 2077 5153 non
2099 5111 2217 5155 erat
2243 5100 2399 5173 quod
2424 5100 2659 5154 omnino
2689 5099 2981 5154 damnaret
3016 5098 3211 5165 Mt·in.3
3236 5094 3335 5149 sed

155 5185 472 5245 κιςξιάλῦυν,
516 5190 600 5265 K?
661 5182 826 5263 ⁰129„
853 5186 1116 5269 ’Afflffwi’f
1153 5184 1410 5263 Νεφέλαις
1433 5186 1570 5263 (71)·
1627 5248 1632 5253 .

1707 5185 1712 5232 ἶ
1763 5187 2129 5242 scribendum

2138 5466 2181 5497 ό
