3809 5850
453 401 526 452 ιι
1437 381 1843 443 coMOEmAE
1889 343 2234 441 vss'rmus'
2268 379 2688 454 RELIQmAE.

555 518 777 595 Συνέὲη
811 532 1064 594 νοσῆσαι
1097 530 1186 604 τῷ
1217 521 1444 612 θεάτρῳ
1475 519 1584 597 τὰς
1609 523 1843 612 φρένας.

455 652 845 726 Conqueritur
865 651 962 708 Cr.
997 650 1085 704 his
1115 649 1329 718 verbis,
1367 648 1604 722 aliquod
1649 648 1843 704 drama
1867 664 2032 702 suum

457 740 806 814 displicuisse
828 737 1263 813 spectatoribus.
1307 761 1330 786 ιι
1363 738 1670 811 Respicere
1706 735 1937 790 videtur
1960 732 2034 788 ad

457 831 608 886 hunc
643 831 836 888 locum
865 825 1222 900 Phrynichus
1257 830 1406 900 App.
1451 827 1629 900 Soph.
1677 843 1740 898 p.
1776 822 1871 892 52,
1916 821 2031 878 28:

448 917 649 976 -Νοσεῖν
677 915 770 982 τὰς
796 913 984 994 φρένας
1018 936 1032 970 :
1057 917 1224 972 νοσεῖν
1253 912 1342 971 τὸν
1367 917 1504 972 νοῦν.
1545 941 1570 964 υ
1599 914 1652 970 Β
1673 917 1756 973 M.

1223 1037 1275 1074 2.

543 1127 919 1183 Antiatticista
963 1141 1028 1200 p.
1070 1125 1199 1194 108,
1241 1133 1355 1192 24:
1396 1149 1418 1170 π
1455 1121 1842 1199 μεσόκοπον
1873 1149 1896 1174 υ
1944 1125 2037 1202 ἀρ·

467 1214 681 1288 ρενικῶς
714 1210 802 1269 τὸν
841 1209 929 1268 ἐπὶ
969 1209 1130 1286 μέσου
1159 1210 1369 1282 ἡλικίας
1417 1211 1534 1286 (ita
1565 1214 1748 1268 Lucas
1793 1211 2033 1271 observ.

461 1321 522 1377 p.
559 1321 596 1375 9
623 1320 734 1376 pro
771 1297 831 1357 τὸ
858 1297 1110 1374 ἔπιμέσου
1142 1299 1258 1377 ἡλ.)
1293 1299 1398 1376 Κρ.
1453 1323 1476 1348 «
1504 1300 1728 1356 Iudicat
1761 1319 2041 1375 gramma-

463 1391 565 1444 tici
591 1390 776 1464 glossa
796 1430 813 1457 ,
843 1385 1134 1463 μεσόκοπος
1156 1407 1226 1444 ex
1247 1388 1634 1444 Atticistarum
1655 1389 1780 1464 lege
1797 1430 1813 1458 ,
1840 1389 1947 1444 nisi
1967 1388 2041 1444 de

465 1478 709 1548 seminis,
737 1497 854 1536 non
877 1496 994 1536 esse
1029 1478 1359 1539 dicendum.
1410 1476 1722 1534 Confirmat
1759 1479 2039 1553 quodam·

459 1567 638 1624 niodo
665 1567 1006 1628 Xenarchus
1027 1569 1238 1628 Athen.
1271 1566 1364 1636 13,
1391 1586 1449 1641 p.
1480 1565 1620 1641 569,
1647 1567 1726 1625 B:
1826 1623 1830 1626 .

539 1659 656 1739 Νέᾳ
679 1703 696 1733 ,
728 1661 962 1740 παλαιᾷ,
988 1659 1267 1738 μεσοκόπῳ
1282 1704 1297 1731 ,
1319 1659 1632 1739 πεπαιτέρα.
1665 1685 1690 1711 ¹·
1713 1663 1797 1720 M.

549 1870 824 1928 Aristides
848 1869 1012 1930 Orat.
1047 1867 1144 1939 5ο,
1176 1870 1295 1926 vol.
1327 1888 1380 1939 2,
1410 1888 1472 1944 p.
1499 1867 1611 1925 565
1638 1869 1811 1928 Dind.
1833 1887 1846 1928 :
1870 1867 2041 1926 καίτοι

465 1954 595 2037 φησὶ
631 1953 728 2032 μὲν
778 1955 842 2027 δή
887 1979 990 2016 που
1028 1957 1131 2034 Κρ.
1185 1983 1208 2007 «ι
1241 1959 1345 2014 τῶν
1398 1957 1633 2036 αἰσχρῶν
1681 1947 1815 2015 εἶναι
1845 1957 2039 2038 φίλοισι

465 2043 810 2123 χαριζόμενον
857 2043 1086 2123 πονηρὸν
1129 2045 1285 2104 αὐτὸν
1331 2033 1484 2104 εἶναι.
1523 2071 1548 2096 ιι
1591 2033 1740 2102 οὗτοι
1771 2043 1824 2102 δὲ
1857 2047 2032 2120 (sort.

463 2127 634 2210 γὰρ),
663 2131 712 2188 εἰ
742 2129 838 2208 μὲν
867 2129 1036 2212 φίλοις
1061 2132 1235 2198 αὐτοῖς
1260 2134 1514 2210 χρῶνται,
1535 2132 1921 2211 παραπλησίως
1946 2135 2038 2191 αὖ·

462 2227 568 2286 τοῖς
596 2217 824 2299 ἔχουσιν,
844 2219 993 2293 ὥστ’,
1021 2223 1066 2279 εἶ
1096 2221 1202 2286 τοῖς
1229 2222 1402 2287 αὐτοῖς
1429 2219 1722 2300 χαίρουσιν,
1751 2224 1925 2289 αὑτοῖς
1955 2221 2037 2302 ἄρ’

463 2299 744 2388 οὗχῇττον
783 2307 818 2380 ἢ
844 2308 1042 2376 τούτοις
1066 2308 1390 2391 χαρίζονται.
1423 2309 1468 2368 εἰ
1503 2307 1550 2367 δ’
1580 2299 1647 2368 αὖ
1673 2308 1748 2386 μὴ
1777 2310 2043 2390 νομίζωσι

463 2396 641 2474 φίλους
660 2442 676 2469 ,
701 2396 816 2455 ἀντὶ
840 2401 932 2456 τοῦ
954 2398 1286 2476 χαρίζονται;
1312 2397 1418 2455 εἴτε
1437 2395 1540 2478 γὰρ
1561 2400 1630 2464 ὡς
1651 2399 1925 2480 ἐρασταῖς,
1938 2399 2043 2461 εἴτε

465 2487 538 2550 ὣς
581 2483 800 2562 ἐρασταὶ
817 2528 834 2559 ,
865 2483 926 2542 τό
953 2507 1013 2562 γε
1039 2489 1132 2555 τῆς
1159 2483 1418 2564 αἰσχύνης
1441 2483 1689 2565 ἄφυκτον.
1723 2489 1811 2546 Cr.
1852 2489 2044 2546 dicere

466 2572 697 2647 quidem
723 2576 914 2646 potuit

575 2662 852 2755 Δίοχρῶν
897 2658 1290 2758 χαριζόμενος
1324 2665 1524 2756 φίλοις
1570 2668 1826 2756 πονηρὸς
1863 2669 2043 2744 αὐτός

877 2809 884 2816 ·
1890 2778 2041 2856 ἐστι,

469 2889 568 2949 sed
585 2891 800 2961 malim,
817 2908 996 2965 quum
1011 2889 1238 2965 πονηρὸν
1261 2909 1382 2947 non
1401 2891 1620 2967 legatur
1639 2895 1698 2948 in
1717 2912 1836 2949 uno
1865 2895 2038 2963 libro,

469 2979 843 3036 concinniore
869 2980 1148 3037 sententia
1189 2977 1308 3056 (τῷ
1345 2976 1561 3057 αἰσχρὸς
1583 2981 1762 3037 simile
1804 2982 2041 3057 αἰσχρῶν

471 3064 659 3124 fraudi
680 3064 850 3123 fuerit
867 3062 884 3142 )
900 3106 917 3135 ,

415 3256 438 3275 ς
569 3166 971 3263 Χαριζόμενος
988 3172 1101 3265 γὰρ
1119 3172 1362 3267 αἰσχρός
1383 3176 1510 3239 ἐστ’
1531 3174 1796 3267 αἰσχρῶν
1824 3176 2041 3267 φίλοις.

473 3278 786 3336 Meinekius
806 3282 866 3337 in
886 3292 1131 3355 utraque
1159 3280 1414 3339 editione
1448 3300 1462 3339 ε

569 3393 836 3487 Αἰσχρὸν
903 3384 972 3459 δὲ
1031 3394 1264 3484 φίλοισι
1317 3390 1719 3487 χαριζόμενον
1785 3400 2043 3491 πονηρὸν

1860 3499 2035 3571 εἶναι.

1229 3600 1282 3661 lp

551 3698 712 3754 Idem
754 3700 915 3755 Orat.
953 3696 1052 3768 45,
1083 3698 1204 3756 vol.
1251 3717 1309 3767 α,
1349 3718 1410 3773 p.
1442 3700 1516 3754 23
1565 3719 1579 3753 ε
1624 3696 1728 3775 ἐγὼ
1757 3699 1854 3775 μὲν
1893 3690 2045 3777 οἶμαι

470 3786 646 3841 τοῦτο.
688 3782 740 3840 τί
766 3774 893 3858 οὖν,
917 3772 964 3840 ὦ
993 3782 1283 3857 μεγίστη
1311 3782 1384 3840 σὺ
1413 3785 1680 3860 γλῶττα
1724 3790 1849 3846 τῶν
1893 3780 2045 3847 Ἑλ-

472 3869 800 3941 ληνίδων,
842 3866 942 3947 ἔφη
985 3870 1092 3946 Κρ.
1144 3873 1308 3927 ποιῶν
1359 3870 1570 3947 (Mein.
1603 3874 1755 3950 μῶν)
1789 3873 1900 3932 ἔσθ’
1942 3872 2045 3933 ὅτι

472 3955 689 4033 κωλύει,
716 3968 849 4026 etc„
865 3958 936 4013 de
961 3956 1216 4014 Platone.
1243 3958 1403 4015 Idem
1425 3961 1522 4017 Or.
1542 3962 1639 4032 46,
1663 3982 1724 4038 p.
1745 3963 1852 4034 173
1883 3984 1894 4016 ε
1922 3963 2045 4021 οὐκ·

473 4052 562 4105 οῦν
584 4046 689 4102 τῶν
714 4042 996 4122 μαρτύρων
1021 4046 1149 4119 ἡμῖν
1181 4046 1285 4103 τῶν
1319 4046 1388 4110 εἷς
1428 4044 1548 4112 τοὺς
1574 4046 1758 4124 λόγους
1781 4050 2045 4126 κεκλημέ-

474 4156 576 4189 νων
599 4134 675 4210 τῷ
707 4131 1023 4207 Περικλεῖ...
1054 4133 1083 4189 δ
1111 4129 1207 4207 μὲν
1249 4132 1372 4188 τῶν
1399 4129 1820 4204 “Ελληνίδων
1851 4139 2045 4214 μεγί-

477 4242 642 4289 στην
689 4218 788 4290 τὴν
833 4217 1030 4276 ἐκείνου
1073 4218 1389 4296 γλῶτταν
1442 4218 1637 4299 εἴρηκε.
1703 4227 1788 4283 De
1829 4228 2046 4285 Pericle

479 4310 623 4365 dixit
645 4311 735 4366 Cr.
766 4307 1078 4364 secundum
1104 4308 1456 4365 Meinekium
1481 4312 1578 4365 tali
1603 4312 1779 4367 modo
1815 4333 1830 4367 :

575 4411 684 4508 ἴθ’,
724 4418 773 4486 ὦ
796 4422 1051 4515 μεγίστη
1080 4428 1337 4515 γλῶττα
1377 4431 1499 4492 τῶν
1537 4417 1921 4500 Ἑλληνίδων.

479 4550 662 4605 Possis
683 4566 916 4623 quoque
933 4568 1104 4625 pron.
1131 4546 1196 4605 σὺ
1217 4562 1442 4607 servato
1474 4552 1534 4608 in
1556 4572 1724 4611 versu
1752 4572 1871 4611 non
1895 4558 2037 4613 Tra-

477 4653 622 4727 gici,
654 4653 752 4710 sed
779 4655 998 4710 Comici
1025 4654 1322 4711 liberiore:

1602 4775 1841 4783 —--.—.—
1869 4778 1978 4783 .-.---
1994 4779 2024 4783 --

1249 4826 1297 4875 1.

479 4902 696 4963 Accidit
717 4906 927 4965 theatro
945 4916 1010 4964 ut
1027 4916 1314 4981 aegrotaret
1333 4918 1532 4966 mente.

1233 5000 1286 5051 3.

480 5078 808 5141 Gratificaus
833 5079 1014 5155 turpia
1037 5082 1347 5139 amantibus
1366 5084 1539 5156 turpis
1559 5086 1672 5157 ipse
1697 5093 1794 5139 est.

2217 517 2291 582 Τί
2318 511 2404 597 δ’,
2436 513 2485 582 ὦ
2512 516 2767 609 μεγίστη
2792 522 3041 607 γλῶσσα
3066 520 3136 580 σὺ
3172 521 3293 579 τῶν
3318 505 3675 586 Ἑλληνίδων.

2883 657 2938 717 5.

2206 791 2367 849 Idem
2394 792 2555 847 Orat.
2587 797 2686 863 49,
2709 791 2827 844 vol.
2858 808 2919 858 α,
2951 808 3009 864 p.
3046 785 3153 844 521
3188 805 3204 843 ε
3238 786 3360 843 ἀλλ’
3394 784 3552 861 ἔγωγε
3579 807 3673 842 κω-

2126 879 2445 955 μῳδιοποιοῦ
2469 897 2602 941 τινος
2624 873 2828 946 ἤκουσα
2846 917 2864 946 ,
2896 871 3381 949 σεμνολογουμίνω
3410 872 3677 948 θαυμαστὰ

2124 954 2231 1022 οἶα.
2252 965 2425 1023 καίτοι
2448 963 2539 1022 ίᾶν
2570 985 2643 1033 τις
2670 961 2859 1041 ἔρηται
2881 960 2999 1027 τοὺς
3024 964 3118 1032 τῆς
3139 959 3423 1042 κωμῳδίας
3444 962 3677 1030 ποιητὰς,

2127 1049 2205 1132 ἐφ’
2234 1049 2338 1131 ὅτῳ
2362 1049 2502 1130 μέγα
2526 1055 2797 1130 φρονοῦσιν
2814 1093 2831 1122 ,
2865 1057 3016 1130 φαῖεν
3046 1048 3110 1107 ἂν
3127 1094 3144 1121 ,
3173 1041 3355 1126 οἶμαι,
3386 1048 3467 1111 ὅτι
3490 1048 3681 1128 γέλωτα

2126 1144 2382 1212 κινοῦσιν,
2418 1137 2599 1218 ὥσπερ
2643 1139 2735 1197 καὶ
2776 1141 2945 1197 αὑτῶν
2985 1161 3063 1204 τις
3113 1139 3455 1215 ὡμολόγηκεν
3494 1139 3683 1204 οὐδενὸς

2131 1229 2439 1308 ἐρωτῶντος.
2478 1227 2593 1286 ἀλλ’
2636 1227 2779 1304 ὅμως
2804 1225 2897 1285 καὶ
2933 1217 3075 1286 οὗτοι
3100 1226 3265 1308 χωρὶς
3305 1225 3532 1293 ἀξιοῦσιν
3562 1217 3683 1284 εἶναι

2128 1315 2195 1374 τοί
2213 1339 2270 1374 τε
2298 1319 2402 1374 τῶν
2433 1314 2654 1374 ἀστείων
2686 1313 2985 1391 σκώμματα
3011 1314 3101 1374 καὶ
3127 1314 3197 1374 τὰ
3218 1317 3321 1372 τῶν
3348 1315 3573 1373 πολλῶν·
3600 1316 3683 1373 καί

2127 1427 2203 1471 τις
2232 1405 2404 1463 αὐτῶν
2450 1406 2503 1462 ἐν
2544 1405 2684 1483 ἀρχῇ
2731 1409 2823 1462 τοῦ
2864 1402 3129 1482 δράματος
3165 1401 3681 1482 μεγαλαυχούμενος,

2129 1496 2197 1560 ὣς
2222 1491 2523 1571 προφήτης,
2555 1489 2895 1572 προαγορεύει
2918 1489 3114 1550 τοιάδε·

2228 1675 2323 1688 --
2351 1630 2791 1730 Ᾰφυπνίζεσθαι
2840 1641 2952 1730 χρὴ
2994 1631 3295 1731 [πάντως]
3328 1637 3527 1703 πάντα
3558 1640 3684 1704 θεα-

3547 1770 3681 1828 την,

2228 1849 2349 1914 ἀπὸ
2386 1849 2493 1938 μὲν
2518 1849 2827 1941 βλεφάρων
2858 1845 3246 1940 αὑθημερινὸν
3282 1857 3553 1921 ποιητῶν
3586 1856 3688 1922 λῇ-

3312 1979 3407 2044 ρον
3440 1955 3687 2045 ἀφέντα,

2129 2095 2308 2176 ὥσπερ
2325 2099 2378 2154 ἐν
2398 2095 2569 2176 ἐκείνῃ
2584 2101 2651 2176 τῇ
2663 2093 2838 2175 ἡμέρα
2858 2094 3064 2171 μέλλων
3080 2093 3317 2162 ἅπαντας
3327 2097 3513 2178 σοφούς
3529 2121 3585 2156 τε
3602 2100 3689 2156 καὶ

2130 2183 2439 2252 σπουδαίους
2466 2182 2725 2255 ποιήσειν.
2759 2182 2970 2252 διδάξας
3008 2181 3063 2240 δὲ
3092 2195 3223 2256 etc.,
3257 2204 3381 2260 quae
3413 2187 3693 2244 habentur

2131 2273 2446 2333 Chironum
2460 2273 2775 2349 fragmento
2801 2293 2899 2334 22.
2920 2273 3134 2330 Cratini
3154 2292 3323 2330 versu
3349 2275 3537 2350 primo
3562 2276 3691 2330 libri

2130 2365 2325 2438 scripti
2364 2375 2536 2437 atquc
2576 2363 2717 2419 editi
2740 2360 2961 2440 Ἄφυπν.
2989 2362 3391 2442 (corripienda
3418 2377 3502 2420 est
3526 2366 3693 2438 hujus

2131 2449 2293 2505 verbi
2304 2450 2521 2524 syllaba
2536 2449 2804 2520 secunda,
2816 2472 2957 2506 υυ--
2974 2452 3033 2523 -)
3048 2445 3155 2532 χρὴ
3163 2447 3338 2511 πάντα
3354 2451 3563 2524 θεατήν,
3574 2458 3695 2512 aliis

2131 2539 2244 2594 alia
2274 2538 2759 2616 proponentibus,
2792 2539 2999 2614 quibus
3027 2541 3231 2600 lacuna
3252 2559 3449 2598 versus
3466 2545 3695 2618 explea-

2131 2635 2241 2695 tur,
2267 2645 2445 2700 quum
2469 2626 2610 2681 nihil
2633 2627 2706 2681 sit
2734 2629 3091 2684 verisimilius
3110 2647 3281 2705 quam
3322 2629 3469 2686 sorte
3492 2628 3697 2696 πάντως

2131 2723 2264 2768 ante
2308 2714 2488 2768 simile
2517 2712 2691 2769 πάντα
2720 2715 2991 2770 omissum
3028 2733 3147 2772 esse
3181 2733 3217 2772 a
3242 2715 3513 2774 librariis.
3556 2720 3696 2774 vide

2130 2802 2392 2877 inprimis
2438 2801 2615 2878 Apol.
2681 2801 2845 2862 Socr.
2902 2823 2955 2858 c.
3006 2821 3106 2872 20,
3157 2805 3258 2880 qui
3313 2806 3577 2880 geminus
3618 2821 3699 2862 est

2132 2890 2547 2964 compositione
2570 2890 2754 2963 locus,
2782 2887 2992 2956 πάντως
3011 2892 3059 2948 οῖ·
3096 2888 3357 2961 Ἀθηναῖοι
3384 2891 3579 2958 πάντες
3602 2893 3699 2963 δή-

2133 2997 2235 3034 που
2267 2983 2374 3043 τοῖς
2410 2975 2791 3057 φρονιμώτατα
2832 2976 3042 3054 λέγουσι
3084 2977 3377 3051 πείθονται,
3402 2993 3517 3042 etc.
3554 2986 3705 3039 Bene

2130 3066 2407 3141 Bergkius
2455 3064 2799 3143 αὖθημερινὸν
2844 3086 2959 3143 pro
3010 3067 3225 3139 α-ῶν,
3282 3070 3445 3145 quod
3490 3071 3709 3128 habent

2128 3152 2279 3210 libri.
2308 3178 2333 3202 ι
2358 3153 2574 3228 Malim,
2606 3178 2631 3203 »ι
2658 3156 2849 3229 inquit
2872 3156 3070 3229 Mein„
3104 3180 3129 3205 α
3165 3168 3405 3233 propter
3431 3162 3711 3233 genitivo-

2129 3260 2259 3297 rum
2304 3242 2681 3315 frequentiam
2736 3239 3103 3321 αὖθημερινόν.
3162 3245 3319 3300 Dicit
3363 3248 3707 3303 aemulorum

2130 3340 2437 3405 poetarum
2462 3330 2762 3386 subitarias
2784 3341 2841 3385 et
2873 3332 2991 3387 cito
3016 3332 3300 3407 perituras
3326 3333 3599 3408 ineptias.
3641 3363 3659 3383 =·

2890 3481 2943 3536 6.

2214 3615 2415 3671 Athen.
2457 3634 2479 3671 1
2494 3656 2511 3685 ‚
2550 3635 2613 3690 p.
2648 3634 2703 3687 7,
2740 3618 2785 3673 F
2820 3636 2835 3672 :
2881 3615 3085 3675 δοκοῦσι
3132 3616 3177 3678 δ’
3232 3619 3283 3677 οἱ
3320 3618 3585 3679 Μυκόνιοι
3626 3622 3715 3679 διὰ

2133 3697 2193 3758 τὸ
2225 3697 2473 3758 πένεσθαι
2502 3700 2593 3759 καὶ
2622 3700 2827 3780 λυπρὰν
2859 3705 3017 3773 νῆσον
3057 3704 3215 3761 οἰκεῖν
3238 3704 3329 3763 ἐπὶ
3362 3708 3715 3787 γλισχρότητι

2132 3785 2225 3845 καὶ
2252 3788 2521 3869 πλεονεξίᾳ
2546 3788 2947 3848 διαὸἄλλεσθαι·
2970 3790 3059 3850 τὸν
3081 3797 3204 3869 γοῦν
3234 3791 3567 3873 Ἰσχόμαχον
3600 3800 3709 3875 Κρ.

2136 3874 2397 3935 Μυκόνιον
2421 3877 2592 3951 καλεῖ,
2615 3902 2644 3929 ι
2668 3880 2820 3944 Πῶς
2848 3876 2927 3936 ἂν
2957 3877 3391 3960 Ἰσχομάχου
3418 3884 3721 3961 γεγονὼς

2136 3963 2485 4023 Μυκονίου
2528 3964 2893 4045 φιλόδωρος
2939 3964 3016 4024 ἂν
3078 3966 3257 4041 dvm
3304 3969 3584 4047 Ἀγαθὸς
3636 3971 3723 4029 ὣν

2135 4050 2299 4129 πρὸς
2345 4052 2628 4130 ἀγαθοὺς
2660 4052 2751 4111 ’ἄν
2770 4054 2935 4133 δρας
2991 4056 3485 4132 ἑστιασόμενος
3530 4051 3723 4130 ἧκον·

2134 4135 2317 4196 κοινὰ
2349 4138 2468 4219 γὰρ
2494 4138 2575 4199 τὰ
2608 4144 2733 4199 τῶν
2758 4140 2993 4221 φίλων.
3024 4169 3049 4195 ²0
3077 4146 3225 4203 Pace
3243 4149 3518 4205 Meinekii
3551 4161 3613 4206 et
3636 4172 3729 4205 rc·

2136 4230 2387 4285 tractatis
2412 4230 2480 4283 iis
2511 4248 2639 4303 quae
2661 4230 2907 4286 diximus
2926 4252 2989 4305 p.
3022 4252 3045 4287 1
3064 4253 3087 4289 1
3116 4235 3250 4290 libri
3276 4239 3601 4310 germanici
3636 4240 3727 4293 Dc

2135 4315 2299 4370 Com.
2336 4316 2465 4384 Gr.‚
2492 4317 2707 4373 Cratini
2743 4336 2954 4389 νοτιτιις»,
2977 4322 3237 4377 immissis
3257 4326 3525 4397 personis
3542 4327 3727 4379 unius

2138 4404 2529 4474 convivarum,
2550 4405 2626 4461 ad
2642 4424 2788 4479 quos
2806 4418 3043 4462 venerat
3064 4410 3426 4466 Ischomachi
3452 4410 3639 4481 filius,
3674 4422 3733 4465 et

2136 4489 2303 4560 hujus
2320 4492 2493 4565 ipsius
2508 4532 2524 4560 ,
2554 4492 2629 4548 de
2644 4512 2761 4567 quo
2782 4495 3105 4551 Eustathius
3118 4498 3191 4552 ad
3208 4498 3415 4572 Odyss.
3440 4520 3505 4575 p.
3542 4520 3567 4554 1
3580 4502 3731 4567 828,

2138 4576 2175 4629 8
2206 4595 2221 4629 t
2252 4576 2354 4651 Κρ.
2380 4565 2490 4652 οὖν,
2518 4576 2589 4643 ὥς
2618 4599 2777 4656 φησιν
2798 4577 3063 4649 Ἀθήναιος
3080 4626 3096 4651 ,
3122 4580 3212 4640 τὸν
3254 4582 3517 4663 γλίσχρον
3546 4583 3735 4661 Ἰσχό-

2139 4683 2311 4739 μαχον
2344 4662 2601 4722 Μυκόνιον
2623 4656 2763 4723 εἶπεν
2780 4712 2794 4738 ,
2814 4670 2894 4724 sic
2922 4671 3238 4727 scribemus
3265 4692 3279 4728 ε

2890 4842 2941 4891 4.

2141 4914 2287 4983 Quid
2312 4922 2518 4982 autem,
2545 4930 2579 4971 o
2606 4918 2835 4975 maxima
2858 4927 2919 4976 tu
2942 4920 3129 4995 lingua
3154 4924 3481 4982 Graecarum
3502 4930 3527 4981 ἓ

2890 5013 2943 5063 5.

2280 5086 2386 5145 Sed
2406 5088 2677 5149 edormire
2698 5090 2860 5149 debet
2880 5100 2897 5161 (
2919 5096 3187 5163 omnino)
3215 5099 3397 5155 omnis
3416 5107 3737 5171 spectator,

2139 5190 2167 5229 e
2188 5174 2453 5245 palpebris
2463 5192 2687 5235 excusso
2704 5180 3023 5251 quotidiano
3042 5192 3327 5255 poetarum
3342 5185 3737 5258 stultiloquio.
