3809 5850
1500 472 1510 485 ,
1547 409 1954 471 nummus,

124 544 392 616 idemque
414 560 468 595 v.
492 560 525 595 α
546 536 765 596 νάπαισι
784 558 893 615 pro
916 539 967 596 ἐν
988 536 1205 611 ἅπασιν,
1232 550 1289 595 et
1306 559 1359 595 ν.
1382 540 1439 611 3,
1465 538 1698 618 ἀγροῖσιν

130 650 233 705 pro
258 630 481 707 ἀγρίοις.
510 627 735 685 Ibidem
763 624 958 685 Pauvv.
981 637 1039 683 et
1056 626 1312 685 Lobeck.
1342 624 1571 706 φλόμον,
1601 628 1700 684 sed

124 719 269 773 bene
300 717 482 773 habet
505 712 687 792 φλόον,
696 716 905 786 florem
927 716 1110 771 omnis
1130 716 1371 789 generis,
1400 718 1700 791 oratioque

126 809 203 860 sic
232 803 671 879 interpretanda
699 814 819 859 est:
848 800 939 860 καὶ
974 798 1137 881 ἐνηὸᾷ
1166 798 1361 873 οὕτως,
1384 798 1519 859 ὥστε
1543 800 1701 881 φλόον

128 892 250 966 ἅφθ.
289 913 349 951 π.
378 913 443 951 π.
493 912 547 949 τ.
596 892 717 968 ἀγρ.
748 888 864 947 Pro
909 888 1127 969 ἄφθονον
1172 890 1264 949 ed.
1306 909 1398 966 pr.
1452 887 1699 969 ἄφθορον.

128 986 360 1037 Versum
385 1000 419 1035 α
456 981 695 1053 respicit
716 980 920 1036 Athen.
956 996 1014 1048 α,
1038 997 1100 1054 p.
1126 978 1228 1047 62,
1252 978 1317 1049 E,
1341 998 1471 1035 cum
1502 982 1701 1035 Eusta-

130 1072 246 1126 unio
264 1090 326 1147 p.
362 1068 504 1145 899,
538 1067 632 1125 18.

856 1176 983 1247 137.

204 1291 369 1349 Idem
400 1291 483 1348 ib.
520 1307 587 1364 p.
626 1285 736 1354 145
775 1306 791 1345 ε
830 1285 1131 1365 Ζωρότερον
1167 1288 1197 1343 ὃ
1241 1285 1460 1358 ποιητής
1492 1287 1699 1363 (lliad.

131 1399 191 1454 9,
228 1378 345 1435 203
368 1378 407 1455 )·
430 1372 495 1433 σὺ
526 1373 582 1431 δὲ
606 1370 725 1449 λέγε
754 1398 777 1423 ι
802 1370 1021 1451 εὔζωρον
1050 1370 1273 1452 κέρασον
1294 1418 1309 1445 ,
1334 1400 1359 1427 1·
1388 1372 1479 1433 καὶ
1508 1376 1711 1445 snitu».

134 1466 199 1545 ρό
213 1490 243 1523 τ
256 1489 283 1524 ε
300 1487 331 1545 ρ
344 1488 445 1537 ον,
470 1466 541 1529 ὣς
560 1460 933 1541 Ἀριστοφάνης
946 1504 965 1538 ,
991 1459 1085 1519 καὶ
1106 1464 1234 1541 Κρ.,
1254 1460 1344 1520 καὶ
1366 1460 1618 1529 Εὔπολις.

853 1601 876 1638 1
889 1580 983 1639 38.

206 1695 542 1771 Idemib.p.
563 1690 997 1772 360,“Ὦρκωσε
1023 1692 1113 1749 καὶ
1146 1692 1449 1771 δρκώτης
1472 1692 1521 1752 δ’
1540 1693 1697 1773 ἔγώε

136 1786 291 1851 οὕτως
330 1785 440 1861 Κρ.
473 1778 621 1860 φησί·
666 1780 867 1857 μᾶλλον
896 1776 985 1837 διὰ
1026 1784 1119 1839 τοῦ
1144 1780 1191 1837 ὃ
1222 1779 1342 1858 λέγε
1369 1778 1404 1851 ἢ
1429 1779 1515 1839 διὰ
1543 1786 1635 1840 τοῦ
1659 1780 1705 1859 ζ

134 1870 371 1948 ὥρκισεν.
399 1896 425 1920 α
446 1867 689 1925 photius
708 1888 773 1943 p.
796 1867 939 1938 254,
964 1864 1237 1945 Ὁρκώτας
1266 1890 1279 1924 :
1302 1868 1419 1948 οὐχὶ
1438 1864 1701 1950 δρκιστὰς,

132 1960 243 2019 οὐδὲ
271 1956 613 2041 δρκωμότας,
645 1954 879 2034 λέγουσι,
922 1976 1171 2032 quorum
1197 1960 1341 2016 illud
1382 1960 1541 2035 apud
1583 1962 1703 2017 Xe-

132 2050 485 2123 nophontem
506 2048 765 2120 aliosque
783 2047 1041 2121 legitimo
1060 2057 1301 2103 accentu
1320 2043 1555 2123 δρκωτὴν
1568 2050 1701 2103 scri-

130 2139 307 2196 bitur.
332 2162 359 2187 »
388 2136 628 2193 Lobeck.
652 2136 891 2210 Egregie
912 2153 1099 2209 nuper
1118 2136 1433 2191 Meinekius
1446 2137 1701 2194 correxit

130 2222 477 2305 Ὁρκωτὴς
504 2222 707 2300 λέγω.

859 2334 985 2409 139.

210 2452 373 2507 Idem
392 2451 550 2526 Epit.
576 2468 637 2524 p.
677 2446 790 2513 433
824 2467 837 2502 :
870 2446 1033 2525 ἐχρῆν
1063 2434 1151 2504 οὗν
1181 2443 1430 2524 Κρατίνῳ
1458 2446 1701 2522 πειθόμε-

130 2560 216 2595 νον
240 2544 451 2615 φαγᾶς
478 2536 667 2593 εἰπεῖν.
714 2560 741 2586 ι
780 2532 1014 2590 Scilicet
1056 2533 1355 2590 Menandri
1393 2540 1704 2613 καταφαγᾶς

130 2626 209 2681 ad
252 2626 649 2701 imperitorum
703 2623 905 2699 vulgus
951 2622 1211 2697 ablegat;
1263 2642 1320 2677 v.
1372 2622 1623 2679 Lobeck.
1676 2646 1699 2673 ι

134 2716 183 2768 E
212 2715 302 2769 M.

860 2829 983 2889 140.

218 2937 527 2992 Priscianus
549 2935 722 3010 18,p.
745 2952 855 3005 271
880 2934 1080 2990 Krehl.
1107 2954 1116 2962 ·
1140 2931 1708 3010 xaffloemquodese

136 3045 173 3078 a
206 3027 331 3093 loc-0,
376 3025 650 3082 Cratinus
670 3041 781 3097 pm
805 3027 863 3077 in
892 3025 1008 3078 loco
1029 3027 1218 3096 posuit
1242 3042 1261 3076 .·
1284 3019 1389 3086 Ὃς
1412 3023 1509 3091 τὴν
1547 3020 1702 3081 πίτυν

138 3111 393 3186 ἔκαμπτεν
434 3107 602 3176 ἑστὼς
622 3107 859 3188 χαμόθεν
889 3107 1055 3189 ἄκρας
1088 3112 1182 3180 τῆς
1211 3107 1381 3186 κόμης
1406 3109 1699 3170 καθέλκων.

138 3203 339 3256 ιηεὶἰω·
362 3215 555 3258 tamen
584 3201 1034 3274 dis-tinguendum
1060 3196 1238 3276 χαμαὶ
1266 3199 1441 3266 humi,
1470 3197 1703 3277 χαμόθεν

138 3291 213 3345 ab
247 3291 425 3358 humo,
482 3289 699 3366 χαμᾶζε
737 3292 795 3341 in
832 3287 1086 3345 humum.
1134 3287 1339 3342 Manca
1362 3283 1545 3360 ἐμοὶ,
1580 3306 1703 3363 quae

140 3377 329 3436 Krehl.
361 3377 548 3434 edidit
583 3394 615 3432 e
643 3375 844 3431 codice
872 3375 1203 3432 Monacensi
1250 3374 1537 3450 (quocum
1564 3395 1703 3432 con-

142 3467 377 3520 sentiunt
422 3485 459 3521 2
508 3463 689 3520 codd.
738 3464 1071 3533 Leidenses,
1123 3463 1231 3518 nisi
1276 3463 1439 3536 quod
1494 3464 1704 3521 habent

144 3548 367 3626 χαμάθεν
392 3561 649 3624 utroque
690 3547 855 3630 loco)
900 3552 1101 3605 melius
1141 3561 1329 3604 tamen
1365 3563 1452 3606 est
1497 3553 1700 3608 distin-

142 3641 407 3708 guendum
434 3636 603 3702 ἑστώς
626 3657 640 3694 :
674 3642 843 3694 etfam
874 3640 1013 3694 bene
1043 3657 1083 3693 a
1102 3640 1218 3694 loco
1236 3643 1508 3713 accipitur
1524 3641 1705 3716 χαμό-

148 3731 222 3780 θεν
238 3769 255 3799 ,
276 3729 351 3782 ab
384 3727 583 3785 Immo.
611 3727 885 3802 Scaligeri
909 3726 1142 3783 collatlo
1172 3746 1185 3782 :
1218 3727 1485 3783 Cratinus
1514 3727 1623 3785 ὅστ’
1651 3730 1703 3786 ἐν

149 3811 339 3890 πυτίνῃ.
360 3811 535 3883 alivi?
568 3811 805 3890 (κάμήτ’
827 3818 897 3874 V.
920 3815 985 3872 C.
1011 3818 1031 3888 j
1054 3811 1271 3878 ἐνεστὼς
1291 3813 1521 3890 χαμόθεν
1544 3815 1704 3896 ἄκρας

154 3903 233 3968 ’.ἧς
267 3925 317 3962 κ.
348 3903 659 3977 καθεῖλκεν,
700 3909 859 3977 quasi
904 3921 973 3958 ex
1008 3901 1229 3980 Πυτίνῃ.
1261 3905 1443 3978 Igitur
1483 3907 1694 3961 scriba-

158 4007 263 4044 mus

820 4101 907 4189 ὸς
934 4119 1047 4187 τήν
1084 4117 1263 4182 πίτυν

260 4221 559 4310 ἔκαμπτεν
600 4223 791 4296 ἑστὼς
828 4221 1125 4312 χαμάθεν,
1155 4221 1337 4315 ἄκρας
1370 4235 1479 4300 τῆς
1516 4227 1705 4317 κόμης

254 4317 507 4422 [ἕλκων]
540 4326 883 4396 καθέλκων.

158 4455 249 4522 Ὃς
272 4461 669 4538 intelligendus
700 4473 788 4517 est
830 4460 1289 4540 Pityocam1›te5‚
1320 4478 1385 4521 ut
1416 4469 1709 4522 annotavit

154 4547 337 4618 Mein„
367 4553 467 4624 qni
496 4549 726 4606 addidit
754 4547 943 4620 ἕλκων,
979 4551 1291 4608 secundum
1319 4553 1437 4609 haec
1480 4556 1705 4630 Euripi·

868 4755 986 4805 138.

151 4831 357 4890 sumtus
372 4833 519 4892 dico.

868 4929 983 4978 140.

458 5039 519 5050 -—
549 5011 659 5082 Qui
685 5011 878 5083 pinum

77 5151 80 5158 ,
150 5093 400 5151 curvabat
426 5093 587 5153 humi
605 5105 777 5166 stans,
802 5113 1125 5170 summaque
1146 5115 1300 5155 conia

148 5175 391 5237 deor-mm
418 5183 599 5239 traxit.

79 5289 84 5456 Ι

3282 428 3359 477 69

1796 542 1883 599 dis
1933 564 1944 597 :
1988 540 2186 602 Λαὸὼν
2229 539 2330 621 γὰρ
2369 540 2557 613 ἐλάτης
2599 540 2832 621 οὐράνιον
2861 542 3070 618 κλάδον,
3099 550 3355 623 κατῆγεν,

1791 619 1944 706 ἦγεν,
1971 618 2098 705 ἦγεν
2124 630 2194 696 εἰς
2220 628 2380 704 μέσον
2401 628 2560 687 πέδον
2577 676 2592 701 ,
2621 632 2828 687 Bacch.
2864 632 3035 691 1062.

2517 758 2580 819 14
2597 770 2616 805 1
2630 795 2644 808 .

1876 864 2212 918 Plutarchus
2249 864 2458 919 Solone
2492 882 2541 919 ο.
2586 860 2659 919 25
2708 883 2721 917 2
2756 860 2907 940 ἰσχὺν
2951 860 3006 921 δὲ
3049 864 3154 929 τοῖς
3185 863 3360 940 νόμοις

1793 954 1954 1005 πᾶσιν
1983 950 2052 1015 εἷς
2079 947 2264 1006 ἑκατὸν
2302 947 2568 1014 ἐνιαυτοὺς
2593 947 2791 1022 ἔδωκε,
2829 950 2922 1007 καὶ
2953 950 3359 1029 κατεγράφησαν

1792 1036 1865 1101 εἷς
1892 1032 2120 1103 ξυλίνους
2150 1034 2363 1111 ἄξονας,
2383 1038 2437 1094 ἐν
2465 1036 2727 1103 πλαισίοις
2749 1037 3050 1117 περιέχουσι
3077 1038 3362 1118 στρεφομέ-

1794 1145 2000 1196 νους,...
2033 1124 2124 1182 καὶ
2151 1122 2678 1205 προσηγορεύθησαν,
2707 1128 2778 1191 ὣς
2806 1124 3164 1205 Ἀριστοτέλης
3196 1126 3358 1207 φησὶ,

1793 1209 2022 1291 κῦρὸεις,
2050 1211 2139 1271 καὶ
2171 1214 2273 1290 Κρ.
2305 1211 2534 1288 κωμικὸς
2556 1212 2732 1295 εἴρηκέ
2757 1236 2860 1272 που

1892 1328 2043 1421 Πρὸς
2076 1340 2182 1394 τοῦ
2216 1329 2482 1405 Σόλωνος
2510 1330 2611 1395 καὶ
2646 1330 2980 1423 Δράκοντος
3002 1381 3020 1414 ,
3057 1328 3179 1397 οἷσι
3213 1342 3310 1397 νῦν

1892 1436 2204 1527 φρύγουσῑν
2236 1426 2360 1507 ἤδη
2405 1434 2515 1512 τὰς
2547 1436 2770 1529 κάχρυς
2803 1444 2932 1512 τοῖς
2973 1431 3260 1529 κύρὸεσιν.

1793 1562 1970 1618 Recte
1991 1563 2308 1617 Draconem
2336 1580 2569 1635 quoque
2587 1574 2888 1631 memorat,
2914 1563 2987 1619 de
3012 1580 3128 1636 quo
3153 1564 3362 1620 Gesne-

1796 1666 1892 1703 rus
1915 1649 1975 1703 in
1997 1648 2162 1708 Thes.
2183 1652 2255 1706 L.
2279 1650 2348 1705 L.
2375 1650 2456 1704 sic
2479 1649 2596 1705 sere
2625 1670 2636 1703 :
2673 1674 2697 1700 e<
2728 1652 3166 1725 Antiquissimus
3193 1654 3358 1707 Athe-

1792 1736 2074 1791 niensium
2095 1737 2407 1811 legislator,
2427 1736 2590 1808 cujus
2615 1738 2764 1812 leges
2780 1739 2960 1794 Solon
2975 1750 3372 1813 praeterquam·

1796 1843 1922 1899 quae
1941 1824 2013 1880 de
2028 1824 2180 1881 caede
2201 1835 2366 1881 erant
2383 1827 2701 1883 constitutae
2715 1867 2732 1896 ‚
2757 1826 3119 1903 abrogandas
3140 1830 3364 1883 curavit

1792 1925 2038 1990 propter
2081 1916 2464 1971 severitatem·
2486 1936 2498 1970 ε
2547 1934 2680 1972 nam
2717 1934 2832 1972 una
2873 1917 3140 1973 omnibus
3187 1936 3359 1993 poena

1795 2013 1918 2059 erat
1939 2004 2228 2078 imposita,
2259 2015 2326 2060 ut
2353 2004 2549 2074 etiam,
2595 2005 2694 2078 qui
2722 2004 2954 2061 desidiae
2982 2004 3236 2063 damnati
3263 2025 3362 2061 es-

1794 2101 1941 2159 sent,
1985 2100 2086 2146 aut
2113 2091 2214 2165 qui
2252 2093 2410 2147 olera
2455 2092 2880 2165 surripuissent‚
2924 2094 3112 2167 capite
3137 2094 3359 2167 plecte—

1794 2189 2017 2238 rentur.
2059 2180 2130 2234 V.
2163 2178 2313 2237 Gen.
2368 2198 2390 2233 1
2408 2198 2462 2248 1,
2523 2179 2612 2237 18.
2646 2204 2670 2229 ιι
2719 2179 2936 2235 Eadem
2977 2198 3010 2236 e
3053 2178 3358 2235 Plutarcho

1794 2266 1972 2322 habet
2005 2266 2184 2323 schol.
2225 2266 2516 2341 Aristoph.
2545 2266 2624 2323 ad
2649 2267 2802 2323 Nub.
2847 2268 2984 2333 448.
3018 2268 3110 2323 Ad
3145 2269 3362 2324 Cratini

1798 2351 2008 2428 Νόμους
2026 2355 2147 2409 haee
2169 2354 2364 2411 retulit
2389 2354 2588 2430 Bergk.
2619 2352 2962 2411 Commentt.
2990 2375 3049 2430 p.
3085 2374 3106 2409 1
3121 2356 3217 2429 39.

2519 2481 2645 2540 142.

1876 2587 2038 2645 Idem
2073 2589 2286 2643 Pericle
2321 2606 2374 2646 c.
2419 2587 2484 2643 13
2521 2608 2534 2642 :
2565 2585 2626 2643 τὸ
2669 2585 2723 2644 δὲ
2759 2584 2960 2664 μακρὸν
3005 2594 3206 2665 τεῖχος,
3241 2588 3362 2667 περὶ

1795 2663 1855 2732 οἷ
1879 2670 2172 2751 Σωκράτης
2198 2674 2422 2732 ἀκοῦσαί
2445 2696 2603 2752 φησιν
2638 2673 2790 2741 αὐτὸς
2828 2674 3196 2751 εἰσηγουμένου
3224 2676 3360 2753 γνώ-

1797 2785 1901 2838 μην
1928 2760 2273 2841 Περικλέους,
2308 2761 2648 2841 ἠργολάὸησε
2689 2762 3084 2839 Καλλικράτης·
3119 2764 3362 2843 κωμῳδεῖ

1796 2846 1849 2907 δὲ
1880 2848 1939 2907 τὸ
1963 2849 2110 2929 ἔργον
2137 2852 2244 2930 Κρ.
2275 2853 2345 2917 ὥς
2376 2850 2610 2930 βραδέως
2636 2850 3028 2931 περαινόμενον,

2127 2977 2328 3044 Πάλαι
2371 2976 2483 3071 γὰρ
2528 2979 2678 3042 αὐτὸ

1892 3082 2130 3174 λόγοισι
2159 3083 2428 3177 ,προάγει
2461 3081 2822 3176 Περικλέης,
2859 3083 3083 3176 ἔργοισι
3120 3073 3176 3146 δ’
3221 3074 3360 3148 οὐδὲ

3189 3214 3359 3254 κινει.

1796 3327 1956 3382 Idem
1979 3329 2196 3401 scripto
2223 3330 2310 3383 De
2335 3329 2518 3402 gloria
2544 3327 2748 3383 Athen.
2778 3345 2839 3399 p.
2871 3323 3011 3398 351,
3039 3327 3088 3379 A
3123 3344 3134 3377 :
3189 3322 3363 3380 καίτοι

1796 3412 1886 3470 καὶ
1908 3417 2088 3471 τοῦτον
2111 3412 2127 3492 (
2149 3413 2458 3488 Periclem)
2481 3415 2552 3478 ὡς
2573 3409 2806 3491 βραδέως
2825 3409 3046 3467 ἀνύοντα
3069 3416 3174 3474 τοῖς
3197 3409 3363 3490 ἔργοις

1796 3499 2142 3560 ἐπισκώπτων
2167 3503 2276 3578 Κρ.
2303 3498 2440 3558 οὕτω
2477 3521 2590 3565 πως
2618 3497 2758 3576 λέγει
2799 3496 2919 3574 περὶ
2950 3501 3042 3555 τοῦ
3087 3494 3171 3554 διὰ
3197 3497 3360 3572 μέσου

1797 3587 2036 3668 τείχους,
2061 3587 2277 3667 Λόγοισι
2295 3588 2416 3646 κτλ.
2449 3613 2474 3642 ι
2509 3587 2766 3645 Medium
2783 3604 3012 3642 murum
3041 3587 3183 3642 dicit
3203 3605 3358 3656 eum,

1798 3682 1901 3753 qui
1927 3680 2074 3735 inter
2098 3679 2456 3735 Phalericum
2483 3687 2541 3733 et
2559 3677 2864 3747 Piraicum,
2887 3676 3004 3731 sive
3031 3675 3320 3730 borealem
3343 3717 3358 3742 ,

1798 3765 2202 3840 interjacebat3
2234 3785 2406 3841 quem
2450 3783 2679 3821 murum
2706 3764 2842 3838 quia
2881 3761 3122 3818 Pericles
3153 3761 3359 3818 identi-

1798 3856 1930 3912 dem
1968 3875 2026 3912 se
2056 3855 2468 3912 aedificaturum
2508 3871 2624 3910 esse
2659 3852 2870 3908 frustra
2902 3851 3262 3925 promiserat,
3297 3869 3360 3905 en

1798 3946 2088 4001 cunctatio
2103 3955 2286 4019 poetae
2306 3941 2584 3999 irridendi
2598 3943 2707 3998 viri
2723 3940 3210 4016 opportunitatem
3225 3957 3364 4013 prae·

1798 4032 1966 4087 buit:
1988 4031 2286 4099 Ceterum,
2317 4048 2389 4086 ne
2417 4031 2510 4085 cui
2543 4029 2839 4086 dissentire
2866 4045 3060 4084 secum
3088 4026 3238 4082 Plut.
3269 4028 3362 4080 vi—

1800 4120 2027 4190 deatur,
2076 4121 2256 4176 altero
2285 4120 2493 4175 horum
2531 4121 2791 4174 locorum
2818 4114 2878 4174 τὸ
2921 4110 3122 4190 μακρὸν
3165 4119 3362 4188 τεῖχος,

1800 4209 1980 4264 altero
2009 4218 2200 4265 autem
2227 4205 2288 4264 τὸ
2319 4203 2403 4264 διὰ
2433 4204 2596 4282 μέσου
2623 4207 2824 4262 eadem
2853 4207 2910 4260 in
2938 4223 3002 4260 re
3033 4203 3248 4275 dicens,
3281 4213 3362 4256 te·

1800 4297 2052 4352 nendum
2073 4305 2177 4365 est,
2205 4306 2344 4354 vett.
2372 4296 2682 4369 scriptores
2706 4293 2778 4350 de
2799 4292 3020 4348 boreali
3061 4302 3115 4347 et
3133 4289 3326 4344 medio
3345 4331 3361 4362 ,

1799 4384 1918 4438 sive
1959 4384 2223 4451 australi,
2277 4401 2443 4438 muro
2486 4399 2902 4455 nonnunquam
2944 4381 3023 4434 ita
3067 4378 3258 4453 loqui,
3301 4388 3365 4431 ut

1802 4471 1974 4526 ambo
2009 4489 2120 4546 pro
2163 4489 2282 4526 uno
2327 4471 2682 4526 munimento
2723 4469 2986 4524 habuisse
3026 4467 3360 4533 videantur;

1802 4556 1976 4630 idque
2017 4569 2320 4632 propterea
2341 4597 2357 4625 ,
2399 4568 2567 4632 puto,
2601 4556 2736 4628 quia
2772 4555 2995 4610 medius
3033 4554 3129 4609 ille
3168 4571 3365 4608 murus

2530 4763 2642 4811 141.

1800 4847 1903 4898 Per
1927 4844 2180 4900 Solonem
2206 4853 2260 4900 et
2291 4849 2624 4910 Draconem,
2651 4843 2850 4917 quibus
2873 4861 3022 4902 nune

1792 4930 1908 5002 jam
1937 4937 2145 4986 torrent
2165 4930 2432 4988 hordeum
2457 4931 2640 5003 legum
2665 4931 2864 4988 tabulis
2887 4931 3097 5004 ligneis.

2526 5025 2640 5074 142.

1873 5103 2094 5160 Dudum
2115 5105 2261 5160 euim
2283 5120 2502 5162 murum
2527 5106 2686 5164 illum

1796 5190 1974 5246 verbis
2002 5201 2280 5264 promovet
2311 5195 2570 5260 Pericles,
2603 5212 2659 5250 re
2689 5211 2796 5250 non
2827 5201 3006 5251 movet
3027 5191 3320 5248 tantillum.
