3809 5850
1617 463 1976 528 omium.

3288 483 3401 533 51²?

184 609 275 664 etsi
296 619 382 662 ter
407 603 482 661 ad
509 613 694 680 partes
725 613 896 660 vocat
921 602 1328 676 Ophelionem;
1359 613 1418 658 et
1438 619 1582 676 quas
1609 618 1743 676 pos·
1834 598 1994 654 Libri
2024 591 2257 654 Λιὸυκὸν
2289 591 2476 672 πέπερι
2504 594 2751 674 θυμίαμα·
2766 598 2857 656 καὶ
2880 598 3107 678 βιὸλίον,
3138 621 3265 677 quat
3292 605 3404 660 du-

184 705 354 750 tremo
383 691 480 747 ille
509 691 761 746 nominat
778 729 796 758 ,
824 688 1060 744 sortasse
1096 705 1206 763 per
1243 706 1528 756 errorem,
1559 685 1744 745 Σατύ-

184 801 321 856 ρους,
353 774 604 846 Modum,
632 787 690 832 et
719 772 1086 854 Μονότροπον,
1121 773 1452 851 Phrynicho
1476 776 1738 851 assignat.

182 869 432 923 Ceterum
455 865 660 922 mediae
681 864 868 939 poetis
899 863 1200 920 comoediae
1237 864 1616 940 Ophelionem
1649 883 1742 920 ac·

181 956 359 1010 censui
389 955 636 1010 maxime
665 962 908 1027 propter
935 949 1190 1008 Platonis
1231 951 1738 1008 commemoratio-

179 1061 296 1096 nem
326 1043 528 1100 Athen.
561 1058 620 1110 α,
649 1059 710 1115 p.
737 1039 838 1100 66.
881 1041 955 1096 D.
985 1039 1208 1112 Quodsi
1244 1040 1489 1098 eundem
1509 1081 1528 1114 ‚
1569 1057 1740 1114 quem

177 1129 564 1204 Theopompus
584 1168 602 1198 ,
631 1127 1030 1185 Callaeschmm
1057 1129 1402 1203 excogitavit
1426 1172 1443 1203 ,
1464 1128 1582 1201 jam
1609 1139 1740 1184 ante

179 1217 518 1274 centesimam
542 1213 928 1292 olympiadem
947 1212 1101 1292 (antu
1131 1214 1264 1276 Chr.
1283 1225 1403 1274 nat.
1443 1213 1736 1292 379-376)

179 1307 376 1362 fabulas
400 1306 666 1362 docuisse
699 1302 1012 1360 censendus
1039 1313 1138 1360 est.
1176 1329 1200 1354 ι
1231 1305 1282 1359 Ε
1312 1305 1396 1362 Μ.

720 1437 766 1493 Ι.
811 1432 1178 1494 ΙΑΛΕΜΟΣ.

259 1565 447 1622 Athen.
473 1563 614 1640 3,p.
641 1561 772 1633 106,
799 1567 881 1634 A,
902 1562 976 1620 de
997 1563 1230 1619 nomine
1254 1561 1403 1640 καρὶς
1425 1563 1734 1621 disserens:

184 1648 262 1705 ul
277 1647 444 1728 Ὼφ...
471 1649 526 1706 ἔν
549 1604 818 1728 Ἰαλίμιίι,

266 1757 582 1856 ὀρχοῢνθᾎ
621 1759 772 1854 ἅπερ
803 1751 1052 1854 καρῖδες
1079 1761 1447 1852 ἀνθράκων*
1415 1789 1518 1830 em

262 1861 496 1942 πηδῶσι
523 1867 770 1958 κυρταί.

185 1997 331 2050 Versu
382 2013 404 2050 1
454 1997 534 2052 sic
573 1977 911 2053 Meinekius.
939 1993 1132 2070 Libri,
1161 1996 1492 2071 glossemate
1524 1998 1736 2052 incon-

183 2082 350 2150 cinne,
367 2099 482 2156 quo
501 2081 824 2139 maculatus
837 2083 1008 2140 etiam
1023 2093 1108 2140 est
1126 2084 1280 2144 Eust.
1303 2085 1378 2143 ad
1399 2087 1467 2142 11.
1481 2103 1542 2162 p.
1559 2104 1732 2158 1220,

185 2165 272 2238 54,
293 2166 572 2248 Ὼρχοῧντο
599 2167 814 2247 ὥσπερ,
837 2170 962 2229 VL.
994 2173 1088 2238 ὣς.
1118 2173 1300 2229 Etiam
1325 2175 1383 2228 in
1411 2174 1584 2231 Arist.
1615 2178 1726 2250 Ly-

184 2259 306 2312 sistr.
338 2257 408 2326 84
433 2271 582 2316 stare
605 2269 802 2334 posset
835 2255 1000 2337 ἅπερ,
1025 2263 1284 2336 quamvis
1323 2263 1570 2322 Acharn.
1612 2263 1728 2319 685

185 2343 368 2403 habeat
387 2345 589 2404 eodem
616 2365 780 2404 sensu
801 2342 960 2426 ᾇπερ,
991 2349 1092 2419 (ΒΣ,
1117 2349 1164 2404 si
1193 2351 1332 2406 tanti
1361 2361 1442 2407 est
1459 2390 1476 2421 ,
1499 2367 1631 2408 ann.
1657 2351 1732 2410 ad

187 2435 342 2496 Thuc.
369 2435 404 2491 8
424 2480 442 2513 ‚
470 2437 570 2504 48.

591 2562 674 2624 ll.
723 2563 1287 2625 ΚΑΛΔΑῘΣΧΡΟΣ.

258 2693 444 2753 Athen.
468 2695 546 2752 ib.
571 2712 588 2754 t
617 2691 752 2774 Ὦς).
782 2693 1172 2776 Καλλαίσχρῳ,

268 2805 495 2900 Κυρταὶ
525 2803 584 2876 δ’
627 2814 778 2901 ὁμοῦ
807 2801 1054 2901 καρῖδες
1087 2815 1148 2878 ἐν
1181 2806 1338 2906 ξηρῷ
1365 2807 1556 2898 πέδῳ.

193 2934 280 2989 Vix
293 2946 476 3011 aptum
491 2938 788 2995 sententiae
807 2938 973 3013 ὁμοῦῑ
995 2942 1259 3015 suspicor
1277 2953 1506 3017 poetam
1530 2944 1731 3000 dixisse

194 3014 368 3093 ὅπως,
389 3024 565 3086 intell.
587 3024 802 3096 πηδῶσι
825 3026 1043 3101 quippe
1065 3029 1304 3086 turbata
1325 3030 1540 3105 squillae
1559 3042 1732 3105 atque

199 3110 382 3183 anxia,
407 3114 466 3168 in
495 3122 710 3171 terram
737 3112 948 3187 ejectae.

217 3236 674 3303 monaulum
717 3246 1180 3306 FABULARUM
1221 3248 1692 3309 FRAGMENTA.

927 3380 948 3417 1
961 3402 974 3416 .

262 3464 447 3525 Athen.
477 3486 537 3538 ο,
559 3488 622 3543 p.
657 3466 766 3539 43,
787 3468 878 3526 F:
921 3466 1188 3534 Εὗὸουλος
1217 3470 1310 3545 (v.
1346 3490 1478 3531 ann.
1513 3472 1586 3528 ad
1613 3472 1732 3546 ejus

199 3546 472 3624 fragmenta
493 3556 754 3615 incert.1
769 3554 832 3631 1)
859 3554 1146 3633 εὑρετικούς
1170 3576 1298 3634 φησι
1323 3554 1380 3613 τὸ
1405 3556 1543 3636 ὕδωρ
1565 3566 1731 3617 ποιεῖν

199 3630 296 3701 τους
316 3636 541 3708 πίνοντας
565 3638 702 3700 αὐτὸ
722 3639 902 3717 μόνον,

277 3752 382 3819 Τὸν
406 3746 464 3821 8’
493 3752 644 3825 οἶνον
674 3762 850 3850 ἡμῶν
879 3768 971 3845 τῷ
1007 3765 1240 3851 φρονεῖν
1273 3764 1645 3828 ἐπισκοτεῖν.

202 3870 272 3931 Τὰ
289 3875 408 3937 aaz&
428 3879 474 3939 δ’
491 3878 712 3959 ἴαμὸεῑσι
737 3882 829 3941 καὶ
861 3881 1124 3963 Ὠφελίων
1153 3885 1302 3963 φησί.

921 4016 972 4053 2·

271 4104 452 4163 Athen.
491 4110 572 4169 ih.
618 4130 678 4187 p.
720 4111 818 4181 66,
871 4114 976 4167 D:
1018 4108 1098 4169 ὅτι
1144 4112 1216 4177 εἷς
1259 4110 1318 4169 τὸ
1358 4112 1606 4191 πρόπομα
1642 4114 1732 4169 καὶ

210 4190 346 4247 ταῦτα
369 4192 732 4273 ἐνεόιίλλσντο,
765 4194 988 4276 πέπερι,
1029 4196 1242 4278 φυλλις,
1275 4200 1513 4279 σμύρνα,
1543 4200 1728 4259 κῦπει-

213 4278 466 4359 ρω,μύρον
489 4283 836 4363 Αἰγύπτιον...
861 4284 992 4366 'Q

289 4390 518 4463 Διςυκόν
549 4425 618 4467 τε
645 4399 950 4493 Θυμίαμα·
980 4400 1100 4493 (μὴ
1115 4400 1263 4489 ).καὶ
1293 4398 1526 4485 βιὸλίον

291 4500 584 4583 Πλάτωνος
616 4502 1044 4599 ἐμὸρόντητον.

1831 687 2065 761 pliciter
2090 684 2399 758 depravata
2442 698 2619 744 sunt.
2606 696 2626 720 ‘
2652 689 2899 762 primum
2928 691 3261 765 glossemate
3292 696 3405 748 im-

1832 775 2031 844 misso,
2068 791 2255 874 eoque
2276 771 2465 830 falso:
2498 793 2687 848 neque
2720 778 2872 832 enim
2902 776 3143 853 θυμίαμα
3174 777 3424 838 Λιὸυκὸνι

1833 859 1893 916 h.
1926 861 1965 918 l.
1994 871 2079 917 est
2110 861 2303 936 piper,
2330 861 2433 917 sed
2458 874 2817 936 unguentum
2853 865 3211 936 Africanum,
3242 865 3405 944 μύρον

1833 943 2143 1022 Αἰγύπτιον,
2172 947 2333 1021 quod
2373 949 2468 1004 ine
2508 947 2807 1006 admisceri
2850 953 2984 1008 vino
3022 952 3211 1025 jubet,
3244 971 3410 1010 more

1831 1035 2197 1110 Graecorum,
2225 1035 2298 1091 de
2323 1052 2441 1108 quo
2478 1036 2729 1096 AElianus
2758 1042 2823 1096 V.
2859 1037 2927 1096 H.
2973 1059 3063 1110 12,
3094 1042 3220 1098 31:
3255 1039 3405 1119 μύρῳ

1831 1111 1967 1181 οἶνον
2010 1119 2281 1200 μιγνύντες
2310 1117 2473 1186 οὕτως
2502 1118 2731 1194 ἔπινον,.
2741 1166 2777 1183 ..
2815 1123 2907 1182 καὶ
2940 1127 3175 1186 ἐκαλεῖτο
3210 1130 3238 1185 ὁ
3274 1096 3407 1192 οἶνος

1832 1211 2066 1291 μυρίνης.
2092 1213 2337 1288 Deinde,
2358 1209 2682 1270 oblitterata
2705 1213 2855 1271 forte
2876 1217 3157 1290 particula
3177 1214 3253 1289 μὴ
3273 1229 3405 1291 post

1830 1322 1982 1376 -μα,
2012 1302 2167 1358 velut
2186 1317 2393 1356 nervus
2430 1303 2719 1358 sententiae
2750 1302 2955 1358 incisus
2982 1315 3093 1373 est,
3124 1305 3405 1378 siquidem

1829 1391 1923 1445 his
1946 1390 2134 1448 verbis
2156 1388 2539 1446 admonentur
2566 1391 2874 1459 Platonici,
2907 1409 2979 1446 ne
3004 1394 3173 1448 etiam
3196 1394 3403 1450 librum

1829 1477 2075 1550 aliquem
2104 1475 2395 1551 stupidum
2426 1473 2813 1554 (ἔμὸρόντητον
2844 1495 2856 1531 :
2884 1495 2942 1536 v.
2973 1483 3071 1538 Ar.
3099 1479 3399 1542 Ecclesiaz.

1831 1560 1987 1641 793)
2020 1564 2269 1622 Platonis
2300 1565 2569 1637 afferant,
2606 1563 3035 1640 praelegendum
3072 1567 3131 1622 in
3182 1586 3403 1642 propo·

1827 1663 2013 1720 mate3
2052 1651 2539 1724 quemadmodum
2580 1653 2911 1730 philosophi
2966 1653 3191 1712 irrideri
3232 1675 3265 1712 a
3291 1657 3401 1712 Co·

1827 1738 1988 1794 micis
2012 1738 2213 1795 solent.
2246 1739 2435 1799 Elmsl.
2465 1737 2693 1800 Λιὸυκόν
2715 1762 2772 1798 τι
2795 1736 3005 1820 πέπερι,
3022 1745 3092 1821 9.,
3117 1743 3273 1816 quod
3298 1760 3403 1817 pa-

1827 1844 1955 1882 rum
1990 1837 2089 1884 est.

2592 1937 2645 1996 3.

1905 2059 2119 2118 Athen.
2165 2058 2307 2116 ibid.
2338 2061 2381 2116 F
2424 2079 2437 2116 z
2482 2060 2717 2137 Καρικοῦ
2764 2061 2919 2136 (scil.
2966 2060 3143 2120 ἐλαίου
3185 2084 3399 2139 μνημο-

1827 2141 1997 2222 νεύει)
2034 2143 2167 2222 Ὠφ.

1922 2297 2020 2306 —
2052 2252 2259 2341 Ἐλαίῳ
2328 2267 2575 2349 Καρικῷ
2606 2254 2667 2325 δ’
2702 2260 3035 2353 ἀλείφεται.

1827 2383 1999 2524 {lette
2022 2379 2066 2438 δ’
2098 2383 2305 2439 excidit
2326 2396 2453 2441 ante
2480 2405 2511 2439 α
2543 2384 2633 2459 (Δ’
2664 2387 2775 2462 Α),
2809 2389 2967 2462 quod
2990 2392 3297 2466 suspicatus
3321 2403 3401 2449 est

1887 2489 1998 2528 em.

1881 2689 2257 2764 -flesychiuS‚
2298 2679 2435 2756 Ἶσις
2488 2711 2499 2746 :
2542 2687 2669 2748 ἔνιοι
2709 2690 2985 2766 ὀμνύοντες
3024 2691 3119 2762 τὴν
3159 2683 3297 2752 Ἶσιν
3344 2691 3397 2760 ἐξ

1827 2773 2035 2850 ἑτοίμου
2056 2774 2282 2834 ἐνόσουν.
2316 2779 2558 2853 (Specta
2572 2783 3030 2853 superstitionem
3054 2782 3203 2838 illius
3224 2784 3395 2838 etiam

1825 2861 2159 2922 Graecorum
2220 2866 2320 2920 aevi
2338 2907 2355 2937 ,
2404 2883 2475 2922 ne
2528 2885 2739 2922 nomen
2800 2869 3033 2943 quidem
3098 2868 3215 2925 deae
3271 2888 3395 2927 san·

1829 2952 2089 3007 ctissima
2134 2963 2259 3013 tuto
2308 2958 2675 3028 pronuntiari
2724 2976 2889 3031 posse
2953 2959 3319 3019 existimantis
3340 2960 3391 3029 !)

1823 3034 1987 3096 Ὅθεν
2008 3040 2038 3097 ὁ
2063 3037 2328 3113 Φιλήμων
2367 3038 2465 3097 διὰ)
2479 3038 2541 3099 τὸ
2568 3040 2783 3118 συνεχὲς
2806 3045 2909 3100 τῶν
2934 3042 3100 3101 νόσων
3130 3044 3395 3121 ἐχρήσατο

1825 3128 1888 3204 τῇ
1916 3122 2075 3196 λέξαι.
2112 3152 2137 3179 «ι
2162 3131 2247 3188 Ita
2274 3130 2565 3207 Musurust,
2592 3142 2651 3189 at
2676 3132 2863 3190 codex
2884 3130 3181 3213 ὠφελίμων.
3214 3137 3398 3210 Ophe-

1827 3216 1995 3271 lionis
2033 3235 2243 3273 nomen
2284 3221 2693 3276 restituendum
2736 3240 2852 3277 esse
2888 3226 3083 3277 monui
3124 3224 3283 3297 praef.
3322 3225 3397 3279 ad

1825 3304 2203 3361 Menandrum
2228 3324 2288 3380 p.
2326 3324 2408 3365 ιιι.
2436 3310 2523 3363 De
2549 3308 2715 3364 Isidis
2736 3308 3061 3381 juramento
3082 3328 3135 3367 ν.
3164 3311 3235 3366 ad
3266 3312 3395 3366 Phi-

1827 3392 1957 3447 lem.
1998 3411 2055 3465 p.
2102 3392 2217 3456 430
2258 3393 2376 3465 (ed.
2398 3413 2489 3467 pr.
2518 3394 2556 3469 ).
2586 3420 2608 3444 ι·
2636 3398 2821 3457 Mein.

2542 3546 2681 3557 ...—

2544 3636 2685 3695 LV!-

2438 3784 2485 3849 A
2500 3784 2779 3852 LEXIS.

1910 3928 1933 3955 κ
1964 3908 2181 3979 Alexis,
2227 3911 2470 3982 Thurin,
2496 3932 2623 3986 quae
2662 3914 2796 3968 urbs
2836 3925 2997 3969 antea
3034 3914 3262 3987 Sybaris
3289 3933 3397 3969 vo·-

1827 4004 1952 4051 cata
1979 3992 2119 4066 fuit,
2150 3998 2461 4074 oriundus,
2493 4013 2559 4057 ut
2597 4011 2873 4057 testantur
2904 4001 3105 4058 Suidas
3126 4021 3181 4061 ν.
3204 3995 3399 4067 Ἄλεξις

1825 4100 1883 4145 et
1918 4092 2292 4165 Anonymus
2276 4113 2335 4148 m
2360 4096 2501 4150 Bibl.
2532 4096 2763 4155 Coislin.
2811 4116 2871 4170 p.
2904 4096 3039 4171 597,
3073 4098 3271 4153 Atticae
3312 4099 3399 4153 ci·

1825 4178 1987 4234 vitati
2019 4178 2334 4255 adscriptus
2368 4194 2452 4239 est
2488 4182 2829 4261 (Stephanus
2873 4188 3103 4259 Byzant.
3148 4204 3209 4261 p.
3244 4185 3357 4241 510
3380 4228 3396 4260 ,

1829 4253 1960 4323 Οἶον
1998 4286 2008 4320 ·.
2055 4266 2219 4342 δῆμος
2248 4271 2339 4339 τῆς
2378 4270 2650 4337 Λεοντίδος
2678 4272 2862 4350 φυλῆς.
2910 4270 2962 4337 ἐξ
3005 4271 3137 4331 Οἴου
3180 4268 3393 4339 ’.Αλεξις

1774 4388 1780 4405 .
1825 4354 1911 4412 cf.
1940 4356 2149 4415 Meurs.
2178 4360 2264 4415 De
2294 4379 2433 4434 pop.
2459 4364 2577 4418 Att.
2604 4380 2666 4435 p.
2697 4360 2842 4434 85);
2870 4380 3055 4436 neque
3092 4364 3243 4419 solus
3270 4362 3393 4431 illc,

1774 4442 1781 4483 i
1825 4442 1922 4499 sed
1944 4444 2146 4499 Thurii
2164 4465 2341 4547 quum
2366 4450 2592 4505 circiter
2622 4448 2837 4524 olymp.
2870 4470 2970 4523 97,
3000 4450 3031 4505 3
3070 4450 3230 4523 (ante
3264 4450 3395 4507 Chr.

1829 4541 1947 4588 nat.
2004 4530 2149 4607 389)
2201 4536 2263 4593 in
2315 4536 2644 4593 servitutem
2694 4537 2881 4593 abacti
2930 4539 3040 4593 sint
3080 4558 3111 4593 a
3155 4540 3399 4593 Lucanis

225 4622 3383 4665 Μ

782 4692 1129 4749 lALEMUs.

217 4762 483 4842 saltabant,
510 4782 572 4833 ut
591 4778 804 4851 aquillae
827 4794 991 4852 super
1019 4778 1280 4835 carbones

217 4851 430 4915 exsilium
449 4870 642 4921 eurvae

677 4952 1241 5010 CALLA-BCHRUS.

222 5020 380 5084 curvae
395 5030 544 5091 simul
568 5037 809 5103 (sicum
837 5036 1051 5110 squillae
1081 5038 1138 5093 in
1161 5035 1315 5093 arido
1341 5036 1480 5093 solo.

543 5126 640 5181 Ex
673 5126 1006 5184 INCERTIS
1045 5124 1371 5182 FABULlS.

923 5218 973 5267 1.

235 5279 500 5363 Vinumque
523 5296 677 5357 nobis
699 5298 1112 5373 intelligentiam
1143 5297 1450 5355 obscurare.

1832 4831 2202 4906 Libycumque
2218 4848 2558 4909 unguentum
2580 4858 2595 4903 ς
2627 4854 2756 4897 cave
2779 4840 2943 4895 etiam
2968 4838 3167 4893 librum

1835 4920 2075 4980 Platonis
2106 4922 2405 4981 absurdum
2430 4928 2683 4995 injicias.

2593 5076 2645 5129 3.

1833 5194 1969 5249 Oleo
1990 5201 2168 5249 autem
2199 5193 2389 5281 §arico
2412 5192 2637 5264 ungitur
