3809 5850
428 383 505 434 56

1414 371 1820 433 coMOEmAE
1868 367 2195 432 vsswms
2240 365 2652 441 RELIQUIAE.

421 505 616 581 εἴποις,
640 503 730 562 καὶ
762 503 1027 582 χελώνης,
1057 502 1148 560 καὶ
1179 502 1507 582 σφενδάμνου
1537 502 1628 560 καὶ
1656 500 1989 582 σφενδαμνί-
2087 503 2210 560 θῶν.
2260 502 2588 560 scribamus
2630 501 2697 557 ἐν
2734 499 2974 577 κριθῶν
3016 497 3223 576 χλόῃ,
3268 503 3367 573 qui
3410 513 3495 556 est
3538 501 3663 558 finis

419 614 542 664 νην·
589 612 715 666 quae
743 603 1031 670 postrema
1074 592 1210 650 fort.
1258 609 1326 648 ex
1370 594 1718 668 glossemate.
1754 593 1929 648 Mein.
1977 610 1991 648 ε

427 708 450 730 «
487 680 707 738 Mensas
724 681 1158 762 lautissimarum
1183 680 1484 755 epularum
1507 690 1787 756 apparatu
1809 681 1995 758 splen-

419 767 616 828 dentes
633 770 840 846 puellis
859 778 1156 848 comparat
1169 769 1338 826 hilari
1349 771 1512 828 vultu
1528 768 1940 825 renidentibus.
1970 793 1991 817 ι»

1167 898 1256 938 10.

501 990 664 1050 Idem
690 991 772 1052 ib.
802 1011 863 1068 p.
891 987 989 1062 56,
1015 995 1095 1064 Ε,
1121 987 1436 1070 Ῥαφανίδες
1471 1008 1485 1049 :
1525 979 1680 1048 αὗται
1713 988 1995 1059 κέκληνται

421 1079 509 1139 διὰ
548 1078 609 1137 τὸ
651 1075 839 1159 ῥᾳδίως
866 1077 1138 1158 φαίνεσθαι
1163 1074 1224 1154 (Ρ)
1272 1076 1364 1136 καὶ
1405 1073 1770 1152 ἐκτεταμένως
1806 1075 1862 1134 δὲ
1902 1078 1994 1133 καὶ

421 1163 562 1229 κατὰ
583 1163 843 1236 συστολὴν
869 1164 1083 1242 λέγεται
1108 1159 1256 1244 παρὰ
1280 1163 1552 1230 Ἀττικοῖς.
1586 1166 1692 1244 Κρ.

517 1283 668 1362 Ταῖς
697 1287 972 1376 ῥαφανῖσι
1000 1274 1192 1366 δοκεῖ,
1209 1289 1340 1360 τοῖς
1369 1274 1429 1348 δ’
1463 1279 1680 1360 ἄλλοις
1706 1287 1773 1349 οὐ
1796 1280 1996 1374 λαχά-

1815 1413 1987 1454 νοισι.

425 1517 696 1574 Similiter
717 1517 1011 1590 Aristoph.
1038 1516 1190 1574 Plut.
1223 1513 1296 1581 54
1332 1536 1349 1568 :

505 1625 774 1707 Μαλάχης
798 1627 1079 1707 πτόρθους,
1119 1627 1234 1685 ἀντὶ
1271 1625 1324 1684 δὲ
1355 1625 1521 1704 μάζης
1563 1625 1760 1707 φυλλεῖ’
1802 1628 1994 1704 ἰσχνῶν

1674 1712 1990 1794 ῥαφανίδων.

424 1827 614 1883 Draco
643 1826 894 1884 Straton.
921 1845 982 1902 p.
1011 1825 1115 1896 80,
1159 1821 1192 1882 5
1222 1843 1237 1883 ε
1268 1823 1486 1904 ῥαφανὶς
1524 1823 1806 1904 διφορεῖται
1848 1823 1909 1882 τὸ
1937 1824 1996 1889 ἦ·

427 1911 654 1978 ἅττικῶς
681 1908 782 1990 γὰρ
817 1909 1062 1986 ἐκτείνει,
1091 1912 1162 1978 ὥς
1189 1909 1337 1992 παρὰ
1383 1911 1634 1992 Κρατίνῳ
1659 1909 1713 1970 ε”ν
1741 1934 1848 1970 τισι
1891 1913 1996 1969 τῶν

429 1999 572 2058 ἐπῶν
603 2000 788 2074 αὗτοῧ,
811 2002 881 2066 ὥς
911 1999 970 2058 τὸ
999 1997 1283 2080 Ῥαφανῖσι
1307 2034 1384 2044 --
1411 2000 1708 2080 λαχάνοισι·
1739 1998 1860 2080 παρ’
1891 2001 1993 2059 Εὖ·

428 2085 606 2144 πόλιδι
639 2085 696 2145 δὲ
738 2085 1095 2146 συστέλλεται·
1125 2089 1228 2144 ubi
1268 2088 1588 2164 legebatur,
1625 2089 1838 2146 mendo
1879 2087 1995 2146 fre-

428 2185 668 2250 quente,
702 2175 925 2240 ἀττικῶς
964 2173 1020 2232 δὲ
1053 2206 1134 2222 —
1160 2172 1214 2233 ἔν
1241 2197 1373 2250 τινι,
1417 2189 1474 2232 et
1510 2175 1790 2254 λαχάνοις,
1837 2177 1997 2250 quod

430 2266 598 2323 etiam
619 2265 831 2324 Athen.
864 2265 1043 2321 hahet
1068 2277 1270 2321 ruente
1297 2284 1484 2324 versu.

1167 2399 1260 2440 11.

509 2491 713 2547 Athen.
743 2509 802 2561 α,
827 2511 890 2566 p.
919 2492 1017 2562 67,
1041 2491 1088 2551 C
1114 2512 1126 2546 z
1156 2489 1339 2569 Γάρος.
1377 2493 1476 2570 xp.

529 2613 583 2683 (⁰)
618 2617 878 2709 τάλαρος
909 2622 1051 2708 ὑμῖν
1085 2608 1394 2694 διάπλεως
1423 2620 1596 2683 ἔσται
1627 2618 1830 2712 γάρου.

431 2752 568 2830 Σοφ.
600 2748 958 2829 Τριπτολέμῳ
995 2775 1021 2804 ι
1044 2752 1154 2809 Τοῦ
1181 2756 1469 2830 ταριχηροῦ
1500 2750 1685 2830 γάρου.
1725 2777 1748 2802 ι
1785 2753 2000 2808 Eadem

429 2859 525 2916 ap.
560 2841 852 2895 Pollucem
881 2839 939 2907 6,
967 2838 1065 2909 65,
1107 2842 1316 2896 omisso
1342 2837 1508 2910 ἔσται,
1538 2841 1638 2896 sed
1665 2852 1818 2896 recte
1848 2842 1996 2915 ὑμῖν,

432 2948 608 3005 quum
634 2928 791 3005 apud
814 2930 948 2987 Ath.
979 2930 1202 3003 legatur
1229 2929 1395 3003 ὑμῶν.

1170 3058 1262 3095 12.

509 3154 672 3211 Idem
716 3173 782 3225 2,
815 3172 875 3229 p.
909 3151 1010 3222 68,
1038 3155 1088 3208 A
1120 3172 1131 3206 :
1176 3151 1236 3207 τὸ
1270 3151 1324 3209 δὲ
1356 3154 1502 3230 ῥῆμα
1543 3149 1823 3229 (ἀρτύειν)
1855 3151 2000 3230 παρὰ

437 3240 698 3321 Σοφοκλεῖ
722 3265 747 3291 ιι
772 3236 917 3313 Ἐγὼ
941 3239 1187 3317 μάγειρος
1215 3236 1426 3318 ἀρτύσω
1450 3240 1643 3318 σοφῶς.
1685 3266 1708 3290 n
1739 3240 1840 3317 Κρ.

531 3371 800 3430 Γλαῦκον
837 3367 904 3431 οὐ
941 3364 1085 3455 πρὸς
1121 3364 1352 3441 παντὸς
1391 3353 1598 3454 ἀνδρός
1633 3366 1796 3429 ἐστιν
1828 3366 2005 3456 ἀρτῦ-

1650 3495 1749 3534 σαι
1779 3476 2002 3548 καλῶς.

433 3610 709 3684 Casaub.,
731 3609 966 3665 Grotius
988 3610 1257 3683 Excerpt.
1285 3628 1348 3683 p.
1375 3610 1513 3685 489,
1536 3611 1825 3666 Por-sonus
1845 3612 2002 3687 praef.

434 3698 686 3765 Hecubae
720 3716 782 3773 p.
818 3695 917 3765 54,
950 3697 1313 3753 consentiunt
1341 3700 1401 3751 in
1427 3696 1692 3753 addenda
1731 3718 1877 3755 voce
1905 3700 2001 3756 ἀν-

431 3783 570 3862 δρός,
595 3803 721 3861 quae
751 3786 910 3839 abest
933 3801 966 3839 a
985 3784 1146 3838 libris
1171 3782 1303 3842 Ath.
1334 3787 1421 3839 De
1441 3787 1661 3857 glauco,
1697 3789 1850 3863 pisce
1879 3808 2004 3845 ma-

435 3873 567 3927 rino
586 3912 604 3941 ,
659 3871 807 3929 Plin.
852 3889 911 3943 9,
967 3870 1057 3941 16;
1105 3869 1200 3944 39,
1261 3889 1284 3926 1
1303 3890 1352 3941 1,
1401 3872 1579 3927 Stein.
1627 3874 2003 3949 Naleaergesch.

435 3976 494 4033 p.
526 3957 665 4031 357,
693 3967 807 4014 etc.

1181 4070 1271 4126 13.

517 4188 678 4244 Idem
707 4188 789 4245 ib.
821 4206 885 4263 p.
913 4187 1010 4261 69,
1049 4190 1102 4244 D
1132 4211 1143 4242 ;
1180 4189 1283 4264 Κρ.
1319 4185 1375 4245 δι’
1415 4210 1573 4267 φησι,
1618 4188 1842 4257 Φάωνος
1880 4192 2007 4268 ἐρα-

437 4276 654 4333 σθεῖσαν
703 4271 799 4344 τὴν
848 4271 1150 4353 Ἀφροδίτην
1197 4275 1263 4354 ἐν
1308 4276 1544 4342 καλαῖς
1575 4282 1604 4333 θ
1622 4300 1650 4355 ρ
1669 4278 1771 4335 ιδα
1788 4277 1886 4336 κίν
1903 4303 1937 4336 α
1957 4303 2008 4345 ις

439 4360 594 4421 αὐτὸν
621 4359 952 4441 ἀποκρύψαι,
981 4361 1241 4440 Μαρσύας
1265 4362 1308 4419 δ’
1329 4367 1356 4421 ὁ
1380 4362 1622 4442 νεώτερος
1649 4366 1704 4423 ἐν
1730 4365 1864 4443 χλόῃ
1895 4389 2009 4443 κρι-

1188 4537 1270 4587 10.

439 4617 724 4689 Raphanis
747 4616 950 4689 placet,
979 4620 1090 4674 no'n
1121 4634 1251 4675 vero
1274 4622 1467 4677 ceteris
1491 4621 1752 4679 oleribus.

1187 4712 1206 4760 ί
1224 4710 1273 4759 1.

439 4788 650 4861 Qualus
675 4787 824 4847 vobis
847 4790 1161 4863 implebitur
1182 4808 1330 4863 garo.

1182 4885 1204 4934 1
1217 4886 1266 4935 2.

443 4966 568 5021 Non
587 4960 824 5038 cujusvis
852 4969 934 5019 est
953 4962 1211 5033 glaucum
1232 4968 1460 5039 pulchre
1481 4984 1684 5041 parare.

1155 5057 1240 5109 13.
1813 5055 2004 5125 [didit.

447 5138 506 5192 ln
529 5134 769 5208 pulc-liris
787 5134 1012 5193 lactucis
1035 5138 1215 5197 Venus
1235 5140 1512 5221 Phaonem
1529 5151 1768 5199 amatum
1790 5147 2011 5203 abscon·

2085 593 2293 652 senarii
2322 608 2337 649 ε
2361 609 2491 646 nam
2512 587 2659 667 κριθή
2679 591 2931 664 priorem
2959 589 3134 644 habet
3158 591 3412 664 longam.

2820 714 2910 773 ι4.

2168 819 2328 874 Idem
2371 837 2429 890 7,
2463 839 2526 895 p.
2558 819 2690 889 305,
2729 822 2774 875 B
2805 841 2819 875 ε
2864 816 2929 875 τὰ
2970 818 3041 884 εἷς
3086 818 3166 874 λα
3195 815 3427 894 λήγοντα
3454 817 3663 888 θηλυκὰ

2088 900 2191 990 πρὸ
2212 909 2302 962 τοῦ
2328 907 2360 964 λ
2384 904 2557 986 ἕτερον
2575 908 2610 964 λ
2628 905 2758 986 ἔχει,
2783 906 3022 976 Σκύλλα,
3050 905 3265 976 σκίλλα,
3291 903 3482 977 κύλλα,
3512 905 3664 982 βδέλ-

2087 994 2191 1062 λα,
2236 991 2471 1070 ἅμιλλα,
2514 993 2751 1070 ἄμαλλα·
2798 993 2865 1051 τὰ
2894 994 2950 1051 δὲ
2994 994 3064 1058 εἷς
3090 995 3159 1064 λη
3190 991 3381 1064 οὐκέτι,
3422 993 3627 1071 ὁμίχλη
3644 1040 3663 1067 ,

2087 1078 2256 1159 φύτλη
2272 1123 2289 1150 ,
2316 1081 2534 1158 γενέθλη
2550 1128 2566 1154 ,
2595 1079 2752 1160 αἴγλη
2766 1127 2782 1155 ,
2808 1081 3040 1161 τρώγλη·
3074 1079 3265 1158 ὁμοίως
3306 1072 3393 1138 οὖν
3420 1079 3513 1138 καὶ
3550 1081 3668 1161 τρί-

2086 1166 2205 1242 γλη.
2234 1169 2339 1246 Κρ.
2420 1177 2439 1196 ⁸

2185 1281 2451 1378 Τρίγλην
2480 1275 2540 1350 δ’
2584 1284 2764 1376 εἰμὲν
2796 1275 3091 1358 ἐδηδοκόη
3129 1286 3336 1352 τένθου
3368 1285 3536 1363 τινὸς
3566 1287 3671 1350 άν-

3502 1383 3669 1482 δρός.

2085 1513 2247 1570 Libri
2274 1513 2460 1593 τρίγλη
2481 1557 2496 1586 ,
2524 1518 2905 1588 nominativo,
2934 1517 3145 1574 deinde
3169 1517 3406 1588 ἐδηδόκοι
3428 1517 3487 1587 ἢ.
3516 1518 3673 1575 Por-

2086 1623 2259 1661 sonus
2276 1603 2568 1675 ἐδηδοκοίη,
2594 1607 2735 1662 dure
2754 1618 3023 1683 correpta
3041 1608 3423 1683 diphthongo.
3463 1633 3488 1657 α
3519 1609 3669 1666 For·

2088 1703 2232 1748 tasse
2266 1694 2441 1768 igitur
2470 1694 2566 1751 Cr.
2600 1694 2749 1750 djxit
2790 1693 3098 1764 ἐδηδοκόην·
3122 1695 3337 1774 (immo
3380 1695 3668 1768 ἐδηδοκόη.

2086 1779 2257 1838 Both.
2285 1777 2324 1856 ),
2354 1781 2841 1853 quemadmodum
2877 1777 3077 1859 λαχόην
3112 1802 3223 1858 pro
3263 1781 3488 1861 λαχοίην
3532 1783 3671 1858 (λά-

2086 1865 2270 1944 χοιμι)
2294 1868 2512 1924 dictum
2536 1869 2701 1926 fuisse
2720 1869 2891 1926 tradit
2910 1872 3281 1946 Etymologus
3296 1891 3358 1946 p.
3389 1870 3535 1940 558,
3552 1891 3631 1943 ²7
3654 1892 3672 1943 ;

2089 1973 2215 2028 quae
2256 1955 2453 2012 sormae
2496 1958 2602 2012 etsi
2642 1957 2875 2014 AEolicae
2918 1958 3165 2014 dialecto
3209 1960 3462 2034 propriae
3502 1971 3673 2034 sunt,

2090 2054 2279 2099 tamen
2309 2059 2381 2099 ne
2429 2045 2491 2100 in
2534 2047 2724 2100 Attico
2754 2046 2987 2119 quidem
3011 2057 3187 2120 poeta
3226 2046 3549 2120 quidquam
3578 2051 3676 2102 of-

2090 2131 2356 2194 fensionis
2381 2131 2610 2189 habent.
2634 2132 2795 2188 Idem
2816 2143 3061 2189 metrum
3084 2135 3145 2188 in
3167 2136 3469 2208 Trophon.
3510 2135 3581 2192 fr.
3624 2156 3673 2204 1,

2088 2219 2242 2275 unde
2259 2221 2380 2275 haec
2398 2219 2473 2276 ad
2496 2221 2735 2277 eandem
2754 2221 3004 2278 fabulam
3019 2223 3231 2279 referre
3248 2224 3435 2279 voluit
3452 2226 3645 2300 Bergk
3656 2267 3669 2278 .

2089 2305 2435 2366 Commentt.
2470 2326 2532 2381 p.
2570 2329 2603 2364 2
2618 2328 2637 2364 1
2651 2326 2708 2378 7.
2756 2333 2781 2359 n
2818 2311 2869 2364 E
2902 2311 3081 2367 Mein.

2828 2419 2918 2477 15.

2172 2533 2329 2588 Idem
2378 2553 2471 2609 ιο,
2500 2554 2561 2609 p.
2600 2541 2737 2604 424,
2779 2538 2822 2591 B
2867 2554 2881 2593 :
2934 2535 3247 2611 μνημονεύει
3290 2543 3383 2596 τοῦ
3416 2537 3675 2596 κυάθου

2046 2642 2051 2654 ²
2091 2619 2181 2676 καὶ
2206 2619 2451 2699 Ξενοφῶν
2492 2621 2547 2678 ἐν
2576 2618 2772 2701 πρώτῳ
2810 2621 3065 2690 Παιδείας
3095 2625 3195 2700 (3,
3232 2625 3344 2702 9),
3386 2624 3481 2683 καὶ
3534 2629 3672 2704 Κρ.,

2092 2704 2167 2764 ἔτι
2196 2707 2239 2763 δ’
2262 2705 2630 2788 Ἀριστοφάνης
2652 2711 2925 2789 πολλαχοῦ
2939 2754 2957 2784 ,
2989 2711 3081 2771 καὶ
3114 2710 3379 2782 Εὕὸουλος
3400 2713 3667 2794 Ὀρθάννῃ.

2832 2843 2851 2878 ι
2864 2825 2922 2881 6..

2174 2934 2333 2991 Idem
2372 2955 2431 3011 9,
2462 2956 2522 3011 p.
2572 2936 2712 3011 782,
2748 2939 2833 3011 D,
2879 2935 3160 3013 Ἀγκύλη
3209 2960 3221 2994 t
3256 2937 3509 3019 ποτήριον
3545 2944 3678 3019 πρὸς

2092 3017 2187 3089 τὴν
2216 3023 2319 3077 τῶν
2346 3020 2618 3079 κοττάὸων
2641 3022 2856 3080 παιδιὰν
2884 3023 3165 3102 χρήσιμον.
3196 3028 3300 3103 Κρ.

2110 3222 2115 3227 ⁸
2193 3134 2371 3201 Πιεῒν
2405 3126 2476 3201 δὲ
2506 3136 2756 3215 θάνατος
2778 3132 2962 3219 οἶνον,
3000 3137 3071 3212 ἢν
3102 3131 3261 3231 ὕδωρ
3300 3142 3437 3233 ἐπῇ·

2192 3242 2333 3309 ἀλλ’
2383 3240 2509 3307 ἴσον
2538 3241 2650 3326 ἴσῳ
2680 3243 2933 3332 μάλιστ’
2968 3244 3228 3337 ἀκράτου
3262 3236 3373 3311 δύο
3400 3252 3559 3337 χοᾶς

2192 3346 2427 3413 πίνουσ’
2468 3347 2575 3412 ἀπ’
2610 3349 2895 3440 ἀγκύλης,
2940 3344 3381 3441 ἐπονομάζουσί
3424 3377 3523 3435 τε,

2190 3452 2313 3524 ἵησι
2354 3452 2631 3546 λάταγας
2673 3464 2763 3539 τῷ
2802 3454 3096 3547 Κορινθίῳ
3137 3458 3292 3521 πέει.

2095 3580 2254 3635 Libri
2284 3596 2340 3639 v.
2385 3599 2419 3636 ει
2448 3578 2625 3657 χοέας,
2658 3570 2913 3639 Pierson.
2941 3584 3015 3641 ad
3052 3586 3217 3641 Moer.
3263 3606 3323 3661 p.
3366 3594 3484 3653 412
3518 3598 3686 3664 χοᾶς,

2095 3685 2201 3722 nec
2233 3669 2535 3725 verisimile
2554 3667 2713 3746 χόας.
2739 3674 2806 3727 V.
2840 3670 2871 3727 3
2904 3673 3033 3727 libri
3057 3673 3493 3751 ἐπονομάζουσα,
3522 3678 3687 3733 litte—

2098 3756 2231 3811 teris
2260 3777 2293 3811 α
2326 3767 2381 3812 et
2405 3778 2421 3811 ι
2448 3759 2697 3815 confusis
2718 3756 2739 3835 ζ
2760 3778 2813 3817 ν.
2846 3778 2980 3818 ann.
3006 3762 3082 3817 ad
3115 3762 3291 3820 Thuc.
3330 3762 3392 3831 5,
3430 3762 3589 3841 19),
3628 3779 3691 3821 et

2097 3840 2151 3899 τὲ
2188 3844 2427 3917 omiss0‚
2460 3846 2617 3919 quod
2661 3858 2811 3904 recte
2838 3848 3061 3905 addidit
3092 3852 3415 3907 Piersonus.
3454 3854 3689 3909 Jacob-

2097 3931 2209 3987 sius
2255 3930 2631 4006 ἐπονομάζουσ’
2679 3934 2779 3993 ἀεί.
2826 3937 2975 3991 Male
3018 3948 3207 3993 autem
3261 3939 3478 3996 Athen.
3518 3941 3583 3999 h.
3628 3944 3691 4011 1.‚

2098 4023 2500 4093 grammaticus
2553 4023 2785 4097 Seguer.
2840 4043 2904 4099 p.
2959 4024 3097 4097 327,
3154 4024 3269 4081 338
3318 4035 3377 4081 et
3418 4026 3687 4099 Hesych.

2100 4104 2334 4179 ἀγκύλην
2372 4110 2697 4185 intelligunt
2718 4109 2990 4189 ποτήριον,
3032 4114 3279 4186 Hesych.
3306 4116 3483 4169 etiam
3516 4116 3692 4173 οἶκόν·

2098 4214 2225 4253 τιον.
2251 4198 2378 4270 Ipse
2401 4198 2605 4254 Athen.
2643 4196 2737 4269 15,
2763 4218 2825 4273 p.
2860 4200 2999 4271 667,
3024 4202 3270 4271 C‚recte
3306 4222 3319 4256 :
3355 4201 3592 4260 ἐκάλουν
3632 4204 3695 4261 δὲ

2102 4282 2213 4337 ἀπ’
2244 4280 2502 4360 ἀγκύλη
2522 4309 2545 4351 ς
2565 4282 2662 4355 τὴν
2689 4290 2779 4345 τοῦ
2801 4286 3061 4345 κοττάὸου
3083 4290 3175 4366 (h.
3202 4308 3257 4346 e.
3281 4291 3377 4359 τῆς
3394 4289 3693 4369 λατάγης)

2102 4368 2314 4446 πρόεσιν
2345 4368 2431 4427 διὰ
2460 4370 2521 4429 τὸ
2562 4372 2901 4449 ἀπαγκυλοῦν
2948 4374 3043 4443 τὴν
3079 4374 3249 4442 δεξιὰν
3286 4383 3449 4455 χεῖρα
3496 4381 3551 4436 ἐν
3580 4388 3699 4445 τοῖς

2840 4550 2924 4599 14.

2102 4627 2338 4682 Mullum
2366 4628 2408 4683 si
2439 4627 2735 4686 comederit
2758 4632 3032 4689 catillonis
3055 4632 3308 4706 alicujus,

2840 4722 2929 4774 15.

2106 4800 2255 4853 Mors
2276 4808 2355 4855 est
2379 4800 2563 4855 vinum
2586 4801 2771 4859 hibere
2794 4818 2935 4876 aqua
2958 4806 3205 4862 immixta
3223 4848 3237 4871 ‚

2100 4883 2215 4952 sed,
2240 4900 2334 4956 par
2354 4902 2478 4941 cum
2510 4887 2646 4960 pari,
2677 4888 2789 4945 sere
2811 4889 2923 4946 duo
2944 4892 3170 4963 congios
3192 4893 3329 4949 meri

2102 4970 2413 5031 bibentibus
2434 4973 2717 5033 incurvata
2738 4993 2925 5044 manu,
2948 4980 3478 5055 nominantibusque
3504 4996 3703 5049 (anino-

2104 5058 2269 5115 mittit
2295 5059 2481 5118 latices
2498 5062 2713 5119 Corintl·
2727 5065 2781 5121 io
2810 5067 2957 5137 peni.
3505 5074 3619 5137 [res
3652 5078 3699 5133 ἲ..
