3809 5850
1507 489 1968 552 APOLLoDon
1979 490 2086 552 US.
2577 481 2606 520 '⁶

149 624 265 678 est,
313 611 521 684 iuquit,
558 616 889 685 priusquam
926 613 1010 668 ad
1028 617 1211 689 Ipsam
1246 615 1487 685 alicujus
1524 620 1737 672 oratio-

148 717 291 754 nem
326 698 761 756 examinandam
793 700 1031 756 accedas
1049 740 1067 772 ,
1092 706 1276 756 vitam
1300 707 1539 758 oratoris
1559 707 1739 758 consi-

148 787 388 846 derare,
424 808 449 836 n
472 782 539 844 V.
576 791 607 852 4
636 785 771 841 libri
801 784 959 844 αὗτοῦ
994 784 1121 864 πρὸς
1152 785 1205 844 τί
1240 791 1460 864 καταθ.,
1493 807 1739 863 quorum

150 877 327 949 prius
368 875 620 944 restinxi,
654 895 687 931 σ
734 885 792 932 et
826 897 859 931 υ
900 875 1189 946 confusis,
1240 886 1305 933 ut
1344 894 1439 950 ap.
1491 876 1741 952 Eupolin

154 963 395 1043 Μαρικᾷ
424 983 480 1036 7,
514 975 643 1034 etc-3
675 953 739 1033 ἦν
768 964 1001 1019 inseruit
1026 965 1273 1022 Grotius.
1304 965 1375 1023 V.
1406 963 1439 1020 5
1468 965 1600 1040 fort.
1640 985 1739 1021 κα·

156 1050 256 1118 κός
277 1073 361 1130 γε.
390 1056 457 1112 V.
490 1071 521 1124 7
544 1053 679 1109 libri
698 1051 799 1132 γὰρ
828 1050 1047 1131 αἰσχρόν
1076 1056 1215 1112 ἐστιν
1240 1051 1430 1126 αὐτὸν,
1458 1073 1637 1129 quum
1657 1073 1743 1111 se·

158 1153 383 1215 quatur
401 1137 691 1218 πράττουσι
711 1141 1158 1218 (participium).
1182 1142 1417 1200 Gesneri
1444 1154 1529 1198 est
1546 1141 1739 1208 αὐτοῖς.

156 1233 237 1288 V.
274 1249 315 1304 9
352 1231 595 1304 pessime
641 1229 815 1286 codd.
872 1230 1208 1301 manifestis,
1242 1248 1431 1305 neque
1467 1232 1740 1299 insolitis,

158 1317 417 1388 mendis,
440 1317 557 1374 καθ’
584 1313 765 1393 ὶτίρας
800 1312 977 1394 θύρας.
1009 1317 1075 1372 V.
1112 1336 1182 1374 ιο
1213 1318 1349 1374 libri
1372 1314 1747 1397 ἀπερυθριακό-

158 1425 302 1475 τως,
340 1403 503 1478 quod
529 1405 779 1460 correxit
805 1403 1079 1460 Halmius.
1109 1406 1177 1460 V.
1209 1411 1277 1470 ι4
1298 1407 1379 1462 sic
1402 1407 1737 1463 Meinekius.

161 1491 316 1551 Cod.
344 1493 597 1566 optimus
623 1488 783 1548 αὐτοῦ
806 1486 979 1561 πόλιν,
1016 1495 1193 1548 ceteri
1222 1493 1281 1549 οὔ
1307 1487 1459 1551 πόλιν
1480 1489 1608 1562 ὅλην
1635 1513 1745 1570 φυ-

160 1577 267 1648 λὴν
302 1575 357 1634 δὲ
388 1575 625 1653 μαλακὸς
664 1578 753 1636 ἀν.
788 1580 823 1636 J
823 1579 1088 1636 aeobsius
1120 1577 1247 1650 ὅλην
1286 1578 1438 1638 πόλιν
1484 1577 1679 1659 φύρδην
1715 1581 1745 1637 ὁ

163 1667 303 1739 μαλ.
334 1665 421 1725 ἀν.
445 1665 685 1724 Videtur
708 1661 834 1736 ὅλην
868 1685 939 1724 ex
978 1669 1135 1723 vocis
1156 1663 1321 1746 φυλὴν
1362 1668 1745 1743 dittographia

162 1772 285 1810 esse
332 1765 551 1813 uatum.
592 1754 664 1812 V.
716 1753 783 1810 15
814 1754 948 1809 libri
985 1753 1101 1832 φίλι
1130 1755 1264 1830 θεῶ,
1299 1755 1460 1830 quod
1495 1757 1749 1812 correxit

162 1841 491 1897 Salmasius.
510 1843 576 1899 V.
600 1839 669 1897 16
686 1837 1000 1917 λεσπριδίων
1014 1843 1081 1911 Α,
1098 1843 1271 1898 ceteri
1292 1840 1591 1920 λεπριδίων.
1611 1844 1748 1900 Cor-

162 1929 321 1984 rexit
343 1927 495 1984 idem
518 1927 837 1984 Salmasius.
858 1930 929 1984 V.
972 1946 1039 1999 17
1066 1930 1197 1984 libri
1218 1929 1347 1985 νεῶν
1378 1925 1460 2000 δὲ,
1480 1930 1578 1987 sed
1601 1948 1747 2005 prae·

166 2016 393 2090 placuit
418 2016 700 2072 ironicum
731 2013 815 2086 δή.
839 2017 1129 2074 Particula
1155 2017 1316 2074 abest
1337 2036 1369 2074 a
1398 2017 1531 2078 cod.
1568 2020 1635 2076 Β.

939 2147 993 2184 2.

250 2237 455 2296 Athen.
490 2255 543 2309 1,
582 2257 646 2313 p.
682 2237 739 2310 3,
769 2238 813 2295 C
850 2258 865 2296 ε
910 2234 1048 2294 κατὰ
1082 2234 1187 2318 γὰρ
1222 2235 1311 2296 τὸν
1338 2237 1739 2319 κωμῳδιοποιὸν

165 2321 583 2404 Ἀπολλόδωρον,

270 2423 375 2502 Εἰς
405 2423 597 2492 οἰκίαν
624 2427 771 2491 ὅταν
798 2449 893 2501 τις
923 2423 1077 2518 εἰσίῃ
1112 2424 1325 2517 φίλου,

269 2533 442 2598 ἔστιν
471 2531 733 2624 θεωρεῖν,
764 2529 1078 2622 Νικοφῶν,
1114 2534 1228 2605 τὴν
1268 2543 1376 2600 τοῦ
1408 2531 1586 2622 φίλου

272 2638 499 2703 εὔνοιαν
527 2637 689 2714 εὐθὺς
721 2635 967 2704 εἰσιόντι
992 2633 1104 2715 τὰς
1146 2639 1345 2732 Θύρας·

271 2747 306 2809 ὁ
334 2743 577 2835 θυρωρὸς
606 2741 802 2835 ἱλαρὸς
837 2743 1070 2835 πρῶτόν
1110 2747 1301 2828 ἐστιν,
1350 2748 1389 2818 ἡ
1426 2744 1581 2811 κύων

170 2843 215 2915 5
270 2849 443 2921 ἔσηνε
471 2848 575 2914 καὶ
602 2844 912 2941 προσῆλθ’,
939 2851 1285 2927 ὑπαντήσας
1314 2842 1385 2915 δέ
1400 2875 1491 2927 τις

272 2946 474 3047 δίφρον
507 2955 713 3033 εὐθέως
730 2955 940 3044 ἔθηκε,
978 2950 1092 3023 κᾶν
1126 2946 1335 3047 μηδεὶς
1363 2956 1521 3048 λέγῃ

272 3054 487 3151 μηδέν.

170 3192 353 3245 Versu
377 3188 413 3245 3
432 3184 726 3249 εὔνοιαν....
756 3186 967 3246 εἰσιόντι
984 3230 1003 3263 ,
1026 3187 1511 3263 quenadmodum
1536 3187 1751 3245 dicitur

170 3277 367 3336 εὐνοεῖν
379 3298 481 3334 τινι
491 3277 773 3354 Aristoph.
802 3278 955 3337 Nnb.
987 3279 1159 3355 1348,
1182 3288 1291 3337 etc.
1316 3280 1409 3337 sic
1420 3278 1533 3351 vL,
1554 3278 1747 3353 vulgo,

170 3377 239 3421 ut
260 3366 379 3435 Bc,
418 3362 679 3439 εἰσιόντα,
711 3366 871 3441 quod
901 3368 1305 3442 incongruum.
1336 3369 1516 3424 Versu
1540 3364 1574 3421 5
1617 3365 1750 3420 libri

170 3453 489 3529 προσῆλθεν,
518 3450 785 3524 ὕπήντησί
812 3454 1031 3528 (ὕπαντ.
1057 3454 1102 3511 C
1118 3472 1261 3529 apr.
1286 3466 1343 3512 et
1358 3453 1437 3529 L)
1470 3473 1569 3517 τις.
1606 3453 1751 3509 Cor-

171 3544 325 3598 rexit
360 3542 607 3599 Grotius.
634 3546 701 3602 V.
738 3542 774 3598 6
815 3544 877 3596 in
922 3539 1099 3619 δίφρον
1141 3541 1326 3606 εὐθέως
1362 3542 1510 3597 male
1537 3540 1747 3617 depro-

170 3640 439 3704 peratum
461 3648 671 3688 nomen
690 3626 889 3709 δίφρον.
921 3630 1125 3687 Scribo
1144 3626 1321 3709 δίφρον
1343 3632 1371 3687 Θ
1386 3630 1504 3694 οὕς
1525 3625 1602 3686 lo.

937 3745 989 3802 3.

258 3852 419 3910 Stob.
443 3853 533 3911 Fl.
563 3852 653 3923 16,
679 3870 735 3909 a.
760 3848 1171 3928 Ἀπολλοδώρου.

274 3966 467 4033 Meo&
498 3968 690 4057 τύχην
715 3977 997 4034 συνοῦσαν
1022 3968 1241 4060 ἀτυχεῖ
1262 3970 1509 4057 σώματι
1533 3987 1546 4000 ·

276 4076 444 4151 ὅστις
476 4070 593 4166 γὰρ
632 4076 923 4165 εὐπορῶν,
956 4074 1149 4166 παρὸν
1178 4068 1284 4151 ζῆν
1308 4062 1537 4154 ἡδέως,

944 4258 997 4307 2.

254 4343 317 4397 In
334 4338 567 4396 domum
590 4340 635 4395 si
660 4339 787 4413 quis
808 4339 1001 4396 introit
1025 4338 1183 4395 amici
1200 4378 1216 4402 ‚

250 4434 497 4501 spectare
518 4426 651 4485 lieet
676 4428 861 4485 statim
876 4468 893 4495 ‚
926 4425 1214 4497 Nicophon
1236 4465 1253 4492 ‚
1280 4424 1443 4480 amici

250 4513 681 4571 benevolentiam
708 4528 837 4585 erga
854 4512 1151 4570 adeuntem
1169 4528 1265 4585 per
1286 4510 1430 4567 fores
1456 4528 1470 4565 ε

258 4602 499 4676 primum
517 4601 722 4674 janitor
746 4602 933 4658 hilaris
968 4608 1076 4669 est3
1098 4600 1247 4657 canis

179 4698 213 4746 5
250 4690 445 4747 adulat
460 4688 814 4762 acceditque3
848 4697 905 4745 et
922 4702 1217 4745 occurrens
1243 4686 1441 4757 aliquis

250 4778 365 4835 cito
400 4776 553 4848 ponit
572 4776 761 4834 sellam
784 4818 799 4843 ‚
824 4776 1073 4848 quamvis
1093 4791 1256 4833 nemo
1284 4772 1581 4847 quidquam

250 4866 529 4939 loquatur.

944 4957 995 5007 3.

254 5044 555 5097 Fortunam
580 5038 905 5097 infortunati
924 5040 1161 5097 hominis
1184 5038 1273 5095 odi
1301 5057 1316 5092 ε

250 5142 379 5183 nam
406 5126 657 5199 quisquis
678 5126 922 5198 locuples
943 5167 957 5191 ,
989 5126 1075 5181 cui
1102 5124 1234 5181 licet
1257 5122 1493 5180 suaviter
1516 5122 1693 5177 vivere
1710 5162 1723 5185 .

250 5212 395 5269 male
420 5212 571 5284 degit
586 5252 603 5278 ‚
627 5212 759 5285 quid
784 5210 934 5268 aliud
952 5211 1106 5283 facit
1128 5226 1291 5283 quam
1315 5208 1590 5266 fortunam

253 5300 443 5373 culpat
466 5341 479 5367 ‚
514 5300 643 5372 quia
667 5298 1029 5356 infortunium
1056 5290 1220 5357 babei
1246 5299 1303 5355 in
1326 5296 1585 5353 fortuna?

3283 507 3396 557 665

1929 625 2128 694 κακῶς
2153 617 2392 711 διάγει,
2421 617 2482 688 τί
2509 617 2580 686 ἀν
2609 647 2701 698 τις
2735 617 2879 687 ἄλλ’
2921 619 2958 694 ἢ
2989 629 3064 714 τῇ
3094 625 3250 714 τύχῃ

1862 782 1869 788 .
1931 725 2268 814 μέμφοιτο,
2295 714 2458 791 διότι
2484 717 2778 819 δυστυχεῖ
2803 727 2905 792 σὺν
2935 736 3013 819 τῇ
3049 731 3249 820 τύχῃ;

1830 849 2006 906 Versu
2041 869 2064 906 ι
2097 848 2448 927 negligenter
2479 852 2764 912 conditus.
2801 853 3003 910 Scribo

1929 969 2137 1061 Τύχην
2170 968 2396 1062 ἀτυχεῖ
2413 979 2572 1060 μισῶ
2611 979 2892 1035 συνοῦσαν
2925 971 3189 1062 σώματι.

1831 1121 1858 1148 ιι
1882 1097 1954 1154 V.
1976 1102 2009 1162 4
2031 1097 2090 1151 in
2109 1095 2222 1153 fine
2244 1096 2379 1154 cod.
2400 1099 2543 1156 Am.
2569 1115 2664 1172 pr.
2689 1094 2957 1174 συντύχιι,
2981 1098 3028 1157 Ν
3051 1107 3108 1154 et
3133 1097 3398 1158 Trincaxr.

1833 1180 1926 1242 σὺν
1953 1181 2112 1262 τύχῃ.
2145 1187 2270 1241 Ηοο
2305 1184 2466 1241 ducit
2489 1185 2565 1240 ad
2591 1203 2784 1242 veram
2818 1189 3155 1262 scripturam
3182 1181 3294 1241 σὺν
3328 1188 3405 1264 τῇ

1832 1269 2027 1351 τύχῃ,
2075 1277 2337 1347 quoniam
2371 1271 2750 1346 infortunatus
2793 1288 2878 1332 est
2914 1295 3037 1331 cum
3068 1271 3334 1344 fortuna.
3375 1301 3397 1327 υ

1832 1361 1883 1416 Ε
1909 1361 1996 1416 M.
2027 1362 2209 1436 Vulgo
2234 1360 2367 1417 inde
2389 1380 2423 1418 a
2443 1362 2649 1419 Grotio
2669 1361 2919 1439 δυστυχεῖ
2943 1362 3299 1440 συνδυστυχεῖ.

1917 1581 2008 1640 lb.
2039 1579 2146 1638 105
2165 1625 2184 1655 ,
2217 1589 2308 1658 49.
2343 1480 2752 1660 Ἀπολλοδίίιρου.

1935 1697 2065 1760 Οὐκ
2090 1685 2213 1759 οἶδ’
2249 1698 2410 1773 ὅπως
2440 1696 2728 1774 πέποιθας
2754 1697 3014 1790 ἀργυρίῳ
3038 1748 3055 1782 ,
3087 1699 3306 1790 πάτερ,

1934 1795 1966 1863 ὃ
1994 1800 2198 1893 καιρὸς
2228 1806 2259 1867 ὁ
2289 1804 2489 1892 τυχὼν
2517 1809 2638 1880 τοῖς
2671 1807 2778 1894 μὲν
2811 1808 2877 1870 οὗ
2907 1808 3294 1896 κεκτημένοις

1934 1895 2125 1971 ἔδωκε
2147 1953 2166 1990 ,
2195 1914 2316 2002 τῶν
2345 1909 2726 1999 κεκτημένων
2761 1902 2816 1975 δ’
2838 1910 3144 2000 ἀφείλετο.

1836 2032 2016 2088 Versu
2070 2051 2094 2087 1
2142 2035 2336 2108 scripsi
2379 2029 2540 2098 ὅπως.
2575 2036 2738 2091 Libri
2775 2036 3045 2094 mendose
3083 2033 3204 2115 ὅτῳ.
3249 2040 3314 2094 V.
3371 2057 3404 2093 2

1838 2129 1999 2175 recte
2027 2120 2200 2178 Mein.
2234 2117 2264 2176 8
2293 2120 2471 2198 καιρὸς
2495 2141 2604 2198 pro
2637 2122 2665 2178 ὁ
2691 2142 2740 2178 κ.

2595 2261 2652 2320 5.

1919 2375 2008 2433 Ib.
2045 2375 2178 2444 108,
2210 2374 2306 2434 36.
2337 2372 2747 2454 Ἀπολλοδώρου·

1937 2486 2226 2556 Χαλεπὸν
2256 2490 2412 2580 τύχη
2442 2484 2565 2554 ’στὶ
2591 2491 2843 2581 πρᾶγμα
2861 2537 2880 2575 ,
2903 2489 3173 2580 χαλεπόν
3199 2513 3212 2528 ·
3243 2486 3412 2657 ἀλέὰ

3357 2617 3406 2658 ει

1939 2699 2126 2772 αὐτὴν
2155 2699 2343 2791 φέρειν
2370 2695 2532 2764 κατὰ
2565 2698 2787 2791 τρόπον
2815 2702 3012 2790 ὥσπερ
3047 2695 3310 2791 φορτίον.

1841 2852 2016 2907 Versu
2047 2870 2072 2906 1
2107 2847 2276 2929 τύχης
2300 2871 2353 2907 τι
2374 2852 2452 2908 sic
2481 2853 2733 2909 correxit
2754 2854 3020 2922 Por-son„
3053 2851 3154 2907 sed
3183 2851 3414 2906 nomine

1840 2934 1977 3016 τύχη
2013 2958 2134 2995 non
2169 2950 2323 2996 recte
2363 2940 2665 2999 collocato,
2697 2942 2898 2998 Scribo
2939 2937 3255 3000 Χαλεπόν
3291 2936 3411 3015 (τι)

1842 3033 2110 3104 πρᾶγμα
2147 3022 2312 3105 τύχη
2345 3024 2502 3100 ’στὶ,
2534 3028 2667 3106 χαλ.

2602 3145 2658 3207 6.

1921 3260 2012 3319 lb.
2045 3277 2145 3331 27,
2184 3277 2242 3330 7.
2264 3256 2680 3337 Ἀπολλοδώρου.

1939 3372 2257 3466 Μάστιγος
2283 3374 2460 3452 οὔσης
2485 3375 2659 3467 ὅρκον
2689 3370 2896 3465 οἰκέτῃ
2917 3364 3145 3459 δίδως,

2585 3536 2650 3597 7.

1922 3634 2009 3693 Ib.
2042 3651 2142 3708 29,
2174 3631 2272 3701 43.
2299 3628 2709 3709 Ἀπολλοδώρου.

1942 3736 2165 3837 Χρόνον
2195 3743 2310 3839 γὰρ
2340 3742 2420 3822 είς
2449 3740 2533 3811 τὰ
2559 3739 2869 3838 πράγματ’
2891 3740 3276 3836 (ἀπράγμον’
3299 3738 3326 3829 )
3347 3736 3417 3805 ἃν

3186 3843 3379 3938 λα’ὅῃς
3398 3897 3416 3929 ,

1944 3954 2186 4021 ἅπαντα
2213 3950 2386 4033 λήξει
2419 3954 2524 4021 καὶ
2556 3957 3122 4030 κατασταλῆσεται.

1846 4084 2144 4142 Sententiae
2173 4102 2320 4159 opus
2357 4094 2440 4141 est
2459 4084 2659 4141 addito
2686 4080 3026 4161 ἀπράγμονα,
3055 4083 3150 4139 cui
3173 4082 3420 4139 vicinum

1848 4336 2040 4393 Nescio
2055 4378 2071 4405 ‚
2093 4342 2244 4407 pater
2261 4376 2277 4404 ‚
2307 4334 2588 4407 quomodo
2611 4254 2857 4391 :calidas
2877 4342 3134 4406 argento,

1848 4424 1998 4497 quod
2027 4433 2241 4498 tempus
2262 4424 2552 4482 fortuitum
2576 4440 2690 4480 non
2712 4422 3108 4497 possidentibus

1848 4510 1983 4570 dare
2007 4512 2177 4580 solet,
2206 4519 2263 4569 et
2285 4509 2690 4584 possidentibus
2716 4508 2948 4567 auferre.

1851 4682 2103 4740 Difficilis
2143 4682 2470 4754 (quaedam)
2499 4602 2698 4739 res⁵est
2730 4679 2948 4738 fortuna
2967 4721 2982 4746 ,
3013 4677 3296 4745 difficilis3
3325 4680 3418 4735 sed

1852 4854 2038 4911 dextre
2065 4869 2187 4911 eam
2211 4852 2340 4912 ferri
2360 4894 2374 4921 ‚
2407 4860 2472 4910 ut
2499 4866 2661 4910 onus.
3181 4768 3424 4837 [oportet

1854 5030 2044 5103 Quum
2071 5028 2348 5101 flagellum
2371 5028 2468 5092 sit,
2484 4944 2874 5099 jusjuiandum
2901 5036 3056 5080 servo
3083 5022 3386 5095 permittis?

1853 5208 2096 5276 Tempus
2115 5203 2261 5260 enim
2281 5202 2350 5259 ad
2372 5200 2591 5273 negotia
2609 5121 2797 5266 {baud
2817 5186 3189 5267 negotiosum)
3207 5198 3252 5251 si
3275 5212 3422 5253 sum-

1855 5294 2038 5349 omnia
2063 5291 2350 5350 cessabunt
2369 5296 2531 5362 atque
2556 5286 2940 5359 impedientur.
3183 5284 3386 5358 [pseris
3405 5328 3422 5355 ‚
