3809 5850
433 380 541 431 102

1183 503 1238 559 3.

505 616 685 670 Orion
715 613 906 669 Floril.
927 611 1061 686 6,p.
1092 620 1184 685 49,
1210 630 1300 679 10,
1325 628 1456 664 cum
1481 611 1744 664 lemmate
1764 606 1862 667 Ἐκ
1887 608 1994 665 τῶν

426 707 620 781 Δήμων
651 704 959 769 Εὐπόλιδος.

521 820 610 887 Τὸ
642 818 755 913 γὰρ
792 809 1030 883 δίκαιον
1072 826 1384 909 πανταχοῦ
1421 818 1774 905 φυλακτέον.

427 949 690 1007 Aristidis
715 948 874 1005 haud
897 947 1094 1015 dubie,
1125 948 1216 1003 τοῦ
1245 941 1471 1017 δικαίου,
1503 945 1707 1001 orati0.

1182 1064 1237 1123 Ιι.

509 1172 752 1229 Galenus
779 1172 866 1227 De
891 1171 1148 1245 dignosc.
1181 1168 1370 1225 affect.
1419 1186 1476 1237 7,
1523 1166 1643 1223 vol.
1685 1164 1745 1235 6,
1787 1184 1846 1241 p.
1878 1163 1993 1221 530

427 1258 522 1318 ed.
548 1260 739 1316 Chart.
777 1278 790 1312 :
829 1256 898 1313 τὰ
935 1253 1031 1331 μὲν
1073 1256 1326 1331 θυμοῦται
1359 1252 1590 1332 σφοδρῶς
1619 1250 1705 1308 ἐπὶ
1732 1252 1834 1307 τῶν
1863 1271 1987 1325 σμι-

432 1343 729 1424 κροτάτων,
846 1339 915 1399 τὰ
952 1342 1000 1399 δ’
1041 1338 1179 1399 ἔστιν
1224 1336 1500 1406 ἆνεξίκακα
1535 1336 1626 1395 καὶ
1668 1342 1837 1417 πρᾷοι,
1869 1333 1993 1411 μήτ’

431 1432 756 1512 ὀργιζόμενοι,
790 1430 924 1507 μήτε
947 1426 1234 1500 κλαίοντα,
1267 1424 1388 1505 πρὶν
1418 1422 1726 1495 ἀδικηθῆναί
1753 1447 1803 1481 τι
1834 1420 1989 1499 μέγα.

433 1526 598 1578 ταῦτα
642 1518 738 1596 μὲν
768 1523 795 1577 ὁ
841 1518 907 1579 Ε.
953 1514 1286 1596 ἐρωτώμενον
1327 1512 1646 1594 Ἀριστείδην
1675 1510 1764 1569 τὸν
1795 1510 1994 1569 δίκαιον

429 1607 532 1666 ὑπὸ
549 1612 641 1667 τοῦ
665 1606 854 1680 Νικία,
884 1632 909 1659 α
936 1607 1018 1671 ὥς
1044 1602 1267 1681 ἐγένου
1297 1600 1576 1675 δίκαιος,
1599 1627 1625 1652 ¹·
1653 1598 1790 1659 οὕτω
1809 1602 1994 1677 εὐπρε-

413 1700 542 1763 -πῶς
570 1694 975 1773 ἀποκρινόμενον
1001 1690 1242 1764 ἐποίησεν
1263 1712 1278 1727 ·
1310 1718 1334 1743 ιι
1357 1692 1392 1759 ἡ
1423 1714 1463 1763 μ
1479 1686 1538 1746 ὲν
1569 1685 1749 1768 φύσις
1773 1686 1848 1744 τὸ
1873 1682 1996 1763 μέ·-

431 1805 682 1855 γιστον,
714 1780 939 1840 ἔπειτα
970 1778 1034 1838 δὲ
1061 1778 1241 1856 κάγὼ
1267 1774 1384 1847 τὴν
1413 1774 1619 1856 φύσιν
1656 1773 1998 1853 προθύμως

431 1894 508 1929 συ
527 1894 591 1929 νε
609 1868 695 1929 λά
712 1868 890 1945 μὸαν
909 1890 998 1927 ον.
1033 1892 1060 1920 ¹·
1084 1867 1467 1925 Probabiliter
1499 1864 1740 1921 Meinek.
1771 1864 1848 1921 ad
1873 1860 1998 1933 Δή-

434 1978 562 2035 μους
588 1958 706 2014 haec
729 1956 926 2013 retulit
946 1967 1003 2013 et
1025 1957 1107 2011 sic
1129 1955 1351 2030 scripsit
1385 1973 1396 2006 ε

433 2096 580 2141 mx.
739 2082 877 2150 Πῶς
913 2068 1026 2165 γὰρ
1053 2072 1256 2163 ἐγένου
1283 2060 1546 2150 δίκαιος,
1554 2115 1674 2135 .....

433 2198 632 2244 Arm.
730 2171 784 2243 1‘-1
812 2178 916 2268 μὲν
947 2179 1115 2268 φύσις
1137 2176 1211 2240 τὸ
1241 2175 1529 2268 μέγιστον
1558 2168 1654 2257 ἦν,
1689 2172 1902 2237 ἔπειτα
1930 2162 1999 2237 δὲ

723 2282 891 2376 κάγὼ
913 2282 1226 2373 προθύμως
1249 2290 1324 2371 τῇ
1345 2280 1515 2370 φύσει
1535 2271 1998 2367 συνελάμὸανον.

1183 2406 1242 2464 5.

511 2520 848 2577 Plutarchus
901 2522 968 2577 V.
1015 2520 1246 2577 Periclis
1285 2537 1409 2593 cap.
1463 2516 1498 2573 3
1555 2537 1568 2571 z
1614 2518 1642 2572 ὁ
1684 2514 1728 2571 δ’
1779 2514 2003 2581 Εὔπολις

435 2608 708 2689 (scribam
751 2602 1070 2676 Εὐπόλιδος,
1105 2616 1172 2661 ut
1209 2606 1556 2679 intelligatur
1577 2618 1854 2677 persona,
1888 2602 2002 2659 for-

435 2708 574 2751 tasse
604 2693 920 2769 Myr-onidis
941 2690 1032 2768 [ν.
1055 2694 1225 2749 Mein.
1246 2693 1390 2749 Hist.
1415 2691 1540 2747 crit.
1563 2692 1723 2747 Com.
1749 2709 1809 2763 p.
1841 2688 1999 2767 127]‚

433 2780 760 2839 introducta
781 2782 856 2837 ab
875 2780 1192 2855 Eupolide:
1213 2797 1400 2853 neque
1419 2780 1570 2835 enim
1592 2779 1714 2853 ipse
1735 2776 1840 2833 fuit
1857 2779 2006 2834 inter

434 2886 703 2946 personas
723 2868 892 2942 hujus
915 2864 1239 2944 comoediae)
1271 2864 1325 2922 ἔν
1355 2870 1458 2932 τοῖς
1487 2861 1711 2941 Δήμοις,
1742 2863 2004 2923 πυνθανό-

437 2979 588 3032 μενος
612 2953 735 3038 περὶ
760 2953 983 3014 ἑκάστου
1007 2957 1111 3014 τῶν
1137 2951 1543 3026 ἀναὸεὸηκότων
1567 2951 1620 3020 ἒξ
1643 2949 1801 3036 ᾍδου
1825 2953 2003 3028 δημα-

435 3047 621 3124 γωγῶν
638 3090 655 3121 ,
682 3047 752 3111 ὥς
780 3045 808 3104 ὁ
833 3044 1097 3124 Περικλῆς
1111 3039 1402 3120 ὧνόμαστο
1425 3042 1746 3114 τελευταῖος,

535 3151 593 3226 ὅ
619 3185 682 3226 τι
707 3185 818 3251 περ
842 3159 1167 3250 κεφάλαιον
1199 3167 1322 3227 τῶν
1355 3159 1646 3242 κάτωθεν,
1675 3159 1917 3252 ἤγαγες.

439 3373 610 3452 φαλῆς
653 3375 745 3430 τοῦ
795 3371 1128 3453 Περικλέους.
1182 3377 1255 3432 Et
1303 3377 1636 3434 Sintenisius
1683 3375 2004 3441 annotavit,

438 3459 720 3540 κεφάλαιον
743 3463 893 3520 inter
919 3462 1151 3542 κεφαλῆς
1185 3459 1482 3542 παρώνυμα
1511 3461 1950 3520 commemorari
1974 3477 2007 3515 a

441 3549 669 3606 ponuce
685 3569 744 3618 2,
768 3557 865 3617 [μ.
887 3577 910 3601 ι
927 3553 1210 3608 Formulae
1229 3549 1322 3608 ὅτι
1337 3573 1434 3629 περ
1454 3549 1735 3630 κεφάλαιον
1753 3550 2008 3624 exempla
2050 3551 2061 3630 Ι
2181 3590 2453 3646 Aristides

439 3637 700 3697 Schaefer.
721 3641 995 3714 apposuit
1019 3639 1093 3696 ad
1117 3638 1354 3714 Dionys.
1381 3641 1673 3697 Halicarn.
1701 3641 1787 3694 De
1811 3657 2003 3713 comp.

439 3725 598 3783 verb.
627 3744 688 3798 p.
729 3725 860 3792 145.
890 3729 1247 3782 Her-mannus
1270 3727 1486 3800 OpusC.
1522 3724 1579 3796 5,
1607 3745 1670 3800 p.
1699 3743 1837 3800 292,
1859 3725 2007 3780 Mer·

441 3813 664 3866 curium
689 3810 1040 3890 ψυχοπομπὸν
1079 3812 1508 3886 intelligendum
1545 3832 1660 3869 esse
1693 3812 2011 3884 suspicatur

442 3900 504 3952 in
527 3899 702 3956 verbo
725 3895 940 3974 ἤγαγες.
975 3922 1000 3950 υ
1035 3901 1088 3954 Ε
1107 3901 1194 3957 M.

1195 4008 1257 4064 6.

524 4118 711 4175 Schol.
743 4120 1034 4194 Aristoph.
1073 4119 1318 4176 Acharn.
1350 4119 1489 4194 529,
1530 4119 1599 4176 de
1641 4121 1866 4176 Periclis
1893 4121 2009 4176 elo·

441 4207 674 4280 quentia
703 4225 718 4261 t
747 4205 810 4266 Ε.
841 4208 903 4264 Δ.

1495 4324 1933 4332 .——.—-.—.-.———-—.
1942 4325 2000 4332 ..—

1198 4379 1249 4427 3.

445 4461 476 4514 J
482 4459 662 4516 ustitia
683 4460 830 4515 enim
855 4459 1058 4532 ubique
1081 4459 1420 4516 observanda
1447 4470 1549 4519 est.

447 4633 572 4686 Νἰσ.
648 4629 935 4701 Quomodo
955 4631 1122 4702 igitur
1135 4551 1318 4702 jutius
1337 4631 1548 4688 evasisti
1561 4635 1586 4687 ἒ
1593 4672 1724 4689 ......

449 4719 630 4772 Arist.
657 4719 864 4774 Natura
884 4715 1108 4788 quidem
1129 4718 1428 4774 maximum
1449 4727 1592 4786 erat3
1609 4719 1734 4776 dein
1757 4729 1940 4778 autem

661 4818 761 4874 ego
785 4817 1000 4875 quoque
1019 4811 1274 4860 naturam
1298 4804 1545 4862 alacriter
1565 4804 1902 4878 adjuvabam.

1201 4895 1255 4946 5.

453 4973 612 5046 Quod
629 4989 760 5033 sane
783 4983 946 5049 caput
967 4984 1051 5033 est
1079 4973 1406 5046 inferorum,
1427 4975 1714 5035 adduxIsti.

1201 5069 1256 5120 6.

506 5165 569 5219 ji.
599 5151 964 5208 peritissimus
983 5151 1075 5208 ille
1099 5149 1203 5208 fuit
1225 5149 1512 5209 hominum
1531 5151 1764 5210 dicendi.

1431 366 1842 427 comosum
1887 348 2211 429 verrius
2252 366 2666 439 amotum.

2186 542 2247 583 α.
2292 516 2631 607 Κράτιστος
2644 512 2816 589 οὗτος
2842 512 3057 605 ἐγένετ’
3083 516 3407 607 ἀνθρώπων
3428 520 3643 609 λέγειν,

2183 622 2365 687 ὁπότε
2392 618 2711 711 παρέλθοι,
2738 620 2986 713 χῶσπερ
3030 619 3242 713 ἁγαθοὶ
3276 612 3508 713 δρομῆς

2183 730 2250 792 ἐκ
2278 718 2428 792 δέκα
2463 716 2669 791 ποδῶν
2699 728 2824 817 ᾔρει
2855 728 3051 819 λέγων
3084 728 3223 803 τοὺς
3262 730 3539 819 ῥήτορας.

2188 836 2247 915 β.
2285 834 2493 925 Ταχὺν
2534 830 2728 922 λέγεις
2770 830 2914 921 μὲν,
2952 831 3099 925 πρὸς
3130 824 3202 897 δέ
3246 839 3307 925 γ’
3350 836 3535 898 αὐτοῦ
3566 843 3644 916 τῷ

3476 938 3646 1026 τάχει

2090 1035 2131 1107 5
2183 1042 2367 1108 πειθώ
2396 1068 2489 1119 τις
2524 1034 2864 1118 ἐπεκάθιζεν
2895 1038 2993 1106 ἐπὶ
3028 1036 3158 1117 τοῖς
3192 1040 3459 1133 χείλεσιν
3479 1067 3495 1081 ·

2186 1152 2375 1225 οὕτως
2406 1151 2644 1231 ἐκήλει,
2668 1146 2773 1213 καὶ
2810 1146 2986 1239 μόνος
3022 1154 3147 1212 τῶν
3182 1147 3447 1239 ῥητόρων

2186 1254 2259 1318 τὸ
2292 1254 2530 1346 κέντρον
2573 1254 2969 1346 ἐγκατέλειπε
3006 1257 3135 1328 τοῖς
3170 1253 3593 1345 ἀκροωμένοις.

2089 1398 2351 1469 Quinque
2385 1398 2612 1471 priores
2637 1414 2830 1453 versus
2855 1396 3029 1451 habet
3052 1397 3221 1451 etiam
3242 1396 3424 1453 schol.
3462 1399 3655 1453 Aristi-

2090 1484 2176 1541 dis
2196 1505 2257 1560 p.
2284 1493 2399 1555 472
2424 1485 2616 1555 Dind.,
2638 1475 2806 1549 Οὗτος
2824 1481 3101 1561 κράτιστος
3124 1483 3204 1557 ἐγ.
3236 1484 3399 1539 Libri
3420 1504 3591 1541 versu
3620 1505 3650 1540 2

2089 1570 2363 1648 παρέλθοι,
2386 1568 2586 1649 ὥσπερ.
2615 1575 2801 1647 Toup.
2834 1572 2911 1630 ad
2948 1573 3267 1647 Longinum
3296 1570 3395 1640 34,
3444 1578 3505 1645 4,
3538 1593 3653 1627 πα-

2091 1657 2259 1737 ρέλθοι
2296 1660 2365 1721 δ’.
2398 1664 2463 1717 V.
2510 1660 2541 1715 3
2586 1662 2757 1736 vulgo
2802 1658 3106 1717 ἑκκαίδεκα.
3136 1658 3247 1715 Sed
3274 1670 3433 1715 recte
3474 1663 3653 1735 scrip·

2092 1758 2213 1803 tum
2250 1768 2347 1823 ap.
2390 1748 2571 1806 schol.
2604 1751 2773 1806 Hom.
2804 1747 2873 1805 n.
2913 1743 2986 1815 P,
3030 1746 3166 1812 463.
3196 1747 3363 1803 Conf.
3404 1748 3654 1803 Isidorus

2092 1838 2273 1895 Pelus.
2306 1837 2481 1911 Epist.
2520 1843 2573 1906 4,
2598 1833 2711 1891 205
2746 1855 2761 1890 =
2795 1834 3056 1912 Περικλῆς
3073 1876 3092 1908 ,
3120 1830 3173 1898 ὃς
3198 1832 3303 1890 ἀπὸ
3329 1832 3458 1891 δέκα
3486 1835 3655 1891 ποδῶν

2092 1920 2207 2001 ᾕρει
2228 1922 2344 1989 τοὺς
2383 1922 2634 2004 ῥήτορας,
2666 1935 2724 1980 et
2754 1925 3091 1981 Themistius
3114 1924 3272 1980 Orat.
3300 1942 3401 1995 27,
3422 1944 3489 1999 p.
3520 1925 3647 1999 339,

2092 2012 2157 2082 C,
2190 2008 2356 2085 λέγων
2387 2008 2616 2089 αἱρήσεις
2638 2010 2733 2069 οὔκ
2760 2011 2819 2067 ἐκ
2848 2008 2972 2067 δέκα
3005 2008 3207 2082 ποδῶν,
3232 2006 3347 2066 ἀλλ’
3384 2008 3439 2077 ἐξ
3470 2008 3657 2069 εἴκοσιν

2094 2095 2235 2164 ἴσως.
2264 2102 2333 2157 V.
2380 2106 2413 2165 4
2466 2100 2643 2157 schol.
2676 2100 2965 2173 Aristoph.
2999 2093 3202 2171 λέγειν,
3246 2098 3350 2154 sed
3397 2100 3659 2157 Aristidis

2094 2184 2259 2263 λέγεις
2272 2229 2288 2256 ,
2308 2188 2476 2262 quod
2516 2199 2670 2245 reete
2716 2187 3014 2261 adoptavit
3040 2188 3213 2245 Mein.
3255 2186 3661 2243 Laudaverunt

2094 2281 2287 2331 versus
2348 2283 2380 2342 4
2428 2287 2487 2333 et
2528 2274 2563 2331 5
2614 2277 2787 2333 etiam
2834 2277 2955 2350 ipse
2990 2275 3261 2331 Aristides
3302 2286 3364 2331 et
3408 2275 3659 2333 Isidoms

2096 2362 2132 2418 l.
2167 2380 2249 2438 c.;
2299 2361 2333 2418 5
2361 2374 2419 2419 et
2463 2380 2589 2437 sqq.
2626 2364 2795 2419 etiam
2844 2362 3055 2417 Plinius
3102 2364 3280 2436 Epist.
3320 2380 3383 2436 1,
3408 2380 3489 2417 2ο
3522 2363 3657 2435 (ubi

2098 2449 2420 2522 ἐπεκάθητο,
2458 2458 2594 2507 τοῖσι
2634 2454 2747 2527 χ.),
2778 2451 2814 2506 6
2841 2460 3029 2505 autem
3058 2461 3119 2505 et
3156 2470 3189 2521 7
3220 2451 3517 2505 Diodorus
3552 2454 3657 2507 Sic.

2106 2558 2195 2609 12,
2231 2546 2329 2605 4ο.
2355 2540 2559 2595 Cicero
2596 2542 2757 2596 Orat.
2798 2536 2888 2606 15,
2920 2538 2993 2594 de
3032 2538 3221 2594 Suada
3252 2557 3267 2592 τ
3297 2558 3471 2612 quam
3496 2542 3659 2594 deam

2100 2633 2159 2681 in
2190 2628 2423 2683 Periclis
2456 2630 2627 2683 labris
2664 2634 2891 2703 scripsit
2923 2629 3157 2701 Eupolis
3193 2633 3555 2697 sessitavisse;
3608 2640 3661 2685 et

2099 2716 2274 2773 Bruto
2316 2732 2353 2789 9
2393 2734 2405 2769 :
2454 2717 2527 2770 de
2556 2716 2777 2771 Pericle
2820 2720 3045 2791 scripsit
3080 2716 3335 2788 Eupolis,
3372 2732 3499 2771 cum
3538 2736 3659 2770 acm

2099 2804 2463 2859 delectatione
2514 2808 2691 2859 etiam
2750 2804 2977 2858 aculeos
3018 2804 3301 2876 reliquisse
3356 2805 3415 2857 in
3467 2811 3661 2859 animis

2098 2909 2317 2962 eorum,
2362 2910 2402 2945 a
2430 2892 2631 2966 quibas
2663 2902 2813 2946 esset
2846 2892 3093 2947 auditus.
3138 2890 3373 2964 Quintil.
3411 2909 3505 2962 12,
3542 2912 3610 2948 ιο
3644 2910 3660 2950 :

2100 2979 2246 3034 hanc
2269 2985 2387 3034 vim
2420 2991 2479 3034 et
2502 2982 2847 3035 celeritatem
2870 2984 2928 3034 ia
2951 2980 3173 3036 Pericle
3200 2979 3525 3036 admiratus·
3554 2983 3661 3036 Eu-

2095 3071 2243 3141 polis
2256 3089 2280 3136 ;
2338 3067 2487 3122 hanc
2515 3067 2861 3138 fulminibus
2912 3067 3322 3142 Aristophanes
3378 3081 3667 3142 comparat

2105 3155 2385 3231 (Acharn.
2414 3154 2527 3211 530
2555 3151 2736 3234 seq.);
2762 3156 2887 3212 laeaec
2917 3168 3001 3212 est
3042 3173 3182 3212 vera
3210 3157 3440 3210 dicendi
3474 3155 3665 3224 sacul-

437 3288 644 3345 θοι-αα
670 3305 686 3348 :
716 3285 946 3353 Γελοίως
982 3285 1274 3345 πέπαικται
1303 3286 1430 3368 πρὸ(
1462 3285 1523 3346 τὸ
1560 3283 1773 3364 μέγεθος
1801 3285 1893 3351 τῆς
1918 3307 2003 3340 κε·
2052 3215 2060 3338 i
2103 3257 2209 3302 ms·
2232 3247 2298 3302 V·
2328 3263 2358 3314 7
2389 3246 2561 3299 etiam
2576 3262 2673 3319 ³1³·
2696 3245 2876 3305 ⁵⁰1¹01·
2902 3248 3003 3302 Ar·
3027 3246 3159 3304 Pac·
3186 3251 3360 3320 ¹²⁰49
3382 3244 3485 3300 ”bi
3508 3245 3665 3319 ‘3³9‘ss-

2103 3329 2278 3389 τέλιπε
2296 3373 2312 3402 ,
2336 3334 2483 3387 sicut
2508 3351 2601 3406 ap.
2634 3333 2781 3390 Pliu.

2850 3481 2907 3532 7.

2497 3591 2616 3646 vol.
2668 3608 2725 3660 2,
2768 3608 2830 3664 p.
2885 3595 2992 3660 174
3034 3590 3211 3648 Dind.
3267 3611 3279 3644 :
3329 3589 3671 3669 ἀνεπίφθονον

2102 3677 2243 3756 αὖτῷ
2279 3675 2541 3754 (Pericli)
2569 3673 2659 3735 atui
2678 3673 2913 3756 καθαρὰν
2936 3673 3033 3748 τὴν
3057 3677 3346 3756 μαρτυρίαν
3368 3679 3671 3737 ἀποδέδωκε

2104 3765 2429 3844 (Eupolis),
2458 3765 2624 3844 λέγων
2643 3768 2711 3832 ὡς
2734 3765 2793 3824 ἐκ
2818 3763 2946 3822 δέκα
2974 3766 3146 3823 ποδῶν
3168 3763 3261 3840 μὲν
3289 3763 3408 3844 ᾕρει
3432 3765 3550 3833 τοὺς
3576 3769 3669 3848 ρκ’,-

2101 3876 2253 3931 τορας
2284 3853 2338 3910 ἐν
2382 3853 2486 3920 τοῖς
2522 3851 2727 3933 λόγοις,
2768 3851 2930 3930 μόνου
2962 3851 3017 3912 δὲ
3054 3851 3217 3912 πειθώ
3256 3877 3331 3920 τις
3366 3856 3675 3922 ἐπεκάθιζεν

2102 3943 2187 4000 ἐπὶ
2215 3951 2320 4010 τοῖς
2347 3943 2573 4022 χείλεσι·
2598 3942 2772 4002 πάντα
2794 3933 2986 4002 δἐἶναι
3014 3941 3269 4023 φλυαρίαν
3296 3943 3429 4022 πρὸς
3448 3944 3673 4004 ἐκεῖνον.

2101 4029 2229 4111 φησὶ
2256 4036 2397 4108 γοῦν·
2429 4057 2450 4084 ο
2479 4029 2689 4110 Ῥήτωρ
2714 4029 2816 4110 γάρ
2850 4031 2875 4054 '¹
2906 4033 3017 4089 ἐστι
3062 4035 3153 4088 νῦν
3180 4053 3291 4108 τις,
3332 4029 3390 4088 ὃν
3430 4034 3481 4108 γ’
3534 4033 3677 4090 ἔστιν

2100 4117 2269 4195 λέγειν
2284 4138 2303 4191 3
2359 4122 2387 4176 ὁ
2430 4117 2695 4194 Βουζύγης
2732 4115 2968 4195 ἄριστος,
3010 4115 3297 4196 ἁλιτήριος.
3344 4145 3365 4170 ·
3412 4123 3591 4176 Versu
3650 4143 3667 4176 1

2102 4209 2197 4264 alii
2222 4208 2356 4263 libri
2380 4203 2435 4264 ὃν
2450 4249 2467 4279 ,
2492 4209 2589 4264 alii
2610 4197 2708 4282 ὧν,
2735 4207 2895 4282 quod
2914 4208 3066 4264 male
3084 4209 3326 4282 arripuit
3346 4208 3675 4266 scholiasta.

2172 4389 2339 4445 quum
2358 4373 2416 4429 in
2440 4373 2684 4430 medium
2706 4382 3059 4446 processerat,
3074 4381 3149 4440 et,
3169 4373 3379 4430 utboni
3398 4391 3679 4437 cursores,

2172 4458 2360 4516 decem
2382 4459 2629 4532 passibus
2650 4457 3078 4532 praesestinantoe
3100 4467 3343 4516 oratores
3370 4463 3681 4518 antevenie-

2174 4547 2227 4602 b.
2256 4547 2500 4605 Celerem
2520 4545 2736 4619 quidem
2751 4547 2915 4615 dicis;
2940 4555 3202 4619 praeterea
3224 4563 3351 4604 vero
3538 4550 3675 4618 [bat.

2104 4643 2138 4692 5
2172 4635 2339 4693 suada
2362 4635 2613 4709 quaedam
2648 4635 2847 4692 insedit
2866 4635 3024 4692 labiis
3044 4635 3162 4707 eius
3188 4653 3201 4688 :

2176 4723 2309 4779 adeo
2326 4721 2672 4804 demulcebat
2688 4720 2982 4788 auditores,
3002 4729 3059 4778 et
3074 4720 3225 4778 solus
3246 4729 3533 4780 oratorum

2176 4809 2427 4866 aculeum
2457 4808 2801 4881 relinquebat
2817 4810 2877 4866 in
2894 4810 3110 4865 animis.

2868 4901 2921 4950 ⁷.

2110 5001 2160 5041 a.
2203 4986 2400 5041 Orator
2422 4983 2568 5040 enim
2607 4999 2751 5041 unus
2778 4984 2900 5057 quis
2936 4983 3096 5042 hodie
3114 5025 3129 5050 ‚
3167 4999 3332 5054 quem
3372 5001 3685 5042 memorare

3434 5077 3455 5142 [
3470 5075 3685 5146 possis?

2110 5157 2164 5213 b.
2200 5161 2441 5230 Buzyges
2464 5156 2702 5228 optimus
2734 5165 2817 5215 est
2826 5203 2844 5234 ,
2866 5157 3165 5230 piacularis
