3809 5850
477 443 551 491 46
1462 427 1874 488 COMOEDlAE
1912 425 2253 520 VET-Ems
2285 427 2698 500 RELIQUIAE.

467 559 729 630 Suidam3
761 557 834 618 de
861 576 980 634 quo
1003 558 1174 614 etiam
1197 556 1542 630 Hesychius,
1575 555 1832 635 Φορμίων
1859 574 1873 616 :
1897 543 2044 620 οὗτος

467 643 756 725 στρατηγὸς
783 643 984 723 ἐγένετο
1017 645 1412 721 Κροτωνιατῶν.
1445 669 1469 695 n
1505 647 1555 700 E
1573 647 1661 702 M.

1215 773 1301 811 10.

550 867 832 943 Hcphaest.
860 864 951 936 13,
971 847 1034 941 p:
1053 885 1150 936 72,
1173 866 1244 923 de
1266 876 1452 922 metro
1475 865 1701 923 Cretico
1721 867 2036 923 disserens:

466 954 708 1011 καλεῖται
735 949 791 1009 δὲ
835 951 926 1009 καὶ
977 949 1065 1008 ὑπ’
1109 951 1290 1008 αὐτῶν·
1331 953 1433 1010 τῶν
1478 952 1712 1024 ποιητῶν
1761 951 2040 1033 Κρητικὸν,

466 1037 646 1120 ὥσπερ
669 1037 772 1097 ὑπὸ
793 1037 1053 1117 Κρατίνου
1077 1039 1131 1096 ἐν
1147 1041 1199 1098 T
1201 1060 1319 1117 ροφ.

565 1182 626 1222 α.
660 1145 864 1248 ἓγειρε
889 1145 966 1229 δὴ
993 1163 1112 1238 νῦν,
1136 1163 1371 1239 Μοῦσα,
1392 1154 1696 1248 Κρητικὸν
1731 1147 1946 1245 μέλοςί

569 1265 630 1346 β.
647 1267 838 1352 Χαῖρε
849 1253 953 1345 δὴ,
969 1269 1186 1326 Μοῦσα
1203 1253 1218 1326 l
1237 1259 1447 1354 χρονία
1470 1261 1577 1352 μὲν
1591 1264 1782 1342 ἥκεις,
1801 1263 1962 1352 ὅμως
1978 1253 2039 1325 δ’

565 1365 744 1444 ἦλθες
772 1370 838 1431 οὐ
858 1363 885 1391 *
903 1363 1037 1458 πρὶν
1053 1364 1261 1449 ἐλθεῖν,
1283 1363 1402 1432 ἴσθι
1421 1368 1620 1458 σαφές·
1640 1365 1784 1432 ἀλλ’
1803 1369 1986 1442 ὅπως.
1998 1416 2035 1434 ..

470 1498 708 1553 Versum
739 1513 764 1551 1
797 1494 1108 1568 Hesychius
1133 1495 1470 1568 respiciens,
1496 1507 1562 1550 ut
1602 1495 1864 1569 videtur,
1893 1493 2039 1570 Κρη-

468 1583 610 1640 τικὸν
631 1581 787 1658 μίλος
812 1601 830 1643 :
852 1577 990 1640 οὕτω
1017 1581 1219 1658 Κρῆτες
1240 1583 1378 1657 (pro
1405 1578 1690 1658 Κρητικοὶ)
1723 1569 1907 1657 ῥυθμοὶ
1924 1577 2038 1638 ἐλέ-

463 1693 642 1747 γοντο,
668 1668 775 1728 ἀπὸ
801 1670 1026 1748 Κρητῶν
1051 1667 1146 1744 (ut
1171 1669 1358 1746 Κρῆτα
1381 1671 1572 1746 ταῦρον
1597 1669 1866 1744 ΑΡοΠοᾶ.
1889 1687 1949 1739 2,
1977 1668 2035 1738 5,

467 1779 500 1831 7
519 1755 562 1836 ).
587 1761 768 1816 Versu
795 1757 828 1813 3
855 1756 1244 1831 imprudenter
1268 1755 1510 1814 Porson.
1545 1757 1702 1832 apud
1724 1756 2038 1827 Gaissord.,

465 1859 705 1904 metrum
733 1843 1164 1914 emendatum,
1185 1843 1243 1899 οὗ
1267 1841 1390 1921 πρίν
1413 1863 1472 1920 γε
1490 1841 1615 1904 δεῖν.
1641 1844 1898 1899 Scribam
1925 1863 2039 1919 po-

465 1935 578 1990 tius
603 1931 663 1990 οὖ
691 1927 814 2010 πρίν
849 1930 905 2006 μ’
931 1927 1134 2000 ἀθλεῖν,
1167 1949 1278 1987 non
1313 1941 1614 2004 antequam
1652 1949 1758 2005 ego
1796 1929 2043 1989 laboras-

466 2041 604 2090 sem,
650 2030 868 2092 tuoque
916 2018 1284 2092 indiguissem
1327 2019 1537 2074 auxilio
1576 2019 1637 2076 in
1673 2023 2039 2078 contentione

465 2107 751 2167 theatrali.
793 2107 902 2164 Pro
942 2103 1117 2165 ἀθλεῖν
1157 2105 1306 2165 forte
1348 2109 1623 2183 scriptum
1667 2127 1700 2165 a
1741 2107 2041 2165 festinante

465 2195 704 2255 librario
730 2195 905 2253 ἀλθεῖν
925 2196 1095 2252 facile
1115 2197 1320 2254 abierit
1341 2197 1403 2252 in
1426 2195 1612 2253 ἐλθεῖν.

551 2289 814 2360 Denique
837 2285 1153 2358 Hesychius
1181 2285 1390 2362 Κριθῶν
1418 2303 1433 2342 t
1468 2281 1621 2361 ὄχλος
1645 2284 1698 2341 ἐν
1726 2281 2037 2363 Τροφωνίῳ.

467 2371 759 2452 προσέθηκε
791 2368 847 2428 δὲ
879 2369 1079 2438 παίζων
1119 2369 1182 2428 τὸ
1214 2369 1480 2450 ἀργύριον.
1527 2372 1665 2443 Quae
1699 2391 1800 2447 per
1831 2391 1890 2430 sc
1933 2373 2041 2428 ob-

465 2479 634 2517 scura
651 2469 863 2517 suntet
885 2459 1168 2516 incertum
1200 2478 1274 2516 an
1306 2459 1379 2516 ad
1407 2461 1622 2516 Cratini
1646 2462 2040 2536 Trophonium

465 2551 806 2624 pertineant.

543 2637 710 2693 Adde
734 2635 942 2710 fragm.
973 2636 1176 2693 incert.
1205 2633 1338 2692 180.

815 2777 1031 2838 XXIV.
1075 2775 1694 2874 XEIMAZOMENOI.

543 2930 960 3001 Argumentum
986 2923 1434 2981 Acharnensium
1465 2944 1480 2983 :
1520 2921 1767 3003 ἐδιδάχθη
1801 2923 1889 2983 ἰπὶ
1922 2925 2041 2985 Εὗ-

463 3010 698 3087 θυδήμου
728 3010 975 3090 ἄρχοντος
1002 3012 1056 3069 ἐν
1081 3008 1330 3083 Ληναίοις
1357 3008 1444 3069 διὰ
1487 3010 1919 3090 Καλλιστράτου·
1948 3013 2039 3071 καὶ

463 3103 670 3180 πρῶτος
691 3090 778 3171 ἦν.
810 3098 1042 3177 δεύτερος
1067 3100 1168 3177 Κρ.
1195 3098 1638 3175 Χειμαζομένοις.
1675 3100 1734 3157 οὗ
1761 3100 2035 3169 σώζονται.

463 3187 634 3265 τρίτος
651 3185 881 3254 Εὔπολις
901 3188 1245 3263 Νουμηνίαις.
1269 3214 1294 3239 α
1314 3189 1620 3245 Archontis
1637 3206 1848 3245 nomen
1865 3192 2039 3264 vulgo

467 3274 800 3351 Εὐθυμένους
828 3278 1104 3351 scriptum
1129 3278 1389 3332 correxit
1421 3276 1674 3336 Clinton.
1707 3278 1861 3335 Fast.
1905 3279 2041 3333 Hel-

465 3366 578 3424 len.
606 3384 666 3440 p.
705 3384 773 3437 71
807 3382 822 3423 :
857 3366 1053 3440 itaque
1078 3366 1133 3419 in
1157 3382 1384 3421 scenam
1409 3366 1690 3421 commissi
1719 3375 1851 3421 sunt
1869 3364 2035 3440 Χειμ.

465 3456 681 3529 olymp.
712 3454 810 3524 88,
851 3460 884 3521 4
918 3452 1082 3531 (ante
1107 3453 1241 3513 Chr.
1273 3464 1395 3510 nat.
1432 3460 1542 3521 424
1570 3454 1616 3530 ).
1651 3480 1676 3505 a
1705 3457 1794 3513 M.

929 3598 1116 3656 xxv.
1165 3596 1596 3679 xmpnucz„

544 3746 625 3799 Dc
671 3752 1004 3815 argumento
1052 3741 1256 3795 fabulae
1304 3740 1438 3795 vide
1489 3758 1613 3813 quae
1669 3739 1936 3796 dicentur
1983 3742 2081 3798 in!

467 3829 666 3903 fragm.
691 3830 917 3885 ultimo·

1235 3954 1288 3993 ι.

545 4050 800 4104 Gramm.
841 4048 1080 4106 Bckker.
1109 4046 1328 4104 Anecd.
1374 4065 1438 4121 p.
1475 4044 1613 4120 335,
1649 4066 1752 4123 η,
1785 4044 2036 4120 Ἀγανόνε

466 4132 649 4206 καλὸν,
674 4132 793 4204 ἡδύ.
823 4135 1082 4213 'Apio-cop.
1106 4132 1445 4213 Λυσιστράτῃ
1465 4133 1762 4213 (886).Kp.
1778 4133 2041 4215 Χείρωσι·

563 4234 874 4327 Μακάριος
903 4232 974 4313 ἦν
999 4238 1032 4299 ὀ
1067 4234 1183 4325 πρὸ
1215 4244 1320 4300 τοῦ
1358 4234 1562 4319 βιοτὸς

565 4344 833 4431 βροτοῖσι
869 4342 1010 4432 πρὸς
1044 4338 1122 4405 τὰ
1153 4350 1272 4424 νῦν,
1314 4338 1377 4405 ὃν
1411 4336 1578 4431 εἶχον
1611 4334 1817 4433 ἄνδρες

1217 4567 1301 4615 10.

465 4659 517 4699 a.
547 4644 727 4700 Exeita
749 4659 899 4701 nuuc
927 4661 1056 4703 sane
1073 4687 1090 4713 ,
1119 4662 1153 4701 o
1181 4649 1347 4703 Musa
1365 4687 1380 4713 ‚
1407 4646 1680 4701 Creticum
1705 4648 1955 4703 cantum!

2240 560 2629 651 ἀγανόφρονος
2664 553 2947 654 ἣδυλόγῳ
2980 562 3192 654 σοφίᾳ,
3224 559 3255 592 ⁴*
3282 568 3523 657 βρωτων
3557 572 3659 660 περὶ

3358 669 3423 737 σὲ
3468 679 3656 750 καλεῖς.

2141 794 2317 848 Versu
2368 811 2392 847 1
2430 791 2616 848 codex
2664 792 2937 850 mendose
2981 793 3179 872 βροτὸς,
3226 795 3427 855 frustra
3458 801 3659 860 Bekker.

2142 876 2270 955 βίος.
2294 881 2363 936 V.
2389 879 2421 935 3
2454 880 2589 939 cod.
2624 881 2723 936 hic
2744 882 2976 955 quidem
3002 884 3201 960 βροτῶν
3224 888 3585 964 περισοκαλεῖς,
3610 911 3662 947 ex

2140 985 2257 1043 quo
2288 979 2563 1043 corrupto
2593 971 3021 1044 exsculpserunt
3048 973 3484 1046 ineptissimum,
3514 997 3661 1052 neque

2139 1057 2443 1127 usitatum,
2476 1058 2563 1135 βρ.
2592 1058 3023 1135 περισσοκαλλεῖς
3054 1080 3067 1114 :
3096 1061 3199 1118 sed
3225 1081 3285 1137 p.
3322 1063 3456 1137 329,
3479 1063 3509 1120 5
3530 1067 3663 1139 (Bek-

2141 1142 2262 1203 ker.
2308 1143 2529 1202 Annot.
2583 1146 2713 1205 crit.
2753 1157 2893 1206 tom.
2932 1147 3004 1216 3,
3044 1168 3107 1224 p.
3149 1151 3327 1223 1106)
3370 1152 3509 1208 idem
3550 1154 3664 1209 libes·
3743 1175 3744 1200 ³

2140 1231 2315 1288 habet
2346 1235 2561 1311 βρωτων
2583 1229 2731 1310 παρὰ
2760 1233 2873 1310 (vel
2899 1234 3049 1313 περὶ)
3080 1257 3139 1294 σε
3166 1237 3361 1303 καλεῖς.
3385 1241 3551 1314 Igitur
3571 1242 3663 1296 haec

2136 1319 2307 1376 fuerit
2338 1339 2537 1377 manus
2572 1331 2782 1396 poetae,
2828 1325 3103 1401 βρωτῶν
3136 1322 3394 1405 περίσσ’
3434 1325 3661 1398 ἕκηλοι,
3742 1313 3744 1378 ἶ

2135 1407 2267 1463 cibo
2277 1407 2601 1464 abundante
2621 1417 2881 1480 contenti,
2909 1413 3203 1487 quietique
3226 1416 3472 1470 viventes
3496 1427 3663 1471 :notus
3743 1469 3744 1472 ,

2134 1497 2484 1554 accusativus
2505 1498 2762 1559 causalis.
2794 1529 2873 1543 —
2900 1499 3180 1575 Congruit
3201 1501 3358 1557 hisce
3384 1504 3665 1578 proximum
3743 1497 3744 1564 j

2134 1579 2531 1658 frag-mentum.
3743 1575 3744 1584 ἵ

2898 1683 2951 1722 a.

2215 1773 2419 1834 Athen.
2438 1775 2547 1850 '12,
2574 1792 2637 1849 p.
2672 1771 2813 1848 553,
2834 1775 2881 1830 E
2914 1796 2927 1830 :
2954 1771 3047 1832 καὶ
3073 1772 3162 1833 τὸν
3184 1775 3269 1834 ἐπὶ
3290 1773 3665 1856 Θεμιστοκλίονς

2135 1857 2189 1918 δὲ
2221 1859 2333 1938 βίον
2361 1859 2715 1933 Τηλεκλείδης
2740 1861 2795 1919 ἐν
2821 1860 3149 1942 Πρυτάνεων
3186 1863 3351 1944 ἁδρὸν
3377 1864 3497 1925 ὄντα
3520 1889 3663 1942 παρα·

2134 1947 2337 2007 δίδωσι.
2372 1949 2475 2026 xp.
2504 1949 2551 2006 δ’
2583 1950 2635 2007 εν
2666 1948 2897 2028 Χείρωσι
2924 1947 3020 2020 τὴν
3049 1949 3249 2034 τρυφὴν
3279 1954 3561 2034 ἐμφανίζων
3589 1951 3664 2024 τὴν

2132 2039 2237 2096 τῶν
2263 2035 2594 2116 παλαιτέρων
2632 2035 2789 2118 φησὶν
3743 2117 3744 2122 1

2230 2149 2479 2220 Ᾰπαλὸν
2552 2147 2620 2220 δὲ
2679 2149 3051 2246 σισύμὸριον,
3110 2155 3147 2229 ἢ
3186 2159 3409 2249 κρίνον,
3449 2156 3485 2232 ἢ
3570 2157 3585 2182 ’
3616 2183 3664 2223 ον

3160 2261 3306 2355 παρ’
3344 2262 3440 2340 οὖς
3473 2263 3663 2334 ἐθάκει·

2231 2363 2367 2456 περὶ
2392 2363 2564 2456 χερσὶ
2596 2358 2665 2431 δὲ
2721 2371 2916 2456 μῆλον
2953 2367 3108 2458 ἔχων
3159 2363 3529 2463 (σκήπτρῳ)
3562 2369 3662 2434 cxi·

3107 2475 3283 2542 πωνά
3312 2473 3369 2542 τ’
3396 2470 3660 2569 ἠγόραζον.
3743 2527 3744 2530 ¹

2128 2603 2196 2658 V.
2237 2620 2261 2656 1
2302 2598 2524 2676 prius-52
2558 2599 2785 2658 addidit
2818 2601 3015 2672 Mein.;
3053 2619 3217 2658 versu
3260 2621 3293 2658 2
3350 2623 3537 2660 errore
3570 2603 3663 2658 sre-

2134 2690 2333 2762 qucnti
2358 2690 2490 2743 libri
2528 2685 2678 2766 παρὰ
2704 2685 2891 2766 χερσί,
2915 2689 3206 2764 iidemque
3228 2689 3369 2768 ἔχων
3396 2687 3608 2748 σκίπωνᾶ
3630 2685 3664 2744 τ’

2133 2776 2251 2852 ἠγ.,
2280 2775 2429 2832 sorte
2480 2777 2742 2852 neglecto
2779 2773 3037 2855 σκήπτρῳ
3078 2789 3208 2834 ante
3248 2797 3459 2836 nomen
3499 2778 3661 2835 simile.

2134 2865 2466 2920 Herodotus
2502 2862 2696 2939 x,195,
2730 2862 2803 2922 de
2822 2865 3145 2939 Babyloniis
3174 2885 3462 2942 exponens
3492 2886 3504 2921 :
3530 2886 3666 2943 σφρη·
3743 2901 3744 2906 1

2129 2952 2251 3026 γῑδα
2281 2948 2335 3008 δὲ
2377 2948 2595 3018 ἕκαστος
2626 2949 2737 3031 ἔχει
2764 2950 2857 3009 καὶ
2896 2954 3161 3031 σκῆπτρον
3201 2951 3579 3033 χειροποίητον·
3598 2949 3669 3022 ἐφ’

2130 3036 2338 3117 ἑκάστῳ
2370 3038 2426 3097 δὲ
2458 3037 2712 3120 σκήπτρῳ
2740 3039 2921 3098 ἔπεστι
2959 3040 3312 3117 πεποιημένον
3354 3040 3393 3111 ἢ
3438 3042 3605 3117 μῆλον,
3640 3035 3667 3103 ἦ

2132 3124 2297 3203 ῥόδον,
2316 3123 2351 3195 ἢ
2372 3125 2564 3205 κρίνον,
2584 3125 2621 3197 ἢ
2642 3125 2831 3198 αἰετὸς,
2855 3126 2891 3199 ἢ
2908 3126 3039 3186 ἄλλο
3055 3152 3127 3189 τι.
3154 3132 3406 3187 Meinck.
3430 3126 3557 3207 μετὰ
3568 3146 3668 3205 χερ·

2130 3210 2213 3271 civ
2228 3256 2245 3284 ,
2303 3218 2573 3292 supplens
2618 3214 2839 3282 ἕκαστος
2885 3230 3018 3294 post
3062 3218 3251 3293 μῆλον.
3304 3218 3459 3293 Σισ.,
3503 3220 3671 3290 sisym-

2128 3301 2323 3358 brium
2388 3305 2727 3360 nasturtium
2776 3306 2951 3365 Linn.
3014 3307 3486 3365 Brunnenkresse.
3552 3300 3669 3379 Ilzp’

2128 3379 2215 3454 οῧς
2239 3388 2445 3462 ἐθάκει,
2470 3398 2594 3447 auri
2616 3395 2895 3449 insidebat
2924 3415 2944 3449 :
2976 3394 3283 3473 descriptio
3308 3414 3531 3453 coronae
3554 3412 3669 3469 poc·

2130 3480 2261 3536 tica.
2288 3482 2374 3535 De
2400 3482 2579 3537 verbo
2622 3479 2879 3559 ἠγόραζον
2912 3485 3089 3540 relato
3127 3484 3205 3541 ad
3240 3480 3378 3562 ἔχων
3412 3505 3468 3544 ν.
3496 3482 3667 3542 Maian.

2130 3566 2225 3623 Gr.
2252 3567 2303 3641 S.
2326 3566 2462 3639 301,
2494 3588 2714 3644 nosque
2738 3570 2815 3625 ad
2833 3571 3098 3645 Thucyd.
3134 3592 3185 3642 1,
3219 3573 3355 3629 106.

2892 3684 2943 3740 3.

2214 3788 2368 3847 Plut.
2408 3793 2536 3850 Vita
2572 3793 2806 3849 Periclis
2834 3813 2962 3869 cap.
3005 3794 3060 3866 3,
3104 3794 3175 3851 de
3204 3796 3395 3870 capite
3429 3797 3571 3851 illius
3592 3794 3671 3849 dc·

2134 3880 2301 3935 sormi
2329 3881 2507 3937 verba
2534 3880 2748 3938 faciens
2782 3902 2795 3937 :
2840 3879 2954 3940 ὅθεν
2979 3882 3034 3939 αἱ
3064 3879 3158 3957 μὲν
3182 3881 3376 3947 εἰκόνες
3400 3884 3549 3939 αὐτοῦ
3569 3900 3671 3957 σχε-

2134 3966 2219 4023 δὸν
2248 3966 2452 4025 ἅπασαι
2476 3965 2689 4047 κράνεσι
2713 3968 3144 4049 περιέχονται...
3173 3970 3222 4027 οἳ
3252 3971 3298 4028 δ’
3334 3968 3552 4028 Ἀττικοὶ
3575 3988 3673 4044 σχι-

2131 4052 2417 4127 νοκέφαλον
2446 4054 2601 4113 αὐτὸν
2644 4056 2863 4115 ἐκάλουν
2883 4076 2897 4089 ·
2932 4054 3030 4127 τὴν
3061 4054 3165 4135 γὰρ
3204 4054 3425 4117 σκίλλαν
3456 4054 3585 4114 ἔστιν
3604 4051 3674 4109 ὅτε

2132 4141 2220 4198 καὶ
2269 4149 2446 4219 σχῖνον
2487 4142 2817 4219 ὀνομάζουσι.
2858 4146 2963 4203 τῶν
3004 4142 3061 4203 δὲ
3098 4147 3350 4221 κωμικῶν
3391 4148 3420 4202 ὁ
3462 4143 3553 4221 μὲν
3584 4143 3621 4201 Κ
3630 4162 3673 4217 ρ-

2133 4230 2185 4285 ἕν
2214 4232 2283 4289 Χ.

2234 4344 2451 4421 Στάσις
2488 4340 2558 4412 δὲ
2596 4346 2704 4413 καὶ
2748 4342 3109 4440 accen-{evm
3142 4346 3411 4439 Κρόνος,

2129 4560 2331 4635 placidi
2354 4564 2672 4637 suaviloqua
2689 4564 2951 4637 sapientia
2967 4605 2984 4634 ‚
3006 4580 3109 4621 nee
3128 4562 3346 4621 solliciti
3369 4563 3497 4620 cibo
3522 4562 3674 4633 largo.

2884 4666 2938 4715 2.

465 4730 523 4788 b·
553 4730 709 4787 Salve
727 4732 912 4802 igitur,
933 4734 1128 4787 Musa!
1159 4748 1284 4789 ⁸810
1308 4730 1531 4804 quidem
1553 4730 1710 4799 adeso
1732 4748 1836 4788 ¹²0⁰
1854 4740 2038 4789 ”meu
2130 4756 2513 4827 Teucrumque
2540 4756 2887 4829 sisymbrium
2906 4798 2923 4827 ‚
2948 4756 3031 4813 vel
3062 4755 3239 4813 lilium
3284 4754 3373 4813 vel
3406 4770 3561 4822 rosa,
3610 4754 3681 4809 in·

468 4816 658 4873 venisti
701 4816 1013 4889 priusquam
1046 4817 1401 4885 laborassem,
1439 4815 1497 4872 id
1536 4816 1702 4889 probe
1741 4817 1907 4887 scit03
1948 4834 2040 4875 ve·

1719 4907 1737 4971 [
1757 4919 1880 4959 rum
1911 4914 2037 4961 ut...

1071 4975 1449 5032 CHIRONES.

469 5134 633 5189 Beata
661 5132 768 5191 fuit
793 5134 924 5191 olim
955 5135 1062 5191 vita
1234 5070 1282 5119 ¹⁸

470 5219 813 5289 mortalibus,
843 5230 1151 5295 conspui-ata
1195 5222 1241 5277 ei
1273 5235 1401 5293 quae
1421 5234 1569 5276 nunc
1597 5228 1706 5285 est,
1729 5236 1892 5291 quam
1917 5236 2043 5291 age·

1753 5133 1915 5203 [bant
1942 5134 2041 5189 viri
2076 5119 2081 5125 ’

3278 4844 3521 4914 [sidebat
3543 4843 3649 4900 auri
3666 4880 3679 4905 ,

2130 4949 2185 4997 et
2212 4940 2269 4997 in
2298 4940 2550 4997 manibus
2568 4938 2830 4997 habentes
2858 4937 3065 4996 malum
3108 4944 3377 5010 (sceptro)
3418 4938 3681 4995 baculum·

3016 5033 3159 5101 [que
3176 5071 3191 5097 ‚
3212 5028 3678 5086 concionabantur.

2888 5122 2938 5171 ³.

2142 5218 2421 5275 Discordia
2450 5236 2575 5275 vero
2604 5226 2658 5275 et
2682 5232 2920 5285 annosus
2947 5216 3211 5273 Saturnus
