3809 5850
401 390 511 440 206

393 524 448 569 et
487 512 646 586 quod
681 510 914 566 Photius
949 528 1011 584 p.
1067 509 1206 580 273,
1241 507 1294 579 3,
1341 527 1408 565 ex
1440 510 1720 585 Eupolide
1748 508 1954 578 affert,

393 598 633 674 μνήσατο
655 618 689 655 a
711 602 943 673 μνᾶσθαι
959 640 978 673 ,
1006 599 1239 651 ambire.
1279 620 1302 645 υ

1133 729 1226 780 77·

472 826 723 884 Granum.
773 824 1013 881 Bekkeri
1061 822 1280 881 Anecd.
1312 842 1373 899 p.
1427 822 1577 894 372,
1615 822 1688 893 6,
1731 819 1961 880 Ἀκού-

392 935 547 971 οντα
576 912 818 991 ἄριστα
865 932 878 966 2
929 909 1046 967 ἀντὶ
1086 914 1180 967 τοῦ
1224 908 1638 990 εὐφημούμενον.
1685 908 1963 989 Ἡρόδοτος

399 1002 486 1077 (8,
509 1000 658 1078 93),
703 997 796 1057 καὶ
837 998 907 1059 Ε.
943 1000 1213 1056 Similiter
1251 1000 1458 1059 Latini.
1485 1000 1780 1059 Terentius
1813 999 1971 1095 prol.-

397 1092 626 1148 Phorm.
657 1106 734 1143 2ο
763 1106 777 1145 :

472 1189 622 1243 Bene
649 1184 814 1243 dictis
837 1185 884 1241 si
909 1192 1174 1244 certasset
1193 1222 1212 1253 ,
1233 1184 1476 1241 audisset
1501 1183 1662 1251 bene,

395 1288 432 1344 i.
470 1302 524 1343 e.
569 1282 827 1339 laudatus
856 1291 998 1339 esset
1028 1299 1061 1337 a
1096 1280 1284 1340 nobis.

1093 1386 1100 1393 ¹
1135 1392 1232 1465 78.

473 1508 634 1565 Idem
659 1526 722 1584 p.
767 1512 913 1580 (201,
948 1505 986 1563 8
1025 1522 1044 1565 τ
1095 1530 1122 1558 «ι
1155 1502 1396 1582 ἄνεμος
1418 1502 1529 1562 καὶ
1559 1501 1823 1585 ὄλεθρος
1860 1503 1963 1563 ἄν-

395 1599 644 1670 θρωπος
678 1620 703 1647 »
739 1592 878 1652 πάνυ
905 1596 1098 1661 καινῶς
1126 1592 1331 1672 εἴρηται
1357 1594 1448 1650 καὶ
1472 1592 1730 1671 ἐναργῶς·
1765 1590 1878 1650 ἔστι
1905 1590 1961 1651 δὲ

399 1684 704 1749 Εὐπόλιδος.
734 1679 795 1739 τὸ
837 1680 934 1757 μὲν
971 1679 1074 1761 γὰρ
1103 1680 1337 1757 ἄνεμος
1379 1680 1530 1750 δηλοῖ
1570 1678 1659 1737 τὸν
1685 1682 1962 1757 πανταχοῦ

394 1771 672 1850 φερόμενον
695 1767 890 1845 ἀνέμου
914 1766 1162 1842 δίκην,...
1194 1768 1253 1827 τὸ
1279 1765 1335 1827 δὲ
1357 1766 1502 1826 ὄλεθ
1518 1789 1617 1847 ρος
1639 1766 1728 1825 καὶ
1754 1766 1965 1841 ὀλέθρου

395 1858 537 1925 ἄξιον
578 1856 675 1916 καὶ
738 1854 1026 1922 ἀπωλείας.
1083 1856 1437 1931 Phrynichus
1493 1857 1673 1932 Praep.
1723 1856 1961 1930 sophist.

395 1967 455 2021 p.
501 1946 595 2023 13,
625 1946 694 2003 31
725 1964 740 2004 ε
771 1942 1012 2021 ἄνεμος
1049 1942 1158 2002 καὶ
1193 1944 1454 2023 ὄλεθρος
1481 1940 1835 2022 ἅνθρωπος.
1862 1939 1964 2002 Εὔ-

395 2036 492 2093 πολ
501 2058 564 2104 ις.
594 2036 974 2094 Restituamus
997 2034 1341 2092 versiculos:

491 2192 590 2203 —
625 2148 844 2245 ἄνεμος
875 2150 1170 2243 κῶλεθρος

491 2256 824 2351 ἅνθρωπος.

1137 2394 1228 2451 79·

481 2494 766 2567 Han-poet.
807 2512 868 2568 p.
915 2499 974 2563 4,
1005 2490 1060 2561 6,
1089 2486 1356 2565 Ἀγυιᾶς
1385 2503 1402 2547 2
1439 2484 1563 2545 ἔνιοι
1599 2489 1694 2563 μὲν
1733 2486 1966 2554 ὀξύνουσι

399 2579 639 2650 θηλυκῶς
681 2577 947 2659 χρώμενοι
1003 2578 1156 2656 (scil.
1197 2574 1398 2652 ἀγυιάς.
1432 2578 1610 2633 Mein.
1629 2576 1648 2653 )
1663 2618 1686 2650 ‚
1720 2566 1826 2635 οἷον
1873 2572 1967 2641 τὰς

397 2664 568 2731 ὁδούς·
601 2667 804 2745 βέλτιον
833 2665 890 2723 δὲ
926 2670 1213 2744 περισπᾶν,
1245 2666 1318 2730 ὥς
1353 2661 1460 2721 ἀπὸ
1485 2668 1576 2721 τοῦ
1613 2662 1824 2741 ἀγυιέας
1862 2664 1967 2739 (ab

403 2752 694 2833 Ἀγυιεύς),
719 2756 790 2820 ὥς
807 2750 968 2832 σαφὲς
990 2756 1224 2809 ποιοῦσιν
1250 2748 1620 2830 Ἀριστοφάνης
1643 2773 1699 2808 τε
1717 2752 1772 2809 ἐν
1797 2748 1969 2831 Σφηξὶ

400 2842 607 2919 (81.2),
634 2842 726 2901 καὶ
753 2844 819 2902 Ε.
849 2843 1050 2918 Steph.
1083 2844 1311 2915 Byzant.
1349 2860 1414 2915 p.
1445 2859 1544 2916 29,
1569 2842 1624 2897 D
1665 2858 1682 2895 ε
1723 2836 1965 2917 λέγονται

399 2924 453 2984 δὲ
487 2929 804 3006 (ἅγυιεῖς)
833 2927 1099 2988 ὀδελίσκοι
1126 2931 1256 2994 θεοῖς
1301 2927 1596 3002 ἀνειμένοι,
1635 2929 1707 2995 ὣς
1745 2927 1840 3006 Ε.,
1876 2924 1968 2985 καὶ

397 3014 536 3076 κατὰ
567 3015 860 3099 συναίρεσιν
889 3017 1031 3096 (τοῦ)
1062 3013 1275 3096 α’γυιέας
1303 3015 1504 3095 ἀγυιᾶς.

1131 3131 1224 3188 80.

479 3247 725 3321 Hesych.
751 3241 867 3304 Ἀπ’
888 3241 1008 3303 ὄνου
1030 3241 1343 3303 καταπεσών
1371 3265 1384 3298 :
1415 3240 1556 3322 (ὡς)
1589 3269 1615 3294 α
1637 3240 1742 3300 ἀπὸ
1759 3237 1963 3317 τῦμὸου

399 3330 574 3392 πεσών
601 3359 628 3386 υ
666 3331 986 3411 (Aristoph.
1030 3336 1198 3410 Vesp.
1235 3332 1414 3409 1319)
1445 3329 1538 3390 καὶ
1575 3331 1642 3390 Ε.
1687 3355 1711 3382 α
1743 3327 1968 3408 ὥσπερ

396 3422 500 3478 ἀπ’
529 3420 560 3452 ²*
586 3418 794 3500 ὄχθου
820 3423 988 3492 (fort.
1021 3418 1129 3479 ἀπό
1155 3421 1206 3497 γ’
1235 3417 1424 3499 ὄχθου,
1454 3421 1494 3474 i.
1527 3437 1578 3476 e.
1599 3414 1826 3494 τύμὸου)
1853 3438 1889 3472 π
1908 3437 1967 3472 ε-

396 3506 556 3580 σὼν,
591 3534 614 3560 υ
657 3497 764 3568 οἶον
811 3509 906 3566 ἀπ’
943 3508 1061 3568 ὄνου
1091 3509 1270 3584 (Nuh.
1313 3526 1490 3578 1222,
1527 3507 1632 3563 ubi
1657 3525 1715 3564 v.
1760 3523 1896 3562 ann.
1920 3504 1964 3581 ).

395 3598 615 3656 Zenob.
649 3616 705 3669 2,
733 3597 834 3670 57,
864 3594 979 3656 Ἀπ’
1007 3595 1126 3656 ὄνου
1146 3593 1462 3655 καταπεσών
1495 3615 1508 3651 :
1536 3598 1570 3664 ἡ
1598 3591 1858 3672 παροιμία
1879 3589 1961 3650 τέ-

396 3705 586 3741 τακται
613 3683 702 3741 ἐπὶ
739 3687 843 3741 τῶν
875 3683 1122 3760 μειζόνων
1160 3682 1253 3741 καὶ
1293 3681 1562 3742 ἀδυνάτων
1587 3681 1713 3758 (Ρ),
1735 3682 1806 3746 ὡς
1829 3678 1971 3758 'Api-

397 3769 654 3852 στοφάνης
690 3770 814 3829 ἀπὸ
855 3771 1108 3848 τύμὸου
1142 3769 1380 3842 πεσὼν,
1425 3769 1516 3828 καὶ
1559 3771 1628 3828 Ε.
1681 3794 1706 3821 α
1735 3765 1971 3848 ὥσπερ

398 3858 526 3917 ἀπὸ
552 3857 704 3937 χοὸς
733 3859 796 3936 (Ρ)
821 3857 1064 3917 πεσών.
1095 3885 1120 3910 n
1159 3865 1212 3916 A
1235 3863 1442 3916 tumulo
1472 3861 1733 3933 delapsus
1760 3858 1974 3917 dicitur

396 3965 564 4005 senex
597 3947 920 4024 decrepitus
937 3991 954 4025 ,
979 3948 1269 4024 stupidus,
1301 3945 1405 4006 ἀπὸ
1434 3949 1522 4004 νοῦ
1553 3942 1746 4007 πεσών.

1135 4057 1232 4117 8ι.

477 4170 724 4244 Hesyeh.
754 4169 1016 4233 Βοόπις
1053 4186 1069 4228 :
1117 4166 1576 4246 μεγαλόφθαλμος,
1611 4165 1935 4246 εὖόφθαλμος
1952 4213 1969 4241 ,

400 4253 530 4334 (ὣς)
562 4254 949 4336 μεγαλόφωνος.
987 4254 1140 4333 (καὶ)
1175 4253 1406 4323 Εὔπολις
1439 4253 1494 4314 δὲ
1516 4253 1610 4326 τὴν
1629 4253 1832 4334 εἮραν.
1859 4259 1969 4312 lm-

397 4343 676 4402 mittenda
705 4355 868 4402 erant
899 4345 969 4409 ὥς
1003 4355 1064 4400 et
1094 4342 1214 4417 καὶ,
1245 4365 1317 4402 ne
1339 4348 1542 4420 nugari
1575 4346 1969 4422 grammaticus

396 4433 706 4489 videretur.
747 4457 772 4484 α
801 4433 1038 4508 Eupolis
1065 4433 1136 4490 de
1163 4434 1400 4508 Aspasia
1425 4434 1650 4490 locutus
1672 4450 1787 4490 esse
1807 4433 1965 4490 vide-

397 4530 524 4591 ων,
551 4519 626 4579 ef.
651 4519 836 4579 Φίλων
862 4519 933 4576 fr.
973 4538 996 4576 1
1017 4539 1065 4594 ιι.
1093 4545 1116 4570 n
1153 4521 1233 4576 M.

1128 4645 1230 4706 82.

475 4757 639 4814 Idem
667 4755 1018 4837 Γαληψόςε
1053 4757 1230 4826 παίζει
1273 4756 1368 4829 μὲν
1389 4759 1457 4819 Ε.
1491 4755 1636 4837 παρὰ
1655 4757 1714 4816 τὸ
1745 4755 1963 4832 λαμὸά-

395 4866 516 4903 νειν·
545 4843 656 4903 ἔστι
683 4842 739 4902 δὲ
753 4843 843 4903 καὶ
866 4844 1046 4921 πόλις,
1076 4844 1167 4902 καὶ
1189 4843 1408 4924 βοτάνης
1431 4833 1580 4911 εἶδος.
1618 4871 1640 4895 n
1673 4845 1763 4902 Ad
1791 4846 1960 4902 Cleo-—

1138 5035 1227 5084 78.

465 5157 540 5171 -·
575 5132 783 5188 Ventus
810 5147 872 5187 ac
901 5131 1160 5202 pernicies

399 5215 584 5271 honio.

1382 374 1798 436 COMOEDIAE
1837 372 2173 436 VETERIS
2215 374 2622 448 RELIQUIAE.

2050 527 2180 563 nem
2207 509 2325 565 haec
2366 520 2621 585 spectare
2643 550 2659 578 ,
2706 510 2807 584 qui
2852 520 2911 565 et
2952 521 3187 585 argento
3226 530 3287 567 se
3323 516 3621 589 corrumpi

2049 614 2246 671 passus
2271 608 2357 652 est
2378 608 2435 653 et
2460 598 2763 671 Galepsum
2786 596 2993 653 urbem
3018 599 3460 657 Atheniensibus
3480 604 3619 657 sub·

2024 752 2033 760 ἱ
2046 685 2219 758 jecit,
2245 686 2387 741 vidit
2409 685 2683 745 Fritzsch.
2712 687 2920 761 Quaest.
2947 688 3241 761 Aristoph.
3292 708 3351 761 1,
3378 709 3439 765 p.
3486 692 3618 759 1⁴6·

2051 776 2137 830 De
2160 774 2269 829 hac
2300 773 2463 845 urbe,
2489 773 2563 829 ad
2586 776 2929 831 Toronaeum
2944 776 3135 832 sinum
3151 776 3378 837 Thasiis
3396 780 3621 836 colonis

2052 861 2314 933 condita,
2338 862 2670 923 Herodotus
2686 904 2703 934 ‚
2724 864 2931 933 Thuc„
2962 864 3081 925 alii.
3114 889 3141 917 υ
3170 868 3222 922 E
3244 868 3335 927 M.

2794 976 2889 1034 83.

2134 1090 2297 1149 Idem
2330 1088 2747 1169 Δα’μαρίππε
2764 1114 2849 1157 ως
2890 1112 2907 1149 :
2940 1078 3073 1158 εἶδος
3110 1091 3344 1171 ἰσχάδος.
3390 1096 3459 1155 Ε.
3492 1120 3517 1145 ι
3542 1096 3623 1154 lta

2054 1177 2267 1235 ficuum
2306 1196 2483 1255 genus
2528 1178 2823 1254 quoddam
2860 1182 3084 1255 vulgari
3108 1200 3371 1239 sermone
3404 1184 3623 1240 dietum

2056 1286 2196 1337 esse,
2228 1286 2261 1324 e
2300 1286 2537 1343 gramm.
2580 1269 2823 1326 Bekkeri
2860 1288 2924 1344 p.
2972 1288 3119 1345 ¹197
3161 1272 3517 1349 intelligitur.
3552 1276 3623 1331 V.

2056 1354 2324 1413 Dindorf.
2352 1356 2518 1415 Thes.
2540 1356 2640 1415 Gr.
2672 1357 2732 1411 h.
2766 1376 2821 1416 v.
2850 1382 2873 1409 υ
2909 1358 2960 1412 Ε
2978 1359 3065 1415 Μ.

2780 1478 2910 1545 84,-

2133 1594 2296 1655 Idem
2320 1594 2915 1673 Δαμασικόνδυλον
2950 1618 2964 1654 :
2998 1598 3097 1669 E„
3130 1598 3200 1663 ὥς
3232 1594 3401 1678 (fort.
3438 1594 3523 1675 ὃς)
3564 1597 3627 1656 ἂν

2054 1682 2144 1744 τὸν
2163 1684 2602 1764 Δαμασίστρατον
2618 1728 2637 1759 ,
2671 1685 2798 1745 ὄντα
2826 1686 2959 1746 Χῖον
2980 1684 3281 1757 παλαιστὴν
3297 1731 3314 1760 ,
3334 1686 3501 1754 οὕτως
3526 1688 3627 1745 λε’-

2054 1794 2156 1851 γει.
2188 1800 2214 1825 ι
2249 1777 2627 1851 Damasippus
2654 1776 2749 1833 ille
2784 1777 2957 1834 Chius
2991 1776 3225 1833 fortasse
3260 1778 3626 1853 Theopompi

2055 1862 2315 1919 historici
2358 1873 2527 1939 pater
2554 1863 2697 1935 fuit,
2739 1862 2812 1919 de
2846 1868 2968 1938 quo
3004 1862 3240 1920 Photius
3284 1865 3437 1925 Bihl.
3488 1866 3627 1937 176,

2056 1968 2119 2025 p.
2160 1968 2299 2021 120,
2336 1968 2406 2026 19
2437 1950 2531 2010 ed.
2556 1952 2734 2012 Bekk.
2762 1976 2785 2001 ν
2814 1952 2898 2009 Μ.

2794 2078 2889 2137 85.

2133 2192 2296 2249 Idem
2318 2186 2520 2251 Ὄνου
2550 2189 2796 2267 γνάθος
2840 2212 2855 2247 :
2896 2190 3070 2269 (sort.
3100 2189 3199 2267 ὡς)
3232 2192 3303 2253 Ε.
3337 2192 3521 2261 παίζει
3560 2196 3631 2260 εἰς

2055 2276 2149 2349 τὴν
2177 2276 2530 2359 πολυφαγίαν.
2570 2280 2683 2337 ἔστι
2708 2276 2762 2337 δὲ
2800 2277 2893 2337 καὶ
2919 2278 3073 2347 τόπος
3112 2278 3252 2339 οὕτω
3278 2278 3626 2359 καλούμενος.

2055 2365 2296 2424 Photius
2327 2387 2390 2443 p.
2424 2367 2561 2438 337,
2589 2366 2686 2439 23,
2730 2363 2894 2427 Ὄνου
2926 2367 3111 2445 γνάθος
3146 2390 3161 2427 :
3188 2368 3348 2436 τόπος
3372 2372 3471 2441 τῆς
3508 2376 3631 2433 Λα-

2056 2457 2298 2541 κωνικῆς·
2328 2451 2443 2531 ἅμα
2472 2452 2527 2514 δὲ
2552 2456 2623 2523 εἰς
2654 2454 2977 2536 πολυφάγον.

2788 2587 2886 2645 86.

2136 2700 2295 2756 Idem
2318 2698 2487 2757 Σανν
2504 2696 2597 2755 ίον
2630 2720 2644 2755 2
2668 2697 2728 2758 τὸ
2749 2698 2961 2773 αἰδοῖον,
2987 2698 3101 2757 ἀντὶ
3114 2703 3207 2758 τοῦ
3229 2698 3452 2779 κέρκισν.
3478 2700 3631 2781 παρὰ

2057 2784 2117 2843 τὸ
2140 2790 2206 2864 τῇ
2246 2784 2418 2865 κίρκῳ
2454 2783 2671 2848 σαίνειν.
2706 2786 2766 2845 τὸ
2799 2784 2902 2866 γὰρ
2938 2788 3131 2848 αἰδοῖον
3159 2785 3266 2846 ἔσθ’
3302 2786 3389 2845 ὅτε
3424 2789 3630 2869 οὖρᾶν

2058 2872 2269 2952 ἔλεγον,
2294 2876 2367 2941 ὡς
2395 2875 2467 2937 Ε.
2510 2902 2537 2928 α
2565 2878 2755 2935 Verba
2792 2874 2941 2958 παρὰ
2972 2875 3033 2935 τὸ
3074 2879 3143 2957 τῇ
3184 2898 3236 2935 κ.
3272 2874 3473 2936 σαίνειν
3512 2898 3635 2936 non

2058 2984 2161 3021 suo
2182 2966 2311 3021 loco
2330 2963 2811 3040 positajvidentun
2834 2977 2892 3023 et
2906 2977 3169 3043 spectant
3182 2967 3373 3042 potius
3395 2967 3474 3024 ad
3496 2968 3634 3026 Σαί-

2058 3073 2255 3131 νουροι,
2282 3052 2443 3129 quod
2470 3053 2607 3110 alibi
2636 3055 2883 3130 Hesych.
2908 3056 3158 3131 explicat
3181 3054 3297 3121 ταῖς
3317 3054 3497 3130 οὗραῖς
3520 3057 3636 3114 σαί-

2059 3161 2246 3205 νοντες.
2282 3164 2307 3192 n
2335 3143 2430 3201 Μ.

2794 3254 2893 3326 87.

2136 3365 2487 3444 Phrynichus
2522 3367 2739 3442 Appar.
2768 3367 3007 3442 sophist.
3044 3387 3107 3442 p.
3142 3375 3200 3436 4,
3223 3373 3325 3437 24,
3350 3363 3625 3446 Ἀνωφέσ

2058 3458 2249 3527 λητος
2276 3455 2617 3535 ἅνθρωπος
2644 3472 2661 3516 2
2685 3453 2753 3516 Ε.
2786 3452 2884 3532 μὲν
2912 3452 3053 3522 ἰδίως
3077 3452 3165 3513 ἐπὶ
3186 3457 3279 3514 τοῦ
3300 3451 3377 3531 μὴ
3403 3453 3637 3533 δυναμέ-

2059 3541 2199 3614 νουῆ
2232 3543 2306 3615 μὴ
2337 3543 2654 3623 βουλομένου
2680 3544 3035 3621 ὠφεληθῆναι,
3060 3545 3107 3602 οἱ
3136 3543 3190 3603 δὲ
3210 3542 3401 3602 πολλοὶ
3426 3545 3520 3602 ἐπὶ
3544 3551 3633 3604 τοῦ

2061 3631 2136 3710 μὴ
2164 3633 2382 3714 ὠφελεῖν
2408 3618 2643 3699 θέλοντος
2665 3629 2701 3703 ἢ
2733 3632 3041 3710 δυναμένου.

2792 3745 2889 3805 88.

2138 3861 2299 3916 Idem
2318 3881 2376 3935 p.
2406 3857 2507 3932 58,
2536 3879 2625 3931 10,
2652 3855 2939 3938 Περίζυξ
2966 3855 3058 3916 καὶ
3086 3855 3242 3926 ἄζυξ
3272 3881 3285 3915 :
3316 3856 3635 3938 Ἀριστοφά·

2058 3971 2150 4018 νης
2177 3946 2265 4005 καὶ
2290 3949 2357 4008 E.

2786 4059 2886 4134 89.

2138 4173 2299 4229 Idem
2328 4172 2525 4246 Eclog.
2557 4176 2670 4230 Att.
2695 4190 2757 4246 p.
2792 4169 2899 4236 145
2936 4190 2949 4224 τ
2992 4167 3179 4246 Ζωρό
3199 4189 3390 4246 τερον
3415 4171 3445 4226 ὁ
3472 4191 3633 4238 ποιη-

2056 4259 2147 4330 τὴς
2174 4260 2365 4337 (Iliad.
2398 4281 2459 4337 9,
2483 4257 2650 4338 203),
2671 4259 2734 4316 σὺ
2773 4253 2828 4315 δὲ
2858 4255 2977 4335 λέγε
3007 4253 3307 4333 εὔζωρον
3340 4255 3635 4338 κέρασον

2056 4347 2147 4408 καὶ
2170 4347 2499 4426 εὖζωρότε
2519 4368 2653 4423 ρον,
2680 4347 2751 4413 ὡς
2772 4343 3145 4427 Ἀριστοφάνης
3172 4342 3267 4402 καὶ
3294 4343 3364 4406 Ε.

2782 4489 2878 4546 90.

2132 4583 2643 4642 Gramm.Bekkeri
2668 4585 2781 4640 An.
2798 4601 2857 4658 p.
2881 4579 3019 4651 335,
3048 4580 3121 4638 32
3140 4621 3157 4651 ,
3192 4578 3321 4655 ἄγα
3340 4601 3467 4654 μαι
3492 4579 3632 4638 τοῦ-

2053 4689 2201 4744 του,
2250 4667 2377 4746 ἄγα
2398 4690 2516 4745 μαι
2562 4667 2592 4698 *
2616 4689 2689 4726 κε
2712 4669 2929 4746 ραμεῖ.
2987 4668 3059 4726 Ε.
3110 4665 3202 4724 καὶ
3251 4663 3630 4745 Ἀριστοφάνης

2054 4780 2077 4806 α
2102 4757 2297 4814 Sci-ibe
2326 4754 2415 4832 άγ.
2440 4753 2807 4835 κεραμέως,
2839 4767 2894 4813 et
2916 4756 3167 4830 intellige
3196 4755 3626 4830 Hyperbolum.

2054 4848 2114 4902 V.
2146 4846 2292 4902 nist.
2316 4846 2444 4903 crit.
2471 4845 2631 4902 Com.
2664 4863 2726 4918 p.
2766 4863 2899 4918 190.
2930 4868 2955 4892 υ
2980 4845 3157 4900 Mein.
3188 4843 3278 4899 lbi
3306 4845 3399 4898 vir
3423 4842 3630 4898 doctus

2788 5031 2877 5082 80.

2124 5159 2187 5168 -
2206 5109 2365 5184 Velut
2394 5145 2423 5184 n
2444 5127 2653 5184 tumulo

2054 5215 2322 5286 delapsus,
