3809 5850
504 340 620 392 ‘116

1261 326 1722 388 comcoRUM
1766 323 2140 385 INCERTAE
2184 324 2483 419 AETA‘ris
2527 324 2934 399 RELIQUIAE.

498 466 699 521 Versus
723 480 757 519 τι
784 460 1071 536 Euripidis
1090 471 1173 517 αἱ
1188 461 1369 517 orest.
1398 477 1451 516 ν.
1474 458 1535 533 5,
1558 458 1711 515 unde
1730 459 1895 513 etiam
1923 460 2062 531 peti·
2157 458 2390 521 Grotius
2440 476 2455 515 :
2489 462 2672 515 aciem
2719 464 2940 514 instruit
2956 500 2973 527 ,
3007 458 3385 513 debellaturus
3409 462 3468 513 iu
3495 475 3690 523 mensa,

498 563 619 609 tum
634 548 921 608 ἀκόλαστον
938 546 1060 627 ἔσχε
1074 548 1409 623 γλῶσσαν,ν.
1432 554 1620 621 4,quae
1634 546 1944 620 leguuntur
1961 564 2054 620 sp.
2152 564 2270 600 non
2335 544 2564 619 quidem
2621 548 3014 601 Alexandrum
3027 587 3042 613 ,
3109 556 3176 600 ut
3223 538 3321 601 ille
3345 546 3548 601 ·voluit
3562 588 3580 616 ,
3652 558 3698 601 at

496 641 702 695 Eur.v.
722 656 811 695 ιο.
822 638 887 697 V.
904 633 1193 705 4ἀκούσιον
1208 634 1385 713 δίφρον
1401 634 1681 690 Meinekio
1692 632 1884 689 dicere
1894 633 2058 689 vide-
2153 632 2337 689 hostes
2385 646 2598 693 tamen.
2649 634 2925 711 Apposite
2965 632 3224 689 Tibullus
3281 632 3444 708 Eleg.
3491 653 3512 689 1
3534 671 3554 703 ,
3619 652 3693 701 ιο,

495 737 611 795 tur,
625 725 700 783 ad
714 743 887 799 quem
909 726 1117 780 invitus
1137 724 1419 799 relegatus
1434 732 1515 777 est
1536 721 1817 776 Tantalus.
1843 720 2058 776 Proba·
2151 740 2226 795 29
2259 738 2274 779 :
2306 725 2454 777 alius
2493 721 2758 795 sitsoret‘s
2793 728 2852 778 in
2893 723 3082 790 armis,
3114 722 3342 777 Sternat
3377 734 3438 777 et
3459 722 3698 777 adversos

492 814 705 883 biliter,
730 814 960 886 opinor,
1004 830 1111 867 nos
1146 806 1285 888 δίψει
1311 809 1633 885 scripsimus
1660 826 1767 883 pro
1798 802 1967 885 δίφρῳ
1995 816 2052 863 et

492 898 674 975 λοιμὸν
696 918 809 975 pro
836 896 1011 973 λιμόν.
1030 900 1099 957 V.
1118 897 1153 953 6
1174 894 1280 955 ἀπὸ
1294 897 1389 968 τῆς
1408 906 1682 971 quattuor
1713 894 1890 954 eod-d.
1907 893 2060 970 apud

492 989 821 1047 Schowium
848 998 906 1044 ot
928 988 971 1042 B
996 1004 1031 1043 a
1063 1002 1235 1043 manu
1256 1004 1371 1042 sec.
1404 986 1668 1041 Meliores
1687 984 1735 1041 εἰ
1771 984 1884 1051 τῆς.
1917 986 1985 1039 V.
2019 1001 2056 1057 9

498 1101 525 1128 α
552 1078 785 1152 respicit
806 1086 967 1132 terrae
994 1086 1235 1143 motum,
1258 1092 1375 1147 quo
1400 1074 1658 1147 Sipylum
1686 1082 1743 1129 et
1760 1072 2056 1145 Smyrnam

492 1164 888 1238 antiquissimis
910 1162 1262 1236 temporibus
1286 1178 1563 1217 concussa
1589 1160 1760 1215 fuisse
1788 1168 2012 1215 constat
2037 1177 2052 1215 ι

491 1252 625 1307 vide
650 1250 945 1307 Reiskium
968 1250 1045 1305 ad
1075 1250 1313 1309 Aristid.
1343 1250 1459 1309 vol.
1499 1268 1552 1321 1,
1574 1266 1633 1323 p.
1667 1253 1778 1319 427
1809 1246 1987 1305 Dind.
2023 1272 2048 1297 ι.

490 1338 543 1393 Ε
578 1339 669 1399 Μ.
714 1338 783 1397 V.
833 1356 856 1393 1
874 1357 897 1392 1
944 1338 1079 1392 libri
1110 1328 1455 1415 παρρησίαν,’
1485 1336 1645 1410 quod
1689 1335 1948 1405 correxi,
1993 1344 2058 1390 ut

490 1443 549 1487 v.
600 1444 689 1497 ια,
729 1427 829 1481 ubi
856 1426 1151 1501 legebatur
1178 1422 1257 1480 διὸ
1297 1419 1361 1493 δὴ
1394 1422 1511 1503 (δεῖ
1546 1423 1680 1483 cod.
1712 1422 1789 1498 A)
1811 1418 2056 1493 τοιαύτης

486 1536 551 1575 π.
574 1512 845 1593 καχεξίας,
886 1525 943 1570 et
972 1512 1039 1569 13
1080 1510 1435 1587 ἐζηλωμένης.
1468 1516 1533 1569 V.
1580 1511 1649 1567 18
1677 1512 1874 1586 scripsi
1913 1506 1974 1567 ἔκ
1997 1530 2053 1567 τε

488 1620 597 1675 pro
624 1598 661 1671 ἤ
680 1622 757 1659 τε.
776 1603 846 1658 V.
884 1620 955 1674 ι9
984 1626 1007 1650 ι
1035 1596 1257 1669 νυξῆκας
1280 1599 1413 1659 ΑΝ.
1446 1594 1671 1677 εὕρηκας
1699 1600 1751 1657 Α
1778 1600 1841 1653 in
1866 1615 2050 1673 marg.

486 1686 709 1758 νύξηκας
724 1688 769 1747 Β
788 1707 919 1744 cum
936 1684 1012 1746 ἴσ.
1038 1684 1271 1757 ηὔξηκας
1293 1696 1349 1743 et
1371 1708 1459 1765 γρ.
1485 1683 1710 1764 εὕρηκας
1728 1688 1788 1741 in
1809 1704 1992 1761 marg.
2021 1710 2046 1735 υ

493 1780 649 1837 Gais.
679 1780 746 1836 V.
781 1794 849 1832 αι
881 1774 1053 1848 ζηλοῖς
1082 1778 1368 1833 Porsonus
1406 1787 1465 1831 et
1498 1772 1897 1833 Valckenarius
1920 1814 1939 1844 ‚
1967 1774 2050 1829 ci-

488 1876 669 1923 tames
688 1866 933 1923 Diodor.
967 1884 1020 1935 1,
1051 1864 1147 1935 28,
1174 1864 1279 1935 35,
1306 1865 1533 1939 Joseph.
1566 1866 1627 1922 B.
1650 1865 1703 1920 J.
1730 1881 1785 1934 α,
1808 1861 1865 1931 8,
1894 1881 1952 1931 7,
1973 1862 2045 1919 al.

486 1957 683 2012 Trinc.
712 1954 873 2019 κλοῑς.
907 1955 1077 2012 Gesn.
1102 1950 1128 1977 *
1156 1952 1318 2019 κλοῖς.
1362 1954 1457 2011 ΑΒ
1494 1964 1553 2009 et
1577 1953 1809 2010 Gesneri
1846 1968 2047 2025 margo

487 2041 648 2104 εἵλου.
684 2042 978 2101 Schowius
1021 2060 1091 2099 ex
1136 2060 1255 2098 uno
1321 2043 1424 2099 Ms.
1476 2040 1661 2120 φιλεῖς.
1702 2045 1771 2100 V.
1826 2058 1899 2097 αα
1950 2066 1974 2091 α
2017 2038 2052 2097 ἀ

486 2149 607 2205 quo
638 2141 890 2207 spectet,
928 2148 1047 2186 non
1074 2129 1265 2185 video.
1311 2129 1645 2203 Suspicabar
1678 2124 1707 2185 8
1752 2128 1825 2184 ad
1870 2148 2046 2206 παρα-

488 2220 647 2275 σιτεῖν
690 2220 962 2288 relatum,
1016 2218 1111 2273 cui
1150 2216 1309 2291 quod
1343 2236 1401 2272 v.
1433 2223 1507 2282 24
1552 2217 1853 2289 subjicitur
1880 2216 2050 2295 ἀνεῳ-

485 2303 684 2382 γμένην
708 2305 805 2376 τὴν
835 2302 991 2383 Θύραν
1023 2303 1180 2373 ἰδεῖν,
1220 2302 1597 2378 appositionis
1636 2304 1767 2359 loco
1804 2304 1948 2359 mihi
1975 2306 2050 2359 il-

488 2397 660 2451 latum
696 2396 1017 2453 videbatur.
1058 2418 1081 2443 υ
1114 2395 1291 2449 Μεὶη.
1344 2392 1749 2449 verosimiliter
1774 2394 1947 2466 posui
1987 2381 2044 2469 ᾖ.

483 2488 554 2543 V.
584 2486 657 2542 23
686 2482 895 2543 ἅπαντα
920 2502 1033 2559 pro
1050 2480 1225 2539 πάντα
1262 2478 1571 2539 Porsonus.
1611 2483 1685 2537 V.
1715 2479 1789 2537 25
1826 2478 2050 2545 ἀναιδῶς

485 2576 734 2635 Grotius.
766 2573 1091 2631 Gaisfordus
1128 2566 1365 2629 ἀνώδυνα
1401 2589 1470 2627 ex
1508 2572 1640 2628 Mss.
1679 2568 1837 2645 apud
1862 2569 2046 2627 Scho-

486 2665 661 2719 wium
687 2673 745 2718 et
768 2663 811 2717 B
832 2678 867 2716 a
888 2680 967 2717 m.
990 2678 1104 2717 sec.
1132 2681 1157 2708 α
1179 2676 1303 2731 quae
1322 2670 1520 2733 aperta
1542 2657 1912 2731 interpolatio
1938 2668 2041 2713 est.

484 2752 669 2827 Vulgo
696 2747 807 2806 ἄνω
841 2746 957 2823 δία,
987 2750 1049 2802 ἰιι
1089 2764 1205 2821 quo
1243 2747 1400 2802 aliud
1451 2748 1625 2803 latere
1664 2746 1891 2802 videtur
1929 2747 2047 2802 for-

486 2850 629 2895 tasse
676 2834 876 2914 ἀνοδίᾳ.
923 2838 1213 2911 Frequens
1263 2832 1490 2890 dicendi
1528 2852 1705 2910 genus
1732 2846 1817 2891 est
1866 2832 2048 2914 ἀνοδίᾳ

484 2924 827 3006 πορεύεσθαι,
856 2924 1018 3000 quod
1055 2941 1232 2998 quum
1270 2925 1510 3001 proprie
1564 2922 1635 2981 dc
1680 2924 1749 2979 iis
1796 2921 2044 2998 dicatur,

486 3021 586 3092 qui
627 3035 747 3074 non
786 3017 927 3071 trito
972 3025 1031 3070 et
1078 3013 1349 3087 expedito
1391 3015 1595 3069 itinere
1636 3011 1910 3068 incedunt
1949 3011 2043 3087 (v.

485 3107 817 3182 Weaeeling.
838 3103 1097 3162 adDiod.
1122 3103 1235 3161 Sic.
1270 3121 1361 3177 19,
1382 3099 1414 3158 5
1430 3100 1475 3178 )‚
1500 3102 1667 3160 etiam
1690 3100 1763 3158 de
1784 3100 1853 3156 iis
1874 3117 2048 3156 usur-

482 3198 607 3272 pari
642 3196 864 3270 potuit,
907 3195 1030 3266 qui,
1072 3192 1231 3266 quod
1272 3201 1478 3266 agunt,
1522 3208 1785 3264 perverse
1820 3199 2040 3264 agunt:

484 3286 673 3358 itaque
701 3278 879 3360 ἀνοδίᾳ
898 3277 1180 3358 τάλλότρια
1210 3281 1482 3355 μασᾶσθαι
1517 3279 1635 3335 dici
1658 3295 1822 3354 posse
1845 3276 2042 3334 viden-

483 3385 597 3444 tur,
619 3374 721 3448 qui
755 3373 817 3427 in
842 3372 1141 3445 parasitica
1178 3381 1299 3426 arte
1324 3369 1677 3443 praecipitem
1706 3379 1765 3424 et
1788 3378 2046 3442 negatam

482 3463 633 3516 viam
654 3469 993 3532 sequuntur.
1010 3457 1230 3515 Ibidem
1259 3458 1431 3530 vulgo
1459 3476 1631 3530 μασσ.
1666 3457 1845 3514 Mein.
1880 3459 1943 3513 V.
1969 3455 2044 3511 26

484 3547 675 3622 lepide
702 3545 991 3602 detortum
1014 3563 1089 3602 ex
1106 3545 1402 3600 notissimo
1428 3543 1739 3619 proverbio
1766 3541 1822 3600 οὗ
1851 3541 2046 3607 παντὸς

486 3631 668 3711 ἀνδρὸς
696 3634 749 3698 ἐς
772 3626 1022 3710 Κόρινθόν
1048 3629 1157 3689 ἐσθ’
1172 3632 1202 3688 ὃ
1224 3629 1384 3695 πλοῦς
1400 3673 1417 3700 ,
1446 3629 1519 3686 de
1543 3649 1660 3703 quo
1690 3650 1747 3688 v.
1772 3631 2041 3690 Leutsch.

484 3723 559 3779 ad
578 3722 795 3780 Zenob.
828 3719 885 3794 5,
912 3720 1007 3792 37.
1034 3724 1099 3779 V.
1136 3738 1205 3790 27
1246 3714 1541 3794 πρώτιστον
1574 3719 1627 3774 ἐν
1658 3714 1885 3774 τούτοισι
1928 3717 2044 3793 ΑΒ,

482 3829 681 3884 margo
709 3810 881 3868 Gesn.
918 3819 977 3865 et
1012 3809 1147 3864 MSS
1186 3807 1467 3875 Schowii3
1513 3801 1769 3882 πρώτοισι
1814 3802 2044 3861 τούτοισι

482 3899 699 3965 Trinc.;
720 3893 975 3972 πρώτοισι
995 3892 1247 3952 τουτέοισι
1265 3895 1433 3951 Gesn.
1456 3892 1630 3966 Quod
1652 3892 1876 3968 egregie
1904 3911 2040 3949 cor-

483 3987 629 4040 rexit
637 3984 879 4042 Meinek.
896 3980 1119 4054 εὔτονον,
1128 3984 1383 4058 firmum,
1396 3996 1849 4038 commemorans
1864 3975 2046 4038 εὔτονα

484 4069 709 4146 σώματα
747 4090 818 4127 ex
846 4073 1218 4146 Hippocrate.
1261 4070 1421 4126 Idem
1450 4069 1525 4125 ad
1559 4088 1613 4126 v.
1641 4083 1717 4141 ²9
1752 4078 2048 4142 comparat

484 4161 643 4216 Plato
663 4161 837 4234 Soph.
858 4179 917 4234 p.
936 4159 1049 4215 235
1076 4159 1120 4217 B
1144 4177 1159 4218 :
1186 4155 1274 4214 ἰὰν
1294 4159 1436 4232 ἡμᾶς
1456 4153 1602 4221 εὐθὺς
1618 4156 1647 4213 ὁ
1666 4153 1912 4233 σοφιστὴς
1925 4155 2048 4212 ὓπο-

484 4245 656 4322 μείνῃ.
684 4250 743 4303 V.
775 4246 849 4302 33
876 4249 1074 4321 scripsi
1114 4242 1453 4323 βλάπτεται.,
1473 4247 1617 4302 Mire
1644 4243 1822 4301 codd.
1848 4240 2053 4319 βάπτε-

482 4357 586 4392 ται.
616 4336 699 4393 Cf.
730 4335 951 4392 Horat(
973 4341 1045 4390 A.
1080 4337 1152 4389 P.
1192 4333 1301 4406 175
1335 4351 1455 4406 seq.
1497 4337 1675 4390 Versu
1715 4331 1787 4395 34
1820 4331 2049 4406 corrigo

583 4483 766 4560 καλός
790 4477 906 4576 (τε
920 4485 944 4572 )
960 4481 1145 4546 θέλων
1162 4476 1266 4547 εἶν’
1282 4483 1347 4546 οὐ
1369 4473 1533 4570 παρὰ
1552 4471 1589 4542 δ
1598 4476 1729 4550 iae-nv
1763 4467 1833 4540 ἂν
1853 4481 2043 4556 νοσεῖ.

490 4626 557 4679 V.
602 4621 675 4693 37
722 4617 1117 4698 παρατάττεται
1156 4619 1252 4675 ΑΒ
1300 4619 1359 4673 in
1387 4616 1670 4690 margine;
1719 4608 2047 4690 παροίττεται

485 4714 675 4770 Triuc,
706 4720 763 4766 et
788 4710 883 4766 AB
915 4711 975 4764 in
1017 4713 1211 4783 textu3
1258 4708 1431 4782 vulgo
1472 4700 1810 4780 ταράττεται.
1842 4726 1866 4750 ι
1894 4701 2048 4755 Bene

2145 811 2338 866 Mane
2349 809 2589 883 favente
2605 814 2795 882 duces,
2826 812 2906 869 Ut
2919 810 3058 866 mila·
3072 816 3296 885 potanti
3309 816 3492 885 possit
3511 830 3617 865 sua
3635 812 3696 863 di·

2147 916 2269 953 cere
2275 898 2455 969 jacta
2477 902 2682 969 Miles,
2708 912 2766 955 et
2779 905 2838 955 in
2859 915 3054 955 mensa
3073 904 3313 973 pingere
3329 910 3524 953 castra
3544 916 3694 954 mero.

2145 988 2397 1046 Fortasse
2429 999 2623 1047 tamen
2645 986 2970 1067 χαράττεται
2994 985 3358 1043 scribendum
3377 1024 3396 1054 ,
3435 986 3474 1042 i.
3510 1004 3568 1044 e.
3598 990 3696 1039 ira-

2145 1080 2330 1136 scitur.
2345 1076 2476 1133 Vid.
2498 1078 2820 1133 Elmsleium
2829 1077 2906 1133 ad
2919 1072 3209 1151 Euripidis
3221 1071 3379 1131 Med.
3401 1092 3426 1128 ι
3437 1070 3508 1140 54
3518 1116 3532 1131 .
3551 1076 3619 1131 V.
3637 1074 3696 1129 38

2145 1164 2280 1219 cod.
2307 1166 2350 1220 B
2379 1161 2592 1235 δείπνει,
2622 1163 2781 1238 quod
2823 1166 2924 1239 qui
2963 1162 3248 1234 conjecit,
3279 1161 3342 1217 id
3378 1162 3500 1216 sine
3531 1160 3695 1216 dubio

2145 1270 2274 1307 cum
2292 1252 2656 1325 sequentibus
2675 1251 2946 1327 conjungi
2963 1252 3146 1306 voluit
3163 1250 3277 1305 hoc
3297 1267 3460 1305 sensu
3484 1267 3499 1303 :
3521 1250 3574 1304 si
3591 1252 3695 1323 quis

2143 1338 2302 1395 miles
2325 1340 2611 1414 gloriator
2639 1338 2816 1395 aciem
2837 1339 2899 1394 in
2923 1356 3114 1394 mensa
3151 1338 3388 1392 instruit
3411 1337 3696 1409 hostesque

2143 1444 2202 1482 se
2225 1444 2422 1483 omnes
2459 1446 2733 1483 caesunmi
2772 1428 3055 1496 minatur,
3103 1437 3170 1480 tu
3194 1443 3430 1481 securus
3457 1426 3690 1498 epulare.

2143 1515 2256 1572 Sed
2276 1516 2388 1571 hoc
2407 1516 2600 1590 plures
2625 1516 2704 1571 ob
2733 1532 2954 1571 caussas
2971 1532 3092 1579 non
3113 1510 3327 1590 placet.
3355 1514 3490 1569 Non
3509 1512 3694 1569 dubito

2145 1605 2284 1677 quin
2328 1602 2606 1660 δειπνῶν
2645 1614 2820 1677 poeta
2865 1602 3180 1677 scripserit.
3225 1604 3366 1673 Quae
3400 1612 3692 1675 sequnntur
3753 1640 3755 1671 Ξ

2142 1704 2300 1748 verte
2331 1711 2345 1747 ε
2389 1691 2540 1747 hunc
2569 1704 2626 1747 tu
2650 1698 2820 1747 tacite
2849 1693 3203 1747 subsatmam·
3229 1691 3402 1745 bilem
3427 1708 3505 1743 ex
3519 1695 3692 1762 insipi-
3754 1722 3755 1767 3

2140 1781 2238 1837 >dis
2263 1782 2461 1835 miliu's
2479 1780 2886 1859 jactationibus
2919 1781 3211 1835 collectam
3249 1782 3306 1833 in
3341 1797 3590 1833 mensam
3615 1774 3686 1840 ef-
3753 1808 3755 1855 3

2143 1868 2348 1938 funde,
2390 1869 2432 1924 i.
2477 1884 2530 1927 e.
2567 1866 2794 1924 fortiter
2826 1877 2882 1923 te
2918 1868 3064 1923 cibis
3093 1866 3403 1942 ingurgits.
3457 1890 3482 1917 ιι
3532 1868 3688 1921 Mem.
3753 1856 3755 1879 ÷

2145 1961 2206 2016 V.
2233 1966 2309 2025 4ο
2333 1958 2412 2035 τῷ
2443 1953 2720 2035 πράγματι
2751 1958 2805 2012 Α
2831 1967 2889 2013 et
2909 1974 3108 2031 margo
3131 1954 3310 2013 Gesn.
3341 1974 3458 2029 pro
3488 1956 3690 2030 vulgato

2142 2043 2248 2111 τοῖς
2287 2042 2585 2123 πράγμασι.
2617 2047 2692 2102 V.
2741 2050 2812 2113 44
2855 2069 2882 2095 ι
2911 2043 3098 2102 Λυδῶν
3139 2041 3348 2099 ἄνακτα
3394 2042 3584 2116 Lydiae
3613 2043 3686 2098 di-

2143 2150 2273 2191 cere
2295 2134 2524 2191 videtur
2544 2144 2850 2208 satrapam.
2869 2133 3053 2190 Verba
3067 2133 3186 2209 ipsa
3207 2150 3280 2187 ex
3303 2133 3516 2206 tragico
3533 2132 3688 2205 poeta

2143 2226 2315 2299 petita
2341 2223 2626 2281 videntur.
2656 2247 2682 2273 a
2717 2224 2770 2277 E
2789 2223 2876 2281 M.
2897 2224 2966 2278 V.
3000 2220 3072 2289 45
3095 2218 3189 2277 καὶ
3208 2220 3432 2277 addidit
3447 2218 3686 2277 Grotius.

2791 2526 3052 2585 cxvm.

2613 2690 3238 2762 NlcOMAcHUS.

2215 2862 2382 2923 Hunc
2403 2876 2438 2921 a
2455 2858 2676 2938 tragico
2703 2852 3054 2915 Nicomacho
3073 2864 3229 2911 recte
3249 2851 3548 2930 distinguit
3567 2849 3690 2907 Mei-

2139 2957 2289 3026 nek„
2303 2971 2472 3028 quem
2481 2950 2615 3006 vide
2634 2950 2693 3003 in
2707 2949 2851 3004 flist.
2863 2947 2992 3002 crit.
3011 2945 3174 3002 Com.
3189 2963 3252 3020 p.
3271 2941 3512 3018 495-97,
3525 2959 3690 3014 neque
3754 3001 3755 3022 ἦ

2137 3044 2316 3118 magis
2336 3036 2769 3097 confundendus
2785 3053 2916 3090 cum
2925 3035 3172 3106 antiqua
3192 3031 3492 3088 comoediae
3511 3040 3688 3104 poeta,
3754 3029 3755 3046 ¹

2139 3133 2234 3188 cui
2263 3127 2661 3186 Eratosthenes
2690 3124 2832 3180 duas
2861 3121 3079 3178 fabulas
3101 3119 3460 3176 Pherecratis
3497 3118 3689 3173 tribue·

2136 3220 2266 3286 bat3
2303 3237 2360 3272 ν.
2388 3216 2566 3273 Mein.
2589 3233 2658 3288 p·
2677 3211 2750 3284 75
2775 3229 2935 3284 seqq.

2669 3368 2722 3428 Ῑ.
2769 3361 3180 3426 ΕῙΛΕΙΘΥΙΑ.

2221 3525 2426 3583 Athen.
2462 3541 2521 3592 7,
2543 3538 2607 3595 p.
2641 3535 2781 3592 290,
2809 3517 2853 3570 E
2893 3529 2908 3568 t
2945 3507 3258 3586 Νικόμαχος
3281 3503 3326 3563 δ’
3357 3507 3411 3564 ἕν
3443 3499 3686 3576 Εἰλειθυίᾳ
3754 3553 3755 3556 ,

2138 3611 2228 3669 καὶ
2259 3608 2412 3673 αὐτὸς
2446 3603 2677 3684 παράγει
2695 3599 2812 3658 τινὰ
2849 3597 3099 3676 μα’γειρον
3123 3639 3140 3666 ,
3168 3589 3564 3673 ὓπερὸἀλλοντα
3589 3586 3690 3650 τοὺς
3754 3653 3755 3678 ἦ

2138 3699 2259 3780 περὶ
2297 3699 2386 3756 τὸν
2431 3695 2682 3776 Διόνυσον
2711 3687 2972 3768 τεχνίτας.
3015 3683 3160 3761 λέγει
3203 3683 3257 3741 δὲ
3287 3671 3378 3739 οὖν
3405 3670 3550 3744 οὗτος
3579 3673 3688 3755 πρὸς

2138 3789 2222 3850 τὸν
2246 3784 2666 3866 μισθωσάμενον,

2297 3953 2357 3995 α.
2413 3914 2825 4008 Ῠποδεικνύεις
2855 3918 2961 4010 μὲν
2980 3912 3119 3990 ἦθος
3145 3913 3392 3979 ἀστεῖον
3408 3909 3561 3974 πάνυ

2283 4032 2390 4100 καὶ
2419 4035 2604 4124 πρᾷον
2627 4077 2646 4114 ,
2695 4024 2984 4118 ὀλίγωρον
3031 4013 3101 4084 δὲ
3135 4015 3467 4092 πεποίηκάς
3495 4040 3586 4079 τι.
3633 4013 3682 4091 β.

3463 4174 3467 4178 -
3527 4129 3680 4194 Πῶςὶ

2286 4273 2348 4312 α.
2387 4241 2466 4312 Ἐν
2493 4252 2573 4337 τῇ
2602 4241 2790 4330 τέχνη
2815 4232 2969 4311 τίνες
3007 4233 3186 4323 ἐσμὲν
3213 4233 3322 4297 οὐκ
3346 4226 3644 4310 ἐξήτακας·

2283 4349 2322 4424 ἢ
2349 4350 2628 4443 πρότερον
2657 4342 2874 4412 ἐπύθου
2897 4348 3019 4408 τῶν
3040 4333 3302 4430 ἀκριὸῶς
3331 4327 3598 4408 εἰδότων,

2193 4459 2254 4530 5·
2285 4462 2445 4524 οὕτω
2499 4461 2560 4520 τ’
2621 4450 2934 4544 ἐμισθώσω
2986 4469 3100 4538 isti
3155 4448 3221 4531 β.
3289 4441 3400 4510 Μὰ
3443 4434 3544 4504 Δί’
3579 4435 3684 4525 ἐγὼ
3754 4439 3755 4470 ³

3461 4545 3566 4637 μὲν
3597 4541 3674 4606 σῖ.

2288 4700 2354 4742 α.
2393 4662 2618 4761 ὤιμην·
2647 4663 2790 4742 ἴσως
2812 4713 2832 4750 ,
2864 4665 2999 4730 ὅσον
3041 4647 3602 4754 μαγείρουδιαφέρει

491 4769 3666 4832 Μήπ-

1086 4868 1441 4926 lLlTYHIA.

590 4976 641 5016 a.
669 4957 931 5017 Ostendis
954 4957 1176 5031 quidem
1206 4969 1417 5012 morem
1439 4953 1601 5026 plane
1628 4950 1905 5008 urbanum

590 5063 655 5103 ac
676 5046 862 5103 mitem
877 5087 893 5114 ‚
912 5043 1007 5103 sed
1026 5039 1431 5117 quodammodo
1452 5036 1789 5112 negligenter
1810 5035 1987 5106 egisti.

1604 5125 1697 5194 [b.
1724 5117 2048 5194 Quomodo?

2245 4868 2298 4910 a.
2317 4853 2381 4908 ln
2400 4855 2516 4906 arte
2543 4861 2645 4902 nos
2663 4843 2762 4918 qui
2786 4843 2955 4898 simus
2977 4881 2994 4908 .
3019 4855 3133 4896 non
3153 4833 3438 4909 explorasti
3467 4848 3486 4882 τ

2127 4983 2132 4990 -
2249 4945 2344 4997 aut
2371 4935 2526 5011 prius
2553 4932 2612 4992 id
2625 4929 2876 5002 accepisti
2903 4945 2935 4984 a
2951 4926 3118 5001 probe
3145 4921 3468 4988 scientibus,
3525 4917 3673 4981 [vein.

2179 5035 2212 5084 5
2249 5026 2406 5086 etita
2427 5039 2516 5080 me
2532 5017 2880 5078 conduxisti?
2909 5014 2965 5071 b.
2995 5015 3122 5070 Non
3159 5007 3436 5082 equidem,
3473 5018 3571 5074 per
3600 5001 3683 5052 δυ·
3754 5015 3755 5044 1

2259 5131 2308 5172 a.
2333 5107 2656 5184 suspicabar
2673 5125 2686 5161 :
2705 5104 2953 5171 fortasse,
2971 5107 3236 5176 quantum
3257 5107 3455 5166 coquus
3473 5105 3506 5146 a
3525 5099 3686 5156 eoquo
