3809 5850
445 445 477 495 2
488 444 556 495 32

444 584 572 621 cum
593 563 797 639 γένους,
839 583 1010 639 quem
1039 564 1268 621 dicendi
1309 565 1546 621 modum
1575 569 1850 623 rariorem
1887 579 2015 624 tue-

448 666 540 709 tur
580 654 853 728 exemplis
897 652 1188 726 Aristoph.
1245 656 1352 711 Av.
1401 653 1512 723 763
1541 664 1598 719 et
1647 656 1826 729 Soph.
1857 656 2007 713 OEd.

445 744 514 799 Τ.
552 741 725 800 ι383.
775 745 950 799 Versu
998 740 1030 796 3
1073 741 1207 797 libri
1240 738 1461 812 κόκκυξ,
1505 744 1667 819 quod
1714 746 2016 819 integravit

444 829 716 905 Bet-gkius
761 829 837 885 ad
886 832 1232 886 Anam-cont.
1279 849 1344 905 p.
1397 828 1534 901 257,
1579 848 1650 886 ex
1685 828 2011 905 Phrynicho

443 917 620 975 Bekk.
661 935 722 990 p.
767 934 864 987 ατ,
901 922 1019 987 ⁸24,
1047 913 1695 990 Ἀὅελτεροκόκκυξε
1737 914 2013 995 ἀὸἐλτερος

444 1000 537 1060 καὶ
565 1002 730 1067 κενός.
758 1000 991 1077 κόκκυγα
1023 1000 1197 1078 (add.
1230 999 1360 1081 γὰρ)
1386 999 1597 1080 λέγουσι
1625 1002 1712 1061 τὸν
1735 1002 1882 1061 κενὸν
1918 1003 2010 1063 καὶ

443 1092 654 1168 κοῦφον.
688 1089 910 1145 Deinde
943 1090 1168 1160 malim,
1197 1101 1438 1164 propter
1470 1092 1839 1167 tautologiam
1882 1094 2012 1147 vul-

453 1190 626 1253 gatae,
667 1174 900 1246 ἠλιθίως.
941 1178 1167 1234 Mireris
1211 1188 1401 1233 autem
1435 1179 1588 1233 viros
1642 1178 1846 1235 doctos
1890 1198 2011 1234 non

443 1266 770 1323 emendasse
819 1284 1046 1321 versum
1093 1273 1128 1333 4
1170 1265 1468 1322 manifesto
1506 1277 1870 1343 corruptum,
1911 1268 2010 1342 qui

441 1354 522 1409 sie
559 1353 749 1409 editur
783 1354 964 1409 σικυοῦ
1014 1350 1236 1417 πέπονος
1295 1350 1557 1431 εὐνουχίου
1599 1352 1804 1424 κνήμας
1849 1350 2006 1431 ἔχων.

441 1444 668 1517 Integer
688 1460 878 1497 sensus
905 1444 964 1496 in
989 1459 1061 1497 eo
1087 1440 1249 1516 quod
1280 1443 1465 1516 posui.
1494 1443 1814 1498 Cucurbitae
1837 1454 2009 1517 caput

441 1546 684 1584 crassum
724 1539 782 1584 et
813 1528 1087 1584 eunuchii
1125 1547 1288 1584 crura
1317 1529 1508 1585 tenuia
1544 1532 1767 1605 Leagro
1802 1530 1894 1587 isti
1926 1531 2009 1585 af-

437 1615 730 1692 finguntur
755 1634 863 1692 per
887 1617 1198 1673 ridiculum
1223 1636 1238 1671 :
1269 1617 1502 1673 lactuca
1535 1619 1688 1674 enim
1720 1636 1897 1693 genus
1926 1628 2008 1674 est

437 1706 752 1761 eemuclu'on
771 1748 784 1773 ‚
839 1705 1022 1761 herba
1066 1706 1146 1761 sic
1189 1706 1474 1779 appellata
1518 1706 1830 1763 secundum
1887 1707 2005 1763 Pli-

438 1794 598 1847 nium
637 1813 728 1869 19,
755 1794 812 1863 8,
853 1818 876 1841 α
927 1794 1199 1867 quoniam
1241 1794 1362 1848 haec
1399 1794 1648 1851 maxime
1693 1796 2009 1869 refragetur

436 1882 650 1939 veneri.
689 1904 715 1931 ν
750 1882 934 1938 Crura
964 1892 1246 1937 vocantur
1270 1880 1390 1953 ejus
1410 1882 1600 1937 herbae
1622 1882 1893 1957 pediculi.
1920 1885 2005 1939 De

437 1986 568 2024 casu
597 1978 760 2025 recto
779 1970 1032 2044 reposito
1053 1987 1164 2044 pro
1191 1969 1444 2045 genitivo
1475 1968 1550 2027 cf.
1593 1970 2003 2045 prolegomena

435 2056 752 2117 Laconum‘.

1183 2178 1241 2220 2.

513 2274 704 2332 Schol.
732 2272 1027 2349 Aristoph.
1050 2273 1203 2328 Pluti
1230 2290 1361 2347 179,
1385 2272 1458 2329 de
1476 2272 1774 2329 Philonide
1791 2284 1997 2348 poeta:

433 2359 762 2437 κωμῳδεῖται
785 2356 1086 2437 ὥςεῦπορος
1101 2403 1118 2433 ,
1151 2357 1242 2416 καὶ
1269 2362 1339 2425 ὡς
1367 2358 1530 2435 μέγας
1549 2361 1626 2437 τῷ
1646 2356 1884 2435 σώματι,
1910 2358 2003 2418 καὶ

432 2443 647 2519 ἠλίθιος.
673 2444 765 2503 καὶ
790 2447 899 2506 Πλ.
929 2447 982 2503 ἕν
1005 2450 1070 2505 Λ.
1096 2446 1252 2525 φησὶν

661 2563 798 2653 Οὐχ
838 2564 1003 2654 ὀρᾷς,
1031 2562 1131 2626 ὅτι

525 2659 877 2740 Φιλωνίδην
909 2694 994 2739 πη
1028 2667 1271 2733 τέτοκεν
1295 2672 1332 2740 ἡ
1369 2669 1566 2759 μήτηρ
1597 2662 1790 2753 ἄνουν,

534 2774 639 2839 τὸν
667 2776 972 2852 Μελιτέα,
1004 2777 1148 2839 κούκ
1184 2773 1395 2838 ἔπαθεν
1428 2767 1628 2855 οὐδέν,

430 2886 602 2941 Versu
643 2902 675 2938 2
710 2894 768 2939 et
796 2883 827 2940 3
859 2882 992 2940 libri
1017 2903 1117 2940 που
1147 2904 1196 2940 τ.
1225 2884 1260 2952 ἡ
1285 2878 1463 2960 μήτηρ
1493 2880 1709 2953 ἀνόητον
1739 2880 1995 2951 Μελιτέα,

429 2989 679 3044 quorum
704 2966 804 3027 ποὺ
827 2972 1082 3045 ineptum
1103 2971 1476 3044 reliquerunt,
1498 2970 1784 3042 Bentlejus
1809 2983 1997 3028 autem

427 3070 486 3114 et
507 3057 889 3116 Hemsterhus.
913 3058 1125 3134 aliique
1149 3057 1504 3116 confidenter
1519 3061 1863 3134 scripserunt
1881 3057 1995 3119 ὄνον

426 3137 513 3204 τὸν
541 3148 706 3220 Μιλ.,
729 3149 891 3205 abusi
914 3149 1022 3205 illis
1044 3151 1105 3206 in
1131 3145 1466 3226 Ἀφροδισίοις
1489 3149 1850 3223 Theopompi

505 3245 664 3318 Ὀνος
693 3247 786 3326 μὲν
812 3250 988 3328 ὄγκᾶθ’
1017 3255 1043 3310 ὁ
1067 3249 1323 3318 Μελιτεὺς
1351 3248 1669 3321 Φιλωνίδης·

503 3339 606 3421 ὄνῳ
637 3338 764 3418 (δὲ)
790 3339 1030 3419 μιγείσης
1057 3339 1252 3419 μητρὸς
1278 3337 1529 3398 ἔὸλαστεν
1559 3339 1730 3402 πόλει.

424 3448 626 3530 Ἄνουν,
639 3466 706 3511 ut
723 3456 970 3514 Acharn.
988 3454 1097 3530 691
1111 3497 1128 3514 .
1149 3453 1348 3512 Potest
1361 3467 1427 3511 ut
1443 3457 1532 3513 vel
1547 3454 1698 3514 forte
1715 3459 1991 3532 scriptum

425 3563 638 3600 ανουτον
666 3544 870 3601 abierit
895 3546 956 3600 in
983 3564 1218 3615 ανοητον,
1246 3546 1337 3601 vel
1378 3545 1792 3620 interpretandi
1819 3564 1988 3602 causa

422 3634 626 3689 rariori
658 3629 812 3690 ἄνουν
840 3633 1058 3688 allitum
1082 3630 1300 3702 ἀνόητον
1326 3635 1631 3708 genuinam
1660 3653 1862 3690 vocem
1897 3653 1991 3690 ex·

421 3722 649 3794 pulerit.
690 3716 780 3788 Πὴ
797 3761 814 3790 ,
843 3721 1036 3793 aliquo
1089 3722 1275 3778 moda.
1326 3720 1610 3796 Intelligas
1651 3741 1775 3778 cum
1829 3724 1990 3777 bruto

421 3809 667 3863 animali
687 3809 1067 3874 concumbens,
1108 3808 1265 3881 quod
1293 3807 1700 3883 Theopompus
1722 3809 1865 3864 dixit
1885 3807 1988 3888 ὄνῳ

423 3900 656 3970 μιγεῖσα.
707 3896 839 3950 Non
894 3894 1354 3968 improbabiliter
1393 3906 1582 3951 autem
1631 3895 1696 3952 H.
1750 3899 1951 3952 Jacobi
1968 3939 1983 3968 ,

419 3983 720 4058 plaudente
737 3983 1022 4038 Meinekio
1038 4025 1055 4055 ,
1077 3984 1198 4039 haec
1220 4002 1350 4039 cum
1372 3985 1652 4058 superiori
1672 3985 1987 4059 fragmento

421 4071 752 4143 conjunxit,
801 4072 878 4126 ita
927 4083 992 4127 ut
1037 4072 1365 4127 scholiastes
1399 4073 1680 4128 vocabula
1714 4073 1835 4152 Οὐχ
1867 4076 1988 4154 ὁρᾷς

419 4153 500 4214 ὅτι
525 4159 599 4214 ab
629 4158 795 4213 initio
837 4159 1112 4235 longioris
1133 4159 1358 4234 periodi
1386 4161 1499 4216 huc
1525 4161 1708 4218 delata
1737 4165 1986 4237 repetie-

418 4248 527 4315 rit;
549 4243 853 4302 scribendo
882 4243 1184 4316 Φιλωνίδην
1215 4244 1259 4302 δ’
1280 4246 1352 4304 οὗ
1383 4245 1696 4322 τέτοκεν...;
1728 4271 1838 4326 pro
1863 4273 1983 4310 που.

1178 4349 1230 4408 3.

499 4460 734 4520 Antiatt.
761 4481 821 4536 p.
852 4461 952 4538 96,
980 4467 1052 4526 αἱ,
1088 4459 1615 4540 εἘπινέφελονε
1651 4464 1757 4522 Πλ.
1791 4467 1860 4523 Λ.

486 4743 558 4755 -—
585 4715 708 4770 Nou
734 4713 914 4782 vides,
1172 4635 1226 4685 ².

419 4809 644 4857 matrem
669 4803 851 4858 noeoio
873 4819 985 4874 quo
1013 4801 1177 4859 modo
1204 4807 1472 4876 peperisse
1499 4807 1842 4865 Philonidem

417 4889 754 4948 Melitensem
769 4931 785 4960 ‚
809 4890 952 4947 nihil
971 4905 1184 4963 passam
1202 4895 1227 4946 ?

825 5025 1151 5081 LACONES
1177 5024 1289 5081 sive
1310 5027 1582 5082 POETAE.

1182 5154 1227 5198 ι.

521 5253 572 5293 a.
601 5241 900 5296 Coenarunt
915 5239 1032 5312 jam
1057 5239 1456 5314 propemodum
1475 5257 1686 5300 omnes
1713 5243 1767 5300 b.
1795 5247 1963 5316 Euge.

1433 432 1843 494 coMOEmAE
1889 436 2216 497 VETERlS
2258 438 2672 513 RELIQUIAE.

2866 609 2919 668 4.

2186 706 2346 763 Idem
2372 727 2433 782 p.
2475 728 2603 779 100,
2638 710 2713 766 26
2730 754 2747 781 ,
2766 704 2952 769 Ἴσσα
2982 726 2999 769 :
3027 710 3089 769 τὸ
3112 711 3421 791 ἐπιχαρτικὸν
3446 716 3599 793 imqui-
3708 782 3710 785 Α

2106 812 2271 867 νημα.
2295 793 2322 818 *
2348 792 2625 873 μέμφεται.
2658 797 2767 858 Πλ.
2808 800 2879 856 Λ.
2920 799 3178 872 Photius,
3216 796 3360 859 Ἴσσα
3387 821 3401 856 :
3428 798 3599 879 ἐπίφθε-

2104 900 2217 954 γμα
2245 882 2348 938 τῶν
2376 882 2751 961 ἀπολαχόντων
2781 882 2874 941 καὶ
2899 882 3033 951 ὅλως
3069 886 3491 965 δυσπραγοῦντων.
3514 887 3598 945 ἔστι

2103 964 2194 1023 καὶ
2223 969 2275 1025 ἐν
2304 967 2581 1049 Μεσσηνίᾳ
2610 968 2945 1049 Μενάνδρου,
2967 971 3059 1030 καὶ
3080 972 3301 1052 ἑτέρωθι.
3333 999 3357 1025 ι
3386 978 3601 1035 Similiter

2102 1055 2304 1111 Suidas
2322 1099 2341 1130 ‚
2368 1059 2476 1113 nisi
2499 1059 2659 1133 quod
2680 1060 2882 1117 vitiose
2902 1063 3179 1137 scriptum
3200 1064 3362 1121 habet
3384 1062 3557 1121 ἐπὶτῶν
3578 1066 3599 1129 ζ

2102 1140 2395 1219 λαχόντων,
2426 1164 2534 1220 pro
2564 1144 2935 1225 ἀπολάχοντων
2960 1148 3023 1229 (i‘)
3044 1152 3136 1206 vel
3158 1148 3339 1225 ζημίαν
3358 1148 3595 1229 λαχόντων.

2100 1232 2273 1305 Apud
2302 1235 2544 1292 Antiatt.
2591 1234 2826 1291 fortasse
2869 1237 3172 1311 legendum
3218 1250 3296 1295 est
3340 1234 3594 1316 μέμφονται.

2102 1320 2233 1374 Fuit
2268 1322 2444 1397 igitur
2492 1323 2905 1379 malevolorum
2946 1325 3241 1383 hominum
3290 1328 3601 1395 exclamatio,

2099 1407 2295 1465 alienis
2324 1411 2485 1467 malis
2510 1411 2898 1486 gaudentium.
2926 1438 2952 1463 ν
2978 1416 3032 1470 Ε
3068 1417 3156 1472 Μ.
3181 1418 3294 1471 Issa
3328 1427 3405 1472 est
3433 1434 3601 1470 nomen

2100 1498 2309 1553 catellae
2322 1498 2480 1573 apud
2495 1500 2809 1556 Martialem
2828 1521 2851 1557 1
2863 1542 2881 1571 ‚
2900 1521 2924 1557 1
2941 1521 2963 1557 1
2974 1520 3027 1559 o.
3038 1536 3120 1546 —
3133 1501 3395 1559 Praeterea
3404 1502 3601 1562 Cobetus

2100 1584 2261 1644 Obss.
2290 1604 2352 1660 p.
2387 1586 2495 1643 126
2524 1586 2595 1644 ad
2618 1588 2811 1645 Laium
2840 1590 3015 1647 refert
3034 1592 3341 1667 symmach.
3364 1590 3533 1667 fragm.
3556 1588 3597 1647 3.

2349 1738 2515 1799 xm.
2557 1741 2920 1802 ΛΑΚΩΝΕΣ
2962 1743 3018 1803 Η
3064 1744 3393 1804 ΠΟΙΗΤΑῙ.

2178 1899 2202 1925 α
2232 1874 2475 1933 Plenum
2521 1880 2750 1935 titulum
2794 1878 2997 1935 fabulae
3042 1893 3331 1939 servarunt
3366 1879 3537 1938 Suidas
3558 1890 3601 1935 et

2098 1962 2351 2019 Eudocia
2373 2003 2390 2034 ,
2452 1967 2654 2022 ceteris
2704 1984 2831 2022 eam
2875 1968 3213 2044 simpliciter
3252 1968 3605 2046 appellantibus

2096 2048 2363 2114 Λάκωνες.
2420 2054 2507 2107 De
2536 2064 2771 2111 auctore
2806 2053 3133 2113 dubitatum
3159 2076 3275 2114 esse
3311 2058 3467 2115 docet
3490 2054 3606 2111 llar-

2095 2138 2397 2211 pocration
2423 2146 2477 2195 ν.
2520 2136 2771 2205 Σθένελος
2800 2159 2817 2199 :
2850 2139 3123 2221 ἐκψῴδει
3157 2142 3210 2201 δὲ
3250 2142 3395 2201 αὐτὸν
3432 2142 3605 2218 (intell.

2096 2222 2427 2281 Sthenelum
2444 2266 2463 2295 ,
2517 2238 2751 2302 poetam
2800 2229 3079 2305 tragicum
3106 2230 3125 2308 )
3162 2232 3191 2287 ὁ
3223 2229 3335 2296 τοὺς
3378 2228 3607 2293 Πλάτωνος

2096 2311 2355 2378 Λάκωνας
2380 2310 2584 2393 γράψας
2601 2357 2619 2387 ,
2644 2316 2716 2381 ὥς
2742 2313 2991 2397 ἀλλότρια
3012 2316 3119 2390 ἔπη
3148 2317 3555 2399 σφετεριζόμενον.
3578 2337 3602 2373 υ

2095 2402 2147 2456 Ε
2173 2402 2263 2456 M.
2290 2398 2411 2459 Sed
2444 2402 2679 2460 absurdi
2712 2405 2856 2478 quid
2899 2418 3108 2463 sonant
3132 2410 3307 2465 verba
3346 2404 3499 2471 ὁτοὺς
3520 2406 3604 2463 Πλ.

2100 2491 2173 2547 Λ.
2222 2485 2462 2567 γράψας,Ι
2488 2508 2809 2567 vereorque
2845 2511 2921 2551 ne
2957 2513 3171 2552 nomen
3206 2495 3311 2555 Πλ.
3349 2494 3607 2563 delendum

2094 2578 2196 2647 sit,
2240 2576 2333 2632 vel
2366 2588 2559 2633 ortum
2600 2598 2672 2635 ex
2700 2576 2962 2650 Πλάτων,
3006 2583 3504 2661 interpretamemo.
3542 2584 3609 2638 De

2094 2665 2204 2720 hoc
2234 2663 2467 2739 quidem
2506 2666 2583 2725 cf.
2611 2686 2747 2727 ann.
2773 2668 2847 2725 ad
2876 2671 2999 2727 Laii
3033 2670 3102 2729 fr.
3142 2692 3197 2744 1,
3226 2680 3256 2739 4
3281 2694 3297 2745 ;
3328 2672 3395 2729 de
3426 2672 3608 2728 diverso

2094 2764 2280 2809 autem
2324 2764 2662 2829 arg-umento
2701 2754 2894 2814 Poetae
2933 2760 3344 2837 prolegomena
3368 2759 3477 2832 ejus
3504 2759 3611 2815 dra-

2092 2844 2277 2901 matis.

2854 2957 2901 2993 1.

2169 3043 2376 3099 Athen.
2421 3043 2514 3115 15,
2543 3064 2606 3119 p.
2636 3043 2773 3117 665,
2800 3049 2845 3104 Β
2889 3068 2903 3103 t
2926 3091 2933 3096 -
2953 3047 3046 3106 καὶ
3071 3047 3179 3128 γὰρ
3206 3049 3296 3107 καὶ
3321 3047 3433 3127 περὶ
3457 3047 3613 3114 τάξεως
3709 3049 3710 3068 ’

2088 3131 2191 3187 τῶν
2214 3133 2503 3211 περιφορῶν
2532 3129 2779 3197 πολλάκις
2801 3133 2990 3214 ἐλέχθη
3008 3179 3024 3206 ,
3047 3135 3145 3194 καὶ
3170 3137 3297 3217 ’περὶ
3322 3139 3418 3195 τῶν
3436 3133 3552 3210 μετὰ
3570 3133 3614 3190 τὸ

2088 3216 2293 3276 δεῖπνον
2330 3215 2760 3294 ἐπιτελουμένων,
2786 3219 2923 3299 ἅπερ
2950 3221 3041 3279 καὶ
3080 3222 3234 3298 μάλα
3278 3225 3487 3301 (inepte
3508 3223 3612 3278 libri
3709 3277 3710 3282 ,

2088 3303 2269 3383 μόλις)
2295 3306 2745 3384 ἀναπεμπάζομαι
2767 3307 3074 3384 (recordor
3090 3312 3137 3388 )‚
3164 3312 3386 3378 εἰπόντος
3397 3309 3518 3376 τινὸς
3530 3311 3613 3366 τῶν
3709 3313 3710 3336 ³

2087 3391 2309 3472 ἑταίρων
2329 3391 2397 3452 τὰ
2426 3395 2486 3452 ἐκ
2514 3397 2619 3453 τῶν
2654 3394 2925 3455 Λακώνων
2956 3399 3245 3467 Πλάτωνος
3269 3399 3500 3484 ἰαμβεῖα·

2228 3538 2289 3581 α.
2328 3503 2550 3603 ἇνδρες
2577 3503 3044 3588 δεδειπνήκασιν
3073 3509 3195 3590 ἤδη
3226 3507 3434 3608 σχεδὸν
3462 3514 3616 3580 ἅπαν-

3220 3640 3340 3690 τες.
3376 3616 3432 3697 β.
3464 3609 3610 3701 Εὖγε.

2226 3741 2285 3781 α.
2322 3714 2405 3781 Τί
2437 3719 2505 3780 οὐ
2530 3716 2764 3807 τρέχων
2790 3719 2859 3782 σὺ
2882 3719 2993 3795 τὰς
3012 3715 3317 3811 τραπέζας
3344 3719 3611 3810 ἐκφέρει-’.ὅ

2864 3909 2875 3916 ¹
3426 3825 3528 3916 ἐγὼ
3558 3813 3614 3884 δὲ

2224 3927 2429 4018 λίτρον
2462 3924 2731 4018 παρέξων
2769 3929 3041 4021 ἔρχομαι.
3090 3935 3155 4016 β.
3202 3932 3397 4026 Κάγὼ
3428 3921 3491 3994 δὲ
3521 3953 3615 3992 πα-

3278 4039 3614 4130 ρακορῆσων·

2226 4130 2489 4212 σπονδὰς
2522 4127 2585 4200 δ’
2623 4137 2834 4203 ἔπειτα
2864 4143 3169 4234 παραχέας
3206 4144 3312 4209 τὸν
3350 4133 3617 4206 adri-2302

3308 4265 3317 4272 ’
3353 4245 3613 4337 παροίσω.

2132 4341 2171 4412 5
2224 4372 2283 4415 α.
2347 4357 2435 4437 Τῇ
2475 4338 2649 4412 παιδὶ
2694 4350 2830 4424 τοὺς
2880 4352 3093 4428 αὐλοὺς
3138 4355 3321 4444 ἐχρῆν
3366 4343 3478 4423 ἤδη
3526 4348 3616 4438 πρὸ

3222 4458 3416 4551 χειρὸς
3460 4450 3617 4532 εἶναι,

2182 4651 2230 4690 a.
2266 4631 2470 4704 Quidni
2495 4641 2555 4687 tu
2574 4634 2745 4690 curris
2766 4651 2983 4694 mensas
3002 4647 3343 4711 exportatum
3358 4645 3384 4696 Ξ)
3399 4655 3489 4710 ego
3508 4649 3615 4692 vero

2186 4722 2392 4776 nitrum
2433 4719 2623 4776 datum
2651 4737 2737 4778 eo.
2783 4721 2841 4780 b.
2886 4727 3115 4800 Egoque
3148 4744 3287 4786 sane
3322 4727 3492 4799 smpis
3522 4741 3617 4779 ver-

3120 4819 3274 4884 [ram
3297 4814 3613 4874 cubiculum

2180 4893 2638 4966 libationibusque
2656 4895 2783 4954 dein
2802 4897 2996 4956 affusis
3013 4902 3293 4960 conabum
3314 4900 3541 4959 afferam.

2110 4993 2143 5042 5
2176 5003 2226 5042 a.
2262 4983 2465 5040 Puellae
2485 4982 2645 5039 tibias
2662 4984 2777 5056 jam
2809 4987 2881 5044 ad
2918 5007 3141 5048 manum
3180 5007 3300 5048 esse
3322 4989 3564 5062 oportuit,

2180 5080 2244 5129 ut
2268 5087 2359 5126 eas
2381 5069 2611 5126 innaret.
2633 5073 2989 5144 Unguentum
3008 5080 3123 5153 jam
3146 5079 3427 5136 affimdam

2180 5157 2521 5231 AEgyptium,
2548 5163 2840 5233 posteaque
2863 5163 3065 5223 irinum
3083 5185 3099 5234 ;
3118 5163 3323 5221 deinde
3345 5171 3515 5220 autem
3536 5175 3611 5212 eo·

3095 5257 3315 5323 [ronam
3346 5249 3612 5320 unicuique
