3809 5850
516 413 625 464 158

1494 397 1902 458 COMOEmAE
1947 395 2278 458 varanis
2323 396 2735 472 amioum.

506 535 641 587 stius
661 533 818 587 Orat.
844 530 901 598 8,
924 551 983 606 p.
1023 551 1044 586 ι
1062 549 1154 598 ιο,
1178 531 1222 594 Β
1252 547 1267 588 :
1295 525 1628 600 Ἀλκιὸιάδης
1650 527 1705 586 δὲ
1724 573 1741 604 ,
1764 531 1792 586 δ
1818 527 2078 599 Κλεινίου,
2175 533 2263 588 Ex
2287 532 2336 590 Α
2355 531 2470 588 etl)
2489 531 2664 589 codd.
2679 540 2974 586 enotatum
2989 531 3252 599 Βειπταῗς,
3273 542 3334 586 ut
3348 534 3530 606 passim
3550 535 3668 604 libri,

508 617 597 674 καὶ
637 623 803 676 ταῦτα
828 615 1119 698 στρατηγὸς
1144 613 1219 673 ὢν
1245 614 1472 694 αἱρετὸς,
1498 617 1600 694 οὐχ
1622 614 1783 683 οὕτως
1812 617 1958 691 (non
1975 623 2076 686 sic,

506 727 625 762 non
648 702 867 782 leviter)
888 700 1345 780 ἀπεμνημόνευσεν
1372 703 1629 764 Εὐπόλιδι
1658 707 1731 783 τῷ
1752 706 2078 784 κωμῳδιοδι-

510 793 757 870 δασκάλῳ
792 791 909 858 τοὺς
930 791 1165 858 Βάπτας.
1189 795 1275 849 De
1304 795 1497 868 Baptis
1514 795 1801 852 luvenalis
1830 814 1887 863 2,
1915 812 1992 868 9²
2027 814 2041 848 z

589 905 747 961 Talia
767 916 979 962 secreta
1004 905 1307 961 coluerunt
1332 906 1497 981 orgia
1520 903 1665 960 taeda

588 994 924 1067 Cecropiam
946 991 1101 1049 soliti
1132 991 1325 1067 Baptae
1346 994 1549 1049 lassare
1572 993 1829 1065 Cotytto.

518 1108 757 1160 lassare
802 1105 861 1160 h.
906 1123 958 1162 e.
991 1101 1285 1179 frequente·
1310 1123 1489 1179 prece
1542 1109 1799 1159 invocare
1838 1099 1855 1182 (
1878 1103 2074 1159 Horat.

509 1195 693 1250 Carm.
716 1212 735 1248 ι
754 1234 769 1261 ,
798 1211 854 1261 a,
884 1191 953 1248 16
984 1211 997 1246 :
1032 1210 1200 1268 prece
1225 1188 1606 1266 quafate'gent
1624 1195 1936 1266 vtrgr'nes...
1963 1192 2078 1246 Ve-

508 1293 654 1336 stam
672 1277 713 1358 ),
738 1292 803 1337 ut
820 1282 1106 1336 Buttman.
1140 1277 1359 1352 aliique
1379 1279 1853 1354 interpretantnn
1880 1279 1991 1349 vel,
2019 1290 2084 1334 ut

511 1369 712 1438 Mein„
736 1367 1128 1442 cymbalorum
1150 1377 1678 1442 tympanorumque
1706 1368 1947 1442 strepitu
1969 1367 2081 1423 ob-

512 1457 771 1514 tundere.
796 1457 987 1513 Schol.
1018 1457 1306 1513 luvenalis
1324 1457 1361 1514 l.
1388 1476 1437 1514 c.
1470 1475 1482 1512 :
1510 1459 1717 1533 Baptoe
1746 1459 1940 1512 titubes
1961 1457 2086 1512 libra·

514 1543 600 1626 (i.
635 1563 689 1604 e.
721 1546 945 1613 fabulae,
978 1554 1045 1601 ut
1070 1542 1310 1616 Quintil.
1360 1563 1417 1620 ι,
1460 1564 1557 1616 ιο,
1605 1545 1703 1616 18,
1736 1546 1997 1621 Propert.
2028 1553 2084 1618 4,

514 1653 611 1704 21,
644 1633 741 1703 28,
778 1632 1038 1691 Macrob.
1078 1650 1139 1706 p.
1184 1629 1301 1688 566
1330 1631 1423 1691 ed.
1455 1635 1633 1692 Zeun.
1655 1631 1675 1710 )
1698 1673 1714 1703 ,
1752 1653 1861 1707 quo
1901 1637 2086 1708 tmpu-

510 1724 624 1777 clict'
652 1722 1038 1776 describuntur
1072 1717 1155 1774 αὸ
1192 1720 1495 1795 Eupolide,
1547 1725 1643 1793 qut'
1684 1722 1899 1776 iuducit
1941 1725 2088 1776 υἰνω

511 1810 879 1867 Athenienses
904 1809 989 1863 ad
1026 1811 1395 1864 Imitationem
1420 1805 1779 1878 seminarum
1814 1811 2088 1864 saltantes

513 1902 723 1954 las-sare
734 1899 1061 1972 psaltriam.
1085 1899 1294 1972 Rapta-
1311 1913 1445 1968 ergo
1468 1897 1680 1966 molles,
1710 1907 1843 1964 etc„
1872 1896 1979 1952 ubi
2005 1897 2088 1952 le-

512 1986 759 2061 gendum
774 1995 989 2060 puto...
1006 1989 1164 2040 vitos
1182 1983 1345 2052 Aac„
1375 1989 1474 2058 que·
1500 1985 1585 2038 ad
1600 1990 1701 2044 im.
1715 1981 1779 2055 f.
1804 2003 1852 2044 s.
1876 1985 2090 2041 lassant

508 2077 829 2149 psaltriam,
854 2083 921 2130 ut
934 2073 1169 2131 nomine
1198 2073 1461 2146 Cotyttus
1479 2069 1866 2146 significentur
1885 2072 2088 2147 puellae

514 2160 814 2236 psallentes
841 2163 903 2216 in
929 2160 1210 2235 Cotyttiis.
1244 2157 1381 2215 Fuit
1418 2169 1609 2215 autem
1644 2160 1872 2233 Cotytto
1911 2160 2091 2215 Thra-

515 2269 645 2304 cum
672 2253 856 2306 Venus
880 2265 897 2307 :
921 2269 978 2308 v,
1006 2251 1253 2322 interpr.
1287 2248 1511 2303 Horatii
1536 2246 1611 2303 ad
1638 2248 1824 2322 Epod.
1858 2266 1951 2318 17,
1991 2247 2087 2306 56.

516 2341 659 2393 Sunt
710 2338 919 2412 quibus
962 2337 1167 2394 eadem
1213 2334 1475 2392 videatur
1524 2336 1757 2412 Bendis‚
1808 2337 2089 2392 Thtacum

518 2427 695 2482 Diana
724 2427 816 2480 vel
838 2427 1003 2481 Luna
1032 2443 1047 2479 ε
1078 2443 1137 2482 v.
1166 2421 1352 2479 Strab.
1385 2441 1473 2490 10,
1506 2440 1565 2496 p.
1599 2428 1713 2494 470
1738 2424 1829 2480 ed.
1859 2425 2090 2494 Almel„

520 2513 759 2586 Hesych.
794 2531 852 2568 v.
886 2509 1185 2580 Βενδίδεια,
1214 2509 1487 2584 Xenoph.
1534 2513 1753 2568 Hellen.
1798 2531 1857 2584 a,
1895 2520 1954 2582 4,
1996 2533 2087 2583 ιι,

518 2611 629 2656 etc.
661 2601 970 2673 Baptarum
988 2616 1200 2655 nomen
1214 2597 1313 2653 alii
1332 2597 1496 2655 aliter
1514 2597 1823 2673 explicant,
1842 2619 2089 2674 quorum

522 2687 899 2743 llemsterhus.
944 2686 1017 2743 ad
1068 2684 1369 2761 Aristoph.
1444 2686 1591 2747 Plut.
1638 2686 1779 2761 884,
1833 2695 2092 2744 te'nctores

520 2775 802 2849 (Cyrillus
845 2774 1028 2833 GlosS.
1060 2792 1121 2849 p.
1158 2780 1231 2841 44
1261 2792 1277 2829 =
1324 2771 1573 2843 Βάπτης,
1612 2777 1847 2844 tinctor)
1876 2775 2092 2851 signifi-

518 2851 637 2919 ca'ri
660 2874 865 2939 putans
883 2906 902 2937 ‚
929 2863 1068 2918 ferri
1092 2881 1211 2917 non
1236 2872 1446 2937 potest.
1471 2862 1837 2919 Probabilior
1863 2876 1948 2920 cst
1970 2867 2091 2921 Lo-

520 2953 703 3008 beckii
731 2952 1050 3029 (Aglaoph.
1093 2970 1151 3021 α,
1183 2971 1245 3028 p.
1301 2952 1490 3027 mol.)
1520 2954 1791 3009 sententia
1826 2955 2088 3028 (Baptas,

522 3060 667 3114 quos
718 3040 951 3114 quidem
986 3040 1202 3095 habent
1237 3058 1346 3115 pro
1396 3040 1787 3097 sacerdotibus
1832 3042 2094 3115 Cotyttus

519 3132 607 3201 (v.
636 3128 869 3184 Gesner.
896 3128 1059 3197 Thes.
1088 3130 1156 3185 L.
1180 3130 1246 3186 L.
1272 3146 1327 3185 v.
1354 3127 1633 3204 Cotytto),
1654 3129 1958 3204 appellatos
1979 3148 2093 3187 esse

522 3218 596 3273 ab
619 3236 725 3273 usu
747 3218 1097 3273 lavationum
1131 3218 1193 3272 in
1214 3218 1483 3273 omnibus
1510 3220 1818 3292 mysteriis,
1850 3237 1977 3292 quae
2005 3221 2092 3276 isti

523 3308 698 3381 orgiis
727 3308 839 3363 suis
866 3306 1254 3365 imitabantur.
1288 3308 1471 3381 Igitur
1518 3303 1733 3371 Βάπτας
1780 3308 2095 3383 intelligere

524 3396 651 3449 licet
675 3392 993 3471 βαπτιστὰς,
1022 3396 1323 3459 lavatores,
1360 3412 1477 3467 quo
1507 3394 1740 3449 nomine
1768 3396 1824 3450 E.
1861 3394 2094 3451 irrisisse
2143 3450 2145 3453 Α

524 3484 749 3539 vldetur
770 3482 1075 3540 Alcibiadis
1096 3484 1280 3539 socios
1304 3480 1625 3557 impudicos
1640 3528 1654 3551 ,
1676 3498 1927 3555 quorum
1951 3482 2002 3537 al
2012 3493 2095 3537 ter

521 3572 760 3627 alterum
786 3572 994 3627 balneo
1039 3572 1436 3645 immergeret3
1478 3588 1649 3645 quam
1696 3588 1811 3625 rem
1848 3572 2094 3626 innuisse

522 3660 674 3715 dicas
739 3657 1091 3715 Alcibiadem
1159 3660 1582 3733 epigrammate.
1634 3658 1895 3713 Ceterum
1935 3658 2092 3733 apud

520 3748 887 3803 'themistium
910 3746 950 3802 l.
980 3746 1020 3803 1.
1046 3744 1347 3818 cogitanda
1365 3755 1447 3800 est
1472 3745 1896 3799 Atheniensium
1925 3763 2088 3818 expe·

522 3834 666 3889 ditio
695 3836 753 3887 in
772 3833 1020 3887 Siciliam
1048 3832 1226 3887 ductu
1248 3832 1561 3887 Alcibiadis
1587 3843 1845 3905 suscepta
1866 3832 2090 3909 olymp.

525 3940 621 3991 91,
662 3940 681 3976 ι
729 3919 880 3993 (ante
909 3921 1044 3976 Chr.
1078 3930 1194 3975 nat.
1237 3919 1349 3987 415
1372 3922 1409 3995 ).
1454 3920 1543 3976 cf.
1574 3920 1749 3975 Mein.
1784 3918 1934 3977 Hist.
1963 3922 2092 3979 crit.

525 4010 687 4063 Com.
744 4024 804 4079 p.
862 4022 973 4079 1¹9
1010 4024 1193 4079 seqq„
1244 4003 1397 4061 unde
1438 4006 1647 4061 horum
1677 4006 1952 4081 pleraque
1997 4007 2096 4062 de-

526 4104 795 4167 prompta
822 4103 969 4151 sunt.

905 4201 911 4207 ·
1286 4192 1339 4230 1.

603 4286 813 4343 Athen.
848 4291 903 4351 4,
939 4304 1001 4361 p.
1044 4284 1171 4356 183,
1200 4288 1264 4357 E,
1302 4288 1343 4343 F
1378 4306 1393 4341 ε
1437 4285 1751 4361 μνημονεύει
1778 4284 1833 4345 δὲ
1871 4290 1966 4344 τοῦ
1988 4308 2099 4365 τρι-

528 4370 694 4448 γώνου
723 4370 910 4430 τούτου
938 4371 1028 4429 καὶ
1058 4374 1398 4453 Σοφοκλῆς...
1434 4374 1494 4433 Ε.
1522 4371 1567 4430 δ’
1596 4374 1651 4432 ἐν
1675 4373 1917 4440 Βάπταις
1942 4372 2098 4454 φησὶν

629 4476 713 4565 ὣς
741 4495 940 4565 καλῶς
972 4490 1077 4580 μὲν
1115 4486 1482 4582 τυμπανίζει
1504 4540 1523 4577 ,

626 4595 727 4658 καὶ
754 4588 1079 4682 διαψάλλει
1104 4600 1429 4689 τριγώνοις.

2176 619 2338 690 quasi
2365 617 2563 676 titulus
2589 617 2861 674 dramatis
2887 618 3084 676 fuisset
3113 616 3315 676 Βαπτοὶ
3331 661 3348 694 ,
3367 637 3476 674 non
3494 622 3670 695 ineptus

2178 705 2273 759 ille
2315 707 2546 780 quidem
2567 749 2583 778 ‚
2614 706 2712 760 sed
2742 707 2926 761 obstat
2957 707 3174 762 Latinis
3213 709 3462 762 usitatum
3493 710 3666 782 Bapeae.

2179 794 2280 848 His
2299 813 2452 849 nunc
2481 795 2700 849 accedit
2715 794 3040 850 scholiastes
3065 796 3418 870 Hippocratis
3441 813 3470 849 a
3489 797 3665 851 Darem-

2174 880 2377 956 bergio
2411 881 2599 939 editus
2615 925 2633 956 ,
2668 885 2896 937 Note'ces
2929 893 2988 937 et
3018 889 3259 938 extr-aits
3281 885 3377 937 des
3413 892 3668 940 manuscrits

2173 972 2472 1026 medicam·
2489 989 2683 1044 grec-5,
2708 981 2846 1038 etc„
2875 981 3038 1044 parte
3067 972 3120 1042 1,
3147 991 3214 1047 p.
3244 969 3376 1040 215,
3401 971 3492 1026 ubi
3520 973 3669 1046 legitur

2172 1052 2400 1122 Εὔπολις
2423 1057 2475 1114 ἰν
2507 1053 2732 1124 Κόλαξιν
2763 1054 2920 1135 (sic)
2948 1076 2965 1112 z

2333 1187 2431 1264 Οἷς
2457 1200 2632 1265 καλῶς
2659 1193 2754 1273 μὲν
2791 1196 3136 1274 τυμπανίζεις

2339 1285 2430 1346 καὶ
2459 1287 2704 1354 ἕπικινεῗς
2730 1293 2846 1352 ταῖς
2873 1283 3140 1365 κοχώναις

2345 1373 2436 1432 καὶ
2465 1373 2654 1440 πείθεις
2677 1373 2790 1432 ἄνω
2811 1373 2992 1446 σκέλη·

2174 1469 2270 1531 καὶ
2291 1468 2580 1546 taedam<
2603 1469 2739 1546 (sic,
2765 1489 2874 1547 pro
2904 1471 2960 1528 ἐν
2983 1467 3225 1536 Βάπταις
3242 1467 3276 1546 J·

2329 1557 2452 1619 Καὶ
2466 1556 2554 1617 τὸν
2592 1556 2866 1636 Κέκροπα,
2895 1557 3016 1616 κτλ.

2179 1703 2305 1762 quae
2343 1682 2474 1739 vide
2517 1683 2576 1738 in
2618 1679 3068 1757 Adulatoribus3
3097 1699 3234 1738 nam
3259 1682 3546 1738 scholiastes
3559 1679 3668 1734 haud

2180 1768 2387 1840 dubie,
2433 1780 2502 1826 ut
2525 1770 2792 1828 observat
2829 1770 3096 1828 Diibner.
3137 1789 3202 1844 p.
3253 1769 3386 1839 216,
3425 1766 3666 1824 fabularum

2181 1855 2380 1914 titulos
2407 1861 2556 1915 inter
2595 1877 2655 1916 se
2695 1861 3095 1916 commutavit.
3134 1859 3258 1914 Jam
3300 1859 3478 1932 igitur,
3499 1855 3668 1910 duobus

2180 1943 2442 2002 versibus
2464 1957 2661 2004 auctus
2677 1989 2694 2018 ,
2723 1948 2805 2004 sic
2827 1947 3170 2004 scribendus
3195 1958 3278 2004 est
3299 1947 3442 2002 locus
3469 1963 3482 1998 ε

2279 2062 2364 2153 ὸς
2389 2083 2592 2155 καλῶς
2637 2078 2745 2169 μὲν
2777 2071 3213 2170 τυμπανίζεις,

2280 2179 2384 2247 καὶ
2413 2173 2775 2271 διαψοίλλεις
2807 2185 3124 2277 τριγώνοις
3143 2234 3162 2262 ,

2278 2287 2610 2366 κάπικινεῖς
2632 2297 2772 2367 ταῖς
2791 2292 3092 2383 κοχώναις

2334 2393 2437 2459 καὶ
2465 2393 2652 2472 τίθεις
2677 2391 2804 2461 ἄνω
2829 2397 3042 2478 σκέλη,

2183 2542 2290 2612 sic,
2327 2538 2510 2612 τίθεις,
2540 2543 2864 2618 corrigente
2883 2540 3346 2608 Schneidewino‚
3387 2537 3522 2613 quod
3549 2535 3664 2592 estin

2186 2628 2384 2686 codice
2411 2629 2632 2702 πείθεις,
2650 2629 2786 2690 coll.
2813 2631 2993 2706 Soph.
3016 2630 3228 2704 OEdip.
3257 2631 3320 2686 T.
3347 2627 3472 2684 628.

2266 2891 2601 2948 Ammonius
2618 2911 2681 2949 v.
2699 2887 2956 2968 Ὕπάγιιν
2976 2936 2992 2960 ,
3015 2911 3080 2967 p.
3118 2911 3138 2949 1
3152 2899 3224 2959 4ο
3249 2909 3262 2947 :
3293 2886 3486 2963 ὑπάγειν
3507 2881 3666 2955 λέγομεν

2187 2975 2301 3034 ἀντὶ
2339 2982 2430 3035 τοῦ
2467 2978 2746 3056 προάγειν,
2793 2982 2935 3037 τοῦτ’
2969 2977 3116 3037 ἔστιν
3144 2980 3218 3044 εἰς
3251 2974 3564 3051 τοῦμπρωθεν
3597 2988 3664 3023 πῦ-

2189 3064 2443 3141 ρεῦεσθαι.
2466 3064 2723 3145 κέχρηται
2751 3070 2820 3146 τῇ
2846 3064 2983 3134 λέξει
3037 3068 3104 3127 Ε.
3145 3069 3198 3125 ἓν
3229 3066 3288 3125 Β.
3317 3090 3340 3115 α
3381 3062 3450 3123 Σὺ
3485 3058 3521 3117 δ’
3545 3056 3666 3131 ῧπῦτῐ

2188 3156 2258 3221 εἰς
2285 3152 2662 3243 τοῦμπροσθεν.
2695 3181 2718 3205 ¹·
2745 3157 3109 3214 Herodianus
3145 3160 3230 3214 De
3257 3153 3531 3227 Aeyrolog.
3557 3146 3662 3203 13⁰ss-

2187 3243 2389 3302 sonad.
2421 3244 2636 3301 Anecd.
2667 3251 2726 3319 4,
2751 3262 2813 3319 p.
2839 3243 2954 3301 265
2991 3265 3002 3300 :
3040 3244 3132 3301 καὶ
3161 3244 3224 3303 E.
3251 3244 3302 3300 ἐν
3331 3232 3662 3317 Βάκχαῑςβῖΰλ

2285 3378 2372 3441 Σὺ
2403 3368 2462 3441 δ’
2500 3380 2678 3470 ὕπαγ’
2714 3374 2792 3453 εἰς
2821 3376 3252 3469 τοῦμπροσθεν.

2188 3524 2455 3579 Similiter
2473 3522 2713 3577 Thomas
2731 3522 2874 3595 Mag.
2887 3540 2946 3597 p.
2962 3522 3097 3598 369,
3112 3534 3170 3578 ct
3185 3502 3660 3577 Bachmatnmnecd.

2193 3630 2250 3683 2,
2270 3629 2333 3685 p.
2359 3610 2510 3681 3753
2535 3611 2668 3665 item
2685 3609 2788 3665 sed
2815 3612 3014 3667 leviter
3038 3618 3368 3686 corruptum
3383 3606 3538 3676 Etym.
3557 3590 3662 3653 Gud-

2191 3718 2253 3776 p.
2287 3698 2358 3765 54
2375 3718 2394 3753 ι
2409 3740 2426 3765 ,
2468 3716 2489 3755 1
2503 3698 2562 3755 3.
2603 3700 2698 3753 Est
2724 3699 2948 3753 initium
2977 3718 3172 3755 versus
3205 3692 3479 3755 trochaici.

2947 3824 3002 3882 3.

2269 3956 2523 4014 Gramm.
2551 3956 2790 4013 Bekkeri
2829 3962 2940 4015 An.
2965 3976 3030 4033 p.
3075 3958 3216 4029 377,
3255 3954 3312 4024 8,
3339 3942 3512 4009 Ἀλλᾶι
3545 3934 3662 4013 Υάθῖ

2194 4042 2308 4100 ἀντὶ
2331 4046 2421 4100 τοῦ
2447 4041 2522 4103 δέ.
2555 4043 2624 4102 Ε.
2657 4046 2722 4101 Β.

2339 4218 2436 4228 --
2469 4172 2872 4269 Ᾱναρίστητος
2908 4178 2989 4243 ὢν

2282 4278 2494 4354 κούδὲν
2537 4279 2870 4377 βεὲρωκὼς,
2906 4280 3069 4349 ἀλλὰ
3099 4280 3214 4377 γὰρ
3259 4278 3514 4366 στέφανον
3533 4266 3663 4353 ἔχων.

2191 4434 2412 4505 Suidas,
2442 4428 2635 4491 Ἀλλὰ
2681 4430 2805 4507 γάρ
2834 4448 2849 4489 :
2895 4428 3012 4487 ἀντὶ
3048 4434 3138 4489 τοῦ
3168 4427 3246 4489 δέ.
3293 4420 3424 4485 Ean.
3465 4412 3662 4487 Στέφαιῡ*

2194 4519 2362 4599 ἔχων,
2411 4538 2574 4577 more
2626 4521 3050 4575 convivantium
3100 4540 3115 4576 ι
3174 4539 3232 4579 v.
3279 4526 3448 4573 meum
3485 4500 3661 4559 indu-vm

2195 4612 2589 4685 Aristophanis
2611 4630 2666 4663 v·
2699 4610 2965 4665 Coronaei
2989 4614 3249 4665 convivae.

543 4696 3650 4743 Μ

1173 4784 1444 4837 BAPTAE.

1298 4922 1345 4969 1.

534 5032 638 5102 Qui
668 5032 805 5088 bene
831 5032 1054 5105 quidem
1082 5036 1454 5107 tympanizas,

532 5120 816 5193 psallisque
841 5120 1089 5192 trigonis.

532 5216 585 5263 et
612 5216 792 5263 motus
810 5209 921 5263 cies
952 5208 1172 5276 lumbi3‚

2139 4796 2150 4838 ε
2189 4788 2244 4835 et
2263 4794 2420 4834 crura
2448 4776 2679 4833 extollis.

2948 4870 3000 4917 2.

2191 4954 2274 5006 Tu
2301 4966 2427 5006 vero
2455 4947 2704 5021 procede.

2953 5042 3003 5091 3.

2303 5155 2356 5163 --
2393 5122 2522 5180 Sine
2540 5121 2815 5193 jentaculo
2833 5163 2848 5187 ,

2195 5225 2370 5281 neque
2397 5210 2504 5265 alio
2530 5208 2653 5264 cibo
2689 5217 2930 5281 sumpto,
2956 5216 3242 5265 coronatus
3260 5206 3438 5257 autem-
