3809 5850
1626 364 2024 426 cun-mus,
2626 358 2633 364 ·
2792 329 2801 352 “
3355 379 3427 430 ⁵⁷

183 496 702 574 ἁποκοτταΰισμοῖς,
735 500 990 571 itemque
1018 499 1074 553 in
1097 509 1314 554 rectam
1352 484 1502 552 viam
1541 499 1764 554 rediens

187 591 504 664 Hesychius
538 589 579 642 l.
613 590 680 660 l.‚
729 583 768 654 ἢ
795 589 830 654 ἡ
861 583 1052 660 καμπὴ
1077 588 1168 642 τοῦ
1211 586 1542 660 ἀγκῶνος-η.
1571 587 1620 642 οἱ
1665 583 1768 663 γὰρ

181 675 299 742 τοὺς
327 673 624 739 κοττάὸους
644 672 952 752 προϊέμενοι
977 673 1072 740 τὴν
1107 670 1274 739 δεξιὰν
1303 679 1459 750 χεῖρα
1487 671 1768 748 ἠγκύλουν,

185 765 502 828 κυκλοῦντες
529 759 696 831 αὐτὴν
723 763 796 825 ὡς
825 761 944 832 ἐνῆν
974 755 1422 837 πρεπωδέστατα,
1455 760 1548 818 καὶ
1580 783 1768 836 σεμνυ-

185 853 398 927 νόμενοι
443 853 514 916 ὣς
557 852 638 928 ἐφ’
688 849 764 906 ἑνὶ
801 851 908 908 τῶν
955 851 1149 907 καλῶν.
1192 875 1217 900 α
1256 848 1480 924 Itaque,
1525 875 1548 900 a
1585 853 1771 924 inquit

183 943 395 1015 Mein„
443 965 470 990 a
497 939 597 995 ἀπ’
631 934 868 1014 ἀγκύλης
896 935 1053 1010 (scil.
1085 935 1254 1015 χειρὸς
1278 937 1296 1015 )
1323 933 1436 1006 ἵησι
1465 949 1542 994 est
1583 944 1768 993 incur-

183 1033 338 1086 vata
364 1048 542 1084 manu
561 1031 824 1101 projicit,
855 1049 883 1076 ω
918 1037 1026 1082 etc.
1047 1055 1131 1069 —
1154 1029 1332 1082 Versu
1363 1032 1393 1091 4
1423 1029 1514 1084 Cr.
1557 1027 1770 1101 Euripi·

189 1117 322 1174 dem
345 1117 518 1186 ridet,
543 1115 906 1172 Sthenoboeae
933 1113 1250 1188 fragmento
1275 1113 1311 1169 6
1341 1115 1618 1175 dicentem
1647 1135 1659 1168 :

275 1226 456 1286 Πεσὸν
477 1225 535 1284 δέ
557 1249 636 1282 νιν
666 1224 882 1296 λέληθεν
905 1223 1052 1283 οὗδὲν
1077 1227 1137 1282 ἐκ
1158 1225 1330 1304 χερὸς,

269 1316 391 1372 ἀλλ’
419 1312 570 1378 εὐθὺς
591 1313 730 1392 αὗδᾷ
760 1341 784 1364 ιι
814 1315 892 1391 τῷ
921 1311 1178 1392 Κορινθίῳ
1197 1310 1352 1392 ξένῳῑ
1385 1339 1412 1365 υ

190 1405 608 1482 Aristophanes
642 1421 881 1479 quoque
903 1404 1128 1460 Thesm.
1163 1404 1276 1471 403
1307 1424 1322 1460 ε

1025 1516 1141 1578 Κᾶν
1169 1517 1374 1598 inedias,

270 1607 461 1673 σκεῦός
491 1630 542 1664 τι
566 1605 706 1664 κατὰ
729 1605 826 1677 τὴν
856 1604 1024 1664 οἰκίαν
1050 1605 1374 1682 πλανωμένη
1396 1651 1412 1682 ,

271 1693 408 1774 ἀνὴρ
440 1697 634 1775 ἐρωτᾷ,
660 1697 737 1773 τῷ
765 1693 1022 1771 κατέαγεν
1041 1697 1075 1764 ἡ
1100 1692 1307 1772 χύτρας

264 1785 362 1842 οὖκ
389 1782 502 1842 ἔσθ’
529 1783 672 1850 ὅπως
695 1785 756 1842 οὗ
785 1785 858 1862 τῷ
885 1781 1143 1862 Κορινθίῳ
1175 1781 1321 1862 ξένῳ.

941 1917 962 1952 1
979 1917 1032 1968 7.

261 2013 430 2071 Idem
468 2011 562 2081 13,
584 2031 644 2087 p.
673 2010 810 2082 566,
837 2013 883 2066 F
921 2031 934 2066 ε
968 2010 1058 2067 καὶ
1083 2011 1112 2066 ὁ
1143 2007 1468 2081 Κύνουλκος,
1493 2035 1518 2060 <t
1544 2007 1768 2087 Ταύτῃ

181 2099 294 2156 καὶ
333 2100 594 2178 τολμᾷς
637 2095 709 2156 σὺ
756 2096 986 2172 λέγειν
1035 2095 1522 2178 ῥοδοδάκτυλος
1562 2087 1765 2174 οὖσα,

181 2186 323 2244 κατὰ
355 2185 446 2244 τὸν
474 2187 766 2262 Κρατῖνον,
799 2183 974 2242 ἀλλὰ
1010 2183 1336 2262 βολίτινον
1377 2183 1544 2264 ἔχων
1575 2183 1766 2242 θάτε-

184 2296 304 2351 ρον
351 2271 634 2338 σκέλος.
685 2299 712 2322 2·
747 2271 924 2331 Ταυτὶ
969 2274 1154 2331 Dobr.
1187 2273 1262 2328 ad
1291 2275 1581 2350 Aristoph.
1615 2275 1762 2329 Plut.

179 2363 336 2433 5553
367 2382 488 2437 quo
506 2372 741 2437 recepto
765 2364 898 2418 satis
925 2363 1254 2417 habuerunt
1281 2363 1455 2418 verba
1483 2359 1656 2420 Ταυτὶ
1693 2395 1768 2406 —-

179 2441 322 2508 οὖσα
353 2469 682 2526 excerpere,
720 2463 1002 2524 tanquam
1037 2451 1286 2513 Cratini,
1326 2452 1596 2526 neglectis
1621 2452 1764 2506 reli-

181 2539 322 2614 quis
357 2535 496 2592 ἀλλὰ
517 2569 590 2580 -
609 2535 822 2610 σκέλος,
851 2557 978 2613 quae
1000 2538 1087 2594 vel
1112 2539 1225 2612 sic,
1253 2540 1300 2593 si
1319 2540 1496 2595 modo
1527 2539 1762 2610 scribaS,

181 2639 251 2683 ut
275 2636 722 2684 consentaneum
743 2639 850 2697 est,
879 2624 1098 2705 ἔχουσα,
1125 2639 1338 2683 coeunt
1363 2629 1424 2682 in
1444 2630 1726 2685 senarium
1749 2646 1764 2686 ε

281 2740 488 2808 Ταυτὶ
521 2741 625 2807 καὶ
665 2747 902 2832 τολμᾷς
953 2743 1024 2806 σὺ
1067 2743 1268 2834 λέγειν
1322 2733 1768 2832 ῥοδοδάκτυλος

1598 2876 1764 2931 ουσα,

277 2943 448 3011 ἀλλὰ
475 2942 790 3029 βολίτινον
810 2946 1038 3034 ἔχουσα
1058 2944 1302 3036 θάτερον
1335 2946 1570 3027 σκέλος

179 3076 451 3129 Ceterum
477 3102 559 3113 —
587 3072 678 3128 CA
710 3071 868 3127 haud
909 3072 1086 3127 dubie
1134 3072 1526 3128 oblitteratum
1555 3086 1638 3129 est
1673 3094 1764 3131 se-
1868 3135 1875 3141 ,

175 3170 394 3234 quente
420 3159 530 3217 ΘΑ
553 3191 634 3202 -
658 3161 852 3230 simili,
887 3160 1046 3234 quod
1065 3157 1508 3235 significavimus
1528 3178 1662 3217 ann.
1691 3164 1766 3219 ad

175 3248 460 3321 hymnum
481 3249 859 3303 Homericum
880 3249 1117 3313 iuPana
1140 3268 1200 3303 v.
1225 3254 1320 3313 40.
1339 3250 1662 3323 Compellat
1680 3252 1767 3307 his

175 3337 370 3392 verbis
411 3338 608 3391 nescio
655 3337 786 3409 quis
831 3338 1144 3411 Empusam
1187 3338 1304 3393 sive
1333 3339 1588 3393 Hecaten
1633 3359 1646 3395 :
1691 3341 1764 3399 cf.

175 3427 326 3481 Rau.
353 3427 476 3498 289
501 3444 650 3499 seq„
677 3426 880 3501 ibique
903 3438 1194 3483 annotata.

931 3536 1024 3596 18.
1059 3550 1070 3561 ·

251 3650 420 3705 Idem
437 3649 523 3706 ib.
544 3668 610 3724 p.
641 3648 784 3723 596,
805 3650 874 3719 B,
893 3649 964 3704 de
987 3651 1240 3706 Doriclna
1255 3654 1574 3723 meretrice,
1595 3672 1766 3727 quam

171 3736 431 3812 deperiit
479 3738 803 3811 Charaxus,
839 3739 1164 3812 Sapphonis
1211 3740 1389 3796 frater
1427 3761 1440 3796 ε
1486 3737 1767 3817 Ἡρόδοτος

177 3828 254 3897 (2,
285 3847 306 3881 ι
326 3826 400 3891 34
432 3825 580 3899 seq.)
601 3822 646 3880 δ’
659 3822 826 3893 αὐτὴν
835 3822 1104 3883 (Ροδῶπιν
1120 3827 1290 3899 καλεῖ,
1303 3828 1502 3903 ἀγνοῶν
1519 3826 1598 3885 ὅτι
1614 3828 1764 3907 ἑτέρα

175 3915 268 3981 τῆς
281 3911 547 3991 Δωρίχης
574 3910 718 3969 ἐστὶν
745 3910 902 3983 αὕτη,
919 3916 955 3982 ἡ
981 3911 1204 3979 καὶτοὺς
1229 3914 1572 3993 περιὸοήτους
1593 3916 1764 3975 ὀὸελί·

177 4022 330 4067 σκους
351 4002 620 4059 ἀναθεῖσα
645 4000 702 4057 ἐν
723 4001 944 4079 Δελφοῖς
959 4046 975 4073 ,
1002 3994 1077 4059 ὧν
1103 4002 1368 4078 μέμνηται
1393 4007 1497 4080 Κρ.
1526 4003 1611 4061 διὰ
1645 4005 1765 4064 τού·

175 4109 296 4148 των.
329 4090 562 4146 Cratini
593 4090 770 4145 verba
798 4080 1153 4161 exciderunt,
1173 4095 1305 4167 nisi,
1337 4106 1400 4149 ut
1423 4114 1609 4169 nuper
1627 4116 1764 4151 con·

167 4176 306 4249 jecit
327 4178 683 4252 Meinekius,
708 4179 922 4234 scribas
965 4174 1054 4234 διὰ
1089 4180 1138 4237 Ι]
1153 4180 1184 4235 λ
1201 4178 1360 4237 οὕτω
1377 4204 1403 4236 ν
1422 4225 1438 4252 ,
1468 4194 1608 4237 noto
1633 4204 1760 4240 usu.

175 4266 554 4341 Rhodopidis
583 4266 884 4323 donarium
915 4282 1326 4326 commemorat
1354 4272 1522 4326 etiam
1552 4273 1767 4327 Plutar-

173 4355 314 4410 chus
335 4357 430 4411 De
463 4373 624 4410 orac.
659 4354 778 4413 der.
815 4374 878 4433 p.
923 4364 1060 4426 400,
1093 4359 1136 4413 F
1173 4377 1185 4411 :
1221 4358 1323 4414 τῶν
1368 4356 1647 4416 Ἀκανθίων
1677 4360 1768 4418 καὶ

179 4442 452 4517 Βρασίδου
481 4442 837 4517 παρελθοῦσιν
859 4431 1000 4500 οἶκον
1029 4446 1154 4519 ἡμῖν
1183 4444 1369 4511 ἔδειξεν
1389 4450 1418 4504 ὃ
1446 4447 1765 4526 περιηγητὴς

171 4528 410 4605 χωρίον,
445 4529 502 4585 ἐν
535 4518 584 4606 ᾧ
628 4526 954 4595 Ῥοδώπιδος
992 4528 1188 4589 ἔκειντό
1221 4554 1350 4591 ποτε
1391 4533 1652 4593 ὁόελίσκοι
1684 4559 1762 4594 σι-

179 4616 342 4691 δηροί.
373 4622 450 4675 V.
481 4619 750 4675 Grauerti
774 4621 1005 4675 Dissert.
1027 4620 1100 4675 de
1129 4622 1340 4699 AEsopo
1365 4644 1428 4699 p.
1463 4644 1484 4679 1
1503 4644 1571 4695 17
1597 4646 1761 4701 seqq.

944 4826 1024 4874 17.

187 4908 314 4963 liaec
339 4906 512 4962 etiam
537 4912 600 4961 tu
631 4902 807 4960 audes
834 4904 1040 4971 dicere,
1066 4908 1236 4963 roseis
1260 4908 1483 4980 quidem
1505 4908 1714 4983 digitis,

187 4994 276 5049 sed
296 4996 562 5050 limosum
586 4993 802 5048 habens
821 4994 1055 5050 alterum
1077 4994 1310 5067 pedem?

939 5088 1026 5135 ⁶20.

197 5168 376 5221 Pastor
399 5166 632 5224 adstitit.
658 5174 709 5221 et
735 5168 1046 5237 rapinum,
1077 5175 1130 5225 et
1157 5166 1443 5225 bubulcus.

2603 518 2691 572 ¹9·

1941 619 2100 674 Idem
2139 617 2228 688 15,
2266 613 2325 692 ῥ’.
2361 617 2500 688 676,
2543 621 2585 674 F
2621 640 2631 673 :
2680 615 2839 685 δεῖξαι
2871 619 2964 676 οὗκ
3008 618 3171 699 ἔχεις,
3202 619 3281 679 ὅτι
3314 621 3427 680 δια·

1860 703 2155 780 λελυμένως
2170 728 2245 771 τις
2267 703 2443 783 εἴρηκε
2468 701 2631 783 ῥόδων
2656 705 2911 784 στέφανον
2933 705 3023 764 καὶ
3041 707 3134 764 ἴων
3156 709 3427 790 στέφανον·

1859 791 1920 849 τὸ
1944 793 2044 868 γὰρ
2074 790 2219 872 παρὰ
2254 790 2498 872 Κρατίνῳ
2526 790 2665 849 κατὰ
2694 789 2909 850 παιδιὰν
2937 793 3139 872 εἴρηται
3176 823 3199 848 α
3229 799 3427 874 Ναρ-

1861 902 1965 936 κισ
1983 902 2013 936 σ
2031 879 2205 945 ίνους
2232 881 2301 937 ὄλ
2317 879 2333 936 ί
2350 903 2555 946 σκους.
2584 907 2609 932 n
2632 883 2805 938 Nihili
2822 884 2941 939 haec
2955 904 3091 960 vox,
3109 889 3200 943 cui
3221 889 3429 944 substi-

1861 968 2059 1023 tuebat
2078 969 2315 1026 Casaub.
2330 967 2613 1044 ναρκίσσου
2633 968 3005 1048 στεφανίσκους
3022 973 3096 1049 (Ξ),
3110 973 3426 1051 Schweigh.

1860 1053 2099 1121 ὀλίσὸους
2132 1057 2230 1132 (?);
2268 1059 2445 1132 possis
2479 1059 2649 1114 etiam
2687 1059 2760 1118 N.
2810 1057 3075 1136 ὀχίσκους,
3120 1069 3429 1119 narcissino

1861 1146 2171 1214 curricula,
2201 1147 2242 1203 i.
2293 1165 2342 1201 e.
2370 1147 2542 1220 plena
2584 1149 2995 1218 narcissorum‚
3039 1151 3129 1206 vel
3170 1153 3242 1207 N.
3282 1151 3427 1228 ὀσχί-

1863 1251 2034 1301 σκους,
2064 1235 2402 1290 nan-issinos
2426 1238 2672 1290 ramulos
2687 1256 2704 1304 3
2734 1237 3007 1311 licuitque
3032 1256 3165 1294 sane
3192 1240 3425 1296 Comico

1862 1316 2071 1394 fingere
2108 1321 2227 1376 haec
2270 1320 2639 1379 deminutiva.
2683 1325 2769 1378 De
2800 1323 2855 1397 λ,
2891 1343 2951 1400 χ,
2984 1345 3056 1401 σχ
3095 1327 3345 1382 confusis
3375 1347 3426 1384 v.

1862 1407 1937 1464 ad
1960 1409 2165 1467 Athen.
2197 1427 2220 1463 1
2237 1427 2288 1480 1,
2311 1427 2371 1483 p,
2401 1417 2541 1484 497,
2566 1414 2638 1480 Α,
2664 1412 2723 1466 in
2754 1413 3029 1469 Noctibus
3046 1417 3251 1472 nostris
3276 1417 3428 1472 Nau-

1864 1498 2107 1552 craticiS.

2599 1629 2688 1665 20.

1942 1730 2053 1784 Dio
2102 1730 2537 1803 chrysostomus
2582 1732 2740 1789 Orat.
2792 1729 2885 1802 56,
2922 1735 3037 1788 vol.
3088 1753 3145 1805 2,
3193 1755 3254 1810 p.
3312 1755 3427 1812 290
3522 1808 3535 1820 ‚

1861 1817 2053 1872 Reisk.
2087 1836 2101 1872 ε
2130 1814 2164 1885 ἢ
2190 1816 2285 1873 οὐκ
2308 1814 2602 1892 ἀνέγνωκας
2626 1820 2777 1874 τοῦτο
2802 1817 2861 1876 τὸ
2887 1816 3007 1885 ἔπος
3030 1819 3309 1901 Κρατίνου·

1962 1945 2198 2031 Ποιμήν
2222 1941 2511 2024 καθέστη,
2540 1941 2853 2028 καίπόλος,
2882 1943 2986 2009 καὶ
3021 1945 3325 2028 βουκόλος.

1861 2076 2027 2136 Libri
2050 2075 2278 2147 καθίστη
2309 2075 2546 2151 αἰπόλος,
2582 2099 2615 2134 κ
2654 2080 2844 2135 littera
2870 2081 3073 2138 hausta
3103 2083 3175 2138 ab
3202 2103 3237 2138 α
3262 2084 3431 2139 simili

1859 2167 2078 2236 vicina3
2108 2166 2313 2222 frustra
2341 2165 2538 2236 Valck.
2573 2166 2646 2222 ad
2667 2167 2884 2229 Gallim.
2908 2170 3068 2244 Eleg.
3098 2189 3157 2244 p.
3194 2170 3293 2246 75,
3325 2192 3427 2227 κα-

1858 2249 2067 2326 τέστης,
2090 2254 2295 2330 Bergk.
2317 2265 2375 2309 et
2395 2254 2565 2308 Mein.
2591 2251 2871 2324 καθέστηκ’
2910 2256 3031 2315 αἶπ.
3060 2254 3269 2331 Ποιμὴν
3296 2278 3431 2334 pro-

1859 2343 1983 2416 prie
2029 2341 2230 2411 dictus,
2276 2351 2343 2396 ut
2386 2339 2675 2396 interdum
2726 2353 2925 2415 pastor
2964 2353 3161 2417 pastor
3210 2346 3426 2404 ovium.

1859 2429 2260 2503 Fragmentum
2283 2428 2357 2486 ad
2382 2430 2657 2486 Bubulcus
2690 2429 2865 2486 refert
2891 2431 3187 2507 Bergkius.

2600 2570 2693 2607 21.

1945 2677 2271 2748 Anonymus
2316 2675 2473 2750 apud
2514 2677 2845 2732 Crumerum
2893 2678 3112 2734 Anecd.
3145 2680 3327 2736 Oxon.
3370 2680 3429 2751 3,

1857 2781 1917 2837 p.
1954 2763 2062 2837 195
2104 2783 2120 2818 :
2158 2761 2385 2821 Πλάτων
2410 2759 2503 2838 δὲ,
2534 2764 2634 2841 οὐχ
2672 2765 2699 2820 ὁ
2728 2763 3033 2843 φιλόσοφος,
3065 2765 3181 2822 ἀλλ’
3208 2769 3237 2822 ὃ
3264 2789 3430 2843 κωμι-

1857 2849 2119 2922 κώτατος,
2156 2839 2202 2929 ᾧ
2231 2850 2321 2908 καὶ
2368 2853 2628 2932 Κρατῖνον
2665 2841 2781 2910 οἶδα
2824 2850 3138 2934 συνᾴδοντα,
3181 2853 3432 2934 ἀορίστως

1857 2937 1946 2995 ἐπὶ
1976 2938 2271 3017 συγγενείας
2298 2938 2559 3015 λαμὸάνει
2586 2938 2679 3011 τὴν
2711 2938 2743 2998 ὅ
2758 2964 2797 3017 μ
2816 2963 2847 2998 α
2868 2964 3017 3018 ιμος
3040 2939 3200 3008 λέξιν.

2598 3090 2695 3129 22.

1940 3192 2123 3264 Etym.
2164 3192 2242 3245 Μ.
2290 3210 2351 3265 p.
2410 3190 2556 3261 183,
2598 3190 2701 3261 45,
2744 3189 3029 3262 Βαὸἄκτης
3079 3212 3094 3248 :
3138 3191 3430 3271 ὀρχηστὴς,

1857 3275 2046 3347 λάλος,
2078 3278 2371 3351 μανιώδης,
2414 3277 2730 3356 βακχευτής.
2763 3277 2973 3355 λέγεται
3004 3276 3057 3337 δὲ
3088 3278 3178 3337 καὶ
3212 3284 3241 3337 ὃ
3279 3281 3422 3341 Πάν.

1861 3366 1959 3441 Κρ.
2022 3392 2045 3414 ιι
2084 3366 2329 3443 Χαῖρε,
2386 3364 2779 3443 χρυσόκερω
2836 3364 3151 3443 βαὸἄκτα
3208 3368 3432 3440 κήλων

1824 3488 1837 3500 ·
1860 3452 2019 3511 Πάν.
2054 3478 2077 3503 ν
2104 3450 2253 3531 παρὰ
2284 3451 2346 3508 τὸ
2377 3450 2554 3529 βάζω,
2598 3451 2660 3509 τὸ
2701 3453 2874 3524 λαλῶ,
2912 3452 3088 3530 βᾶξω,
3132 3452 3428 3533 βέὅαγμαι,

1861 3541 2157 3621 βέὸακται,
2202 3540 2507 3621 βαὸοίκτης,
2548 3546 2577 3599 ὁ
2612 3541 2784 3600 πολλὰ
2827 3544 3025 3614 λαλῶν,
3062 3543 3305 3622 φλύαρος.
3340 3550 3431 3604 Sic

1857 3636 1989 3688 item
2022 3632 2341 3705 Hephaestio
2382 3650 2508 3707 cap.
2544 3649 2711 3706 10,p.
2746 3630 2844 3701 56,
2872 3632 3113 3687 alterum
3141 3631 3238 3688 ille
3275 3653 3430 3689 com·

1856 3723 2017 3796 plens
2042 3738 2262 3776 versum
2293 3720 2447 3775 hisce
2494 3718 2825 3795 Πελασγικὸν
2868 3715 3053 3795 Ἄργος
3102 3716 3429 3797 ἐμὸατεύων,

1857 3811 1917 3863 in
1942 3810 2169 3883 priore,
2201 3805 2381 3884 Χαῖρ’,
2408 3794 2455 3863 ὦ
2482 3805 2832 3886 χρυσόκερως.
2881 3810 3067 3883 Igitur
3092 3810 3187 3865 Cr.
3224 3811 3431 3867 dixerit

1958 3949 2163 4035 Χαῖρ’,
2192 3938 2240 4005 ὦ
2267 3941 2633 4034 χρυσόκερως
2672 3936 2951 4025 βαὲοίκτα
2977 3944 3185 4014 κη’λων

1956 4049 2093 4114 Πὰν
2109 4100 2127 4131 ,
2138 4062 2151 4073 ’
2168 4048 2555 4140 Πελασγικὸν
2586 4037 2777 4139 Ᾰργος
2811 4042 3183 4138 ἐμὸατεύωνὶ

1859 4192 2096 4264 Elegans
2124 4190 2275 4244 enim
2303 4207 2435 4243 usus
2464 4199 2545 4243 est
2584 4188 2922 4244 nominativi
2949 4206 3058 4263 pro
3098 4187 3361 4242 vocativo
3412 4204 3423 4240 ι

1855 4275 2021 4331 Iliad.
2057 4296 2150 4347 17,
2177 4284 2285 4343 142
2312 4270 2570 4351 ιἜκτωρ
2592 4262 2719 4339 εἶδος
2742 4271 2941 4351 ἄριστε.
2968 4274 3168 4347 Odyss.
3195 4276 3253 4341 3,
3276 4272 3387 4328 313
3411 4292 3422 4327 :

1858 4360 1949 4419 καὶ
1987 4360 2070 4434 σὺ,
2098 4360 2270 4441 φίλος,
2298 4359 2372 4435 μὴ
2400 4358 2531 4430 δηθὰ
2557 4360 2730 4437 δόμων
2758 4358 2863 4417 ἄπο
2884 4360 3003 4430 τῆλ’
3028 4358 3288 4435 ἀλάλησο,
3314 4369 3424 4418 ete.

1861 4448 2075 4521 Κήλων,
2101 4454 2349 4517 telorum,
2390 4452 2524 4523 quia
2544 4460 2881 4505 venatorum
2911 4467 3142 4521 quoque
3170 4448 3307 4501 deus
3330 4447 3429 4501 ha-

1855 4539 2007 4594 bitus
2032 4552 2115 4595 est
2146 4542 2261 4595 Pan
2283 4580 2299 4607 ,
2344 4538 2503 4612 quod
2529 4539 2803 4610 intelligas
2834 4556 2902 4592 cx
2931 4537 3163 4609 Hynmo
3190 4538 3425 4591 Homer.

1865 4646 1959 4700 19,
2017 4627 2083 4682 13
2140 4625 2337 4702 (θῆρας
2384 4623 2622 4702 ἐναίρων,
2688 4622 2839 4699 Πάν)
2862 4670 2877 4695 ,
2920 4627 3203 4681 Theocrit.
3260 4624 3426 4697 ldyll.

2597 4832 2686 4881 21.

1861 4914 2327 4985 Consanguineus.

2600 5006 2686 5054 22.

1862 5086 2045 5151 Salve,
2070 5085 2249 5141 aureis
2272 5086 2530 5142 cornibus
2558 5084 2825 5141 bacchans
2854 5091 3073 5139 venator

1869 5174 1979 5228 Pan
2002 5212 2015 5237 ‚
2050 5172 2387 5243 Pelasgicum
2418 5177 2589 5241 Argos
2614 5170 2937 5227 ascendens!
