<?xml version="1.0" encoding="UTF-8"?>
<!DOCTYPE html PUBLIC "-//W3C//DTD XHTML 1.0 Transitional//EN"
    "http://www.w3.org/TR/xhtml1/DTD/xhtml1-transitional.dtd">
<html xmlns="http://www.w3.org/1999/xhtml" xml:lang="en" lang="en">
 <head>
  <title>
</title>
<meta http-equiv="Content-Type" content="text/html;charset=utf-8" />
  <meta name='ocr-system' content='tesseract 3.04.00' />
  <meta name='ocr-capabilities' content='ocr_page ocr_carea ocr_par ocr_line ocrx_word'/>
</head>
<body>
  <div class='ocr_page' id='page_1' title='image "./poetarumcomicor01hunzgoog_0548.png"; bbox 0 0 3809 5850; ppageno 0'>
   <div class='ocr_carea' id='block_1_1' title="bbox 371 437 1620 980">
    <p class='ocr_par' dir='ltr' id='par_1_1' title="bbox 371 437 1620 980">
     <span class='ocr_line' id='line_1_1' title="bbox 424 437 536 488; baseline 0.018 -2"><span class='ocrx_word' id='word_1_1' title='bbox 424 437 536 488; x_wconf 80' lang='lat'><strong>528</strong></span> 
     </span>
     <span class='ocr_line' id='line_1_2' title="bbox 615 545 1620 635; baseline -0.009 -11"><span class='ocrx_word' id='word_1_2' title='bbox 615 596 712 608; x_wconf 88' lang='lat'><strong>--·</strong></span> <span class='ocrx_word' id='word_1_3' title='bbox 731 553 786 623; x_wconf 80' lang='grc' dir='ltr'>ὁ</span> <span class='ocrx_word' id='word_1_4' title='bbox 815 549 886 622; x_wconf 78' lang='grc' dir='ltr'><strong>δὲ</strong></span> <span class='ocrx_word' id='word_1_5' title='bbox 909 550 1122 635; x_wconf 76' lang='grc' dir='ltr'>Κίλιξ’</span> <span class='ocrx_word' id='word_1_6' title='bbox 1153 545 1248 618; x_wconf 73' lang='grc' dir='ltr'><strong>ὅδ’</strong></span> <span class='ocrx_word' id='word_1_7' title='bbox 1275 546 1579 626; x_wconf 76' lang='grc' dir='ltr'>ἱπποκλῆς</span> <span class='ocrx_word' id='word_1_8' title='bbox 1601 599 1620 632; x_wconf 92' lang='grc'><strong>,</strong></span> 
     </span>
     <span class='ocr_line' id='line_1_3' title="bbox 521 659 1376 756; baseline -0.008 -25"><span class='ocrx_word' id='word_1_9' title='bbox 521 671 553 730; x_wconf 84' lang='grc' dir='ltr'>ὁ</span> <span class='ocrx_word' id='word_1_10' title='bbox 585 659 1003 756; x_wconf 78' lang='grc' dir='ltr'>ζωμοτάριχος</span> <span class='ocrx_word' id='word_1_11' title='bbox 1031 661 1376 749; x_wconf 74' lang='grc' dir='ltr'>ὑποκριτής.</span> 
     </span>
     <span class='ocr_line' id='line_1_4' title="bbox 425 778 1110 856; baseline -0.009 -5"><span class='ocrx_word' id='word_1_12' title='bbox 425 796 619 851; x_wconf 73' lang='lat' dir='ltr'><strong>naum</strong></span> <span class='ocrx_word' id='word_1_13' title='bbox 646 778 800 852; x_wconf 70' lang='grc' dir='ltr'>οἵδε</span> <span class='ocrx_word' id='word_1_14' title='bbox 818 787 973 856; x_wconf 69' lang='grc' dir='ltr'>Κίλιξ</span> <span class='ocrx_word' id='word_1_15' title='bbox 999 801 1110 846; x_wconf 80' lang='lat' dir='ltr'><strong>etc.</strong></span> 
     </span>
     <span class='ocr_line' id='line_1_5' title="bbox 371 887 1576 980; baseline -0.013 7"><span class='ocrx_word' id='word_1_16' title='bbox 371 887 376 892; x_wconf 41' lang='lat'><strong>⁴</strong></span> <span class='ocrx_word' id='word_1_17' title='bbox 856 919 1072 980; x_wconf 76' lang='lat' dir='ltr'><strong>xxvl.</strong></span> <span class='ocrx_word' id='word_1_18' title='bbox 1120 913 1576 978; x_wconf 75' lang='grc' dir='ltr'>ΔΑκΤΥΛιοΣ.</span> 
     </span>
    </p>
   </div>
   <div class='ocr_carea' id='block_1_2' title="bbox 1186 1063 1238 1104">
    <p class='ocr_par' dir='ltr' id='par_1_2' title="bbox 1186 1063 1238 1104">
     <span class='ocr_line' id='line_1_6' title="bbox 1186 1063 1238 1104; baseline 0.077 -4"><span class='ocrx_word' id='word_1_19' title='bbox 1186 1063 1238 1104; x_wconf 85' lang='lat'><strong>1.</strong></span> 
     </span>
    </p>
   </div>
   <div class='ocr_carea' id='block_1_3' title="bbox 429 1141 1999 1416">
    <p class='ocr_par' dir='ltr' id='par_1_3' title="bbox 429 1141 1999 1416">
     <span class='ocr_line' id='line_1_7' title="bbox 511 1141 1999 1234; baseline -0.011 -16"><span class='ocrx_word' id='word_1_20' title='bbox 511 1161 716 1218; x_wconf 77' lang='lat' dir='ltr'><strong>Athen.</strong></span> <span class='ocrx_word' id='word_1_21' title='bbox 757 1177 850 1230; x_wconf 81' lang='grc' dir='ltr'><strong>ιο,</strong></span> <span class='ocrx_word' id='word_1_22' title='bbox 881 1177 944 1234; x_wconf 88' lang='lat' dir='ltr'><strong>p.</strong></span> <span class='ocrx_word' id='word_1_23' title='bbox 991 1156 1140 1230; x_wconf 82' lang='grc'><strong>443,</strong></span> <span class='ocrx_word' id='word_1_24' title='bbox 1175 1157 1266 1215; x_wconf 89' lang='lat' dir='ltr'><strong>E:</strong></span> <span class='ocrx_word' id='word_1_25' title='bbox 1311 1153 1487 1216; x_wconf 74' lang='grc' dir='ltr'>καλῶς</span> <span class='ocrx_word' id='word_1_26' title='bbox 1521 1149 1650 1229; x_wconf 73' lang='grc' dir='ltr'>πρὸς</span> <span class='ocrx_word' id='word_1_27' title='bbox 1695 1144 1811 1210; x_wconf 76' lang='grc' dir='ltr'>τοὺς</span> <span class='ocrx_word' id='word_1_28' title='bbox 1863 1141 1999 1202; x_wconf 73' lang='grc' dir='ltr'>οὕτω</span> 
     </span>
     <span class='ocr_line' id='line_1_8' title="bbox 431 1231 1900 1317; baseline -0.01 -9"><span class='ocrx_word' id='word_1_29' title='bbox 431 1249 722 1316; x_wconf 80' lang='grc' dir='ltr'>λάπτοντας</span> <span class='ocrx_word' id='word_1_30' title='bbox 761 1248 848 1306; x_wconf 79' lang='grc' dir='ltr'><strong>τὸν</strong></span> <span class='ocrx_word' id='word_1_31' title='bbox 873 1237 1007 1306; x_wconf 69' lang='grc' dir='ltr'>οἶνον</span> <span class='ocrx_word' id='word_1_32' title='bbox 1036 1249 1064 1304; x_wconf 83' lang='grc' dir='ltr'>ὁ</span> <span class='ocrx_word' id='word_1_33' title='bbox 1092 1243 1244 1311; x_wconf 81' lang='grc' dir='ltr'>αὐτὸς</span> <span class='ocrx_word' id='word_1_34' title='bbox 1269 1240 1390 1304; x_wconf 76' lang='grc' dir='ltr'>Ἀλ.</span> <span class='ocrx_word' id='word_1_35' title='bbox 1429 1245 1482 1302; x_wconf 73' lang='grc' dir='ltr'>ἐν</span> <span class='ocrx_word' id='word_1_36' title='bbox 1507 1236 1730 1317; x_wconf 77' lang='grc' dir='ltr'>Ὀπώρᾳ</span> <span class='ocrx_word' id='word_1_37' title='bbox 1771 1231 1900 1316; x_wconf 63' lang='grc' dir='ltr'>φησὶ</span> 
     </span>
     <span class='ocr_line' id='line_1_9' title="bbox 429 1335 846 1416; baseline -0.007 -20"><span class='ocrx_word' id='word_1_38' title='bbox 429 1340 526 1396; x_wconf 71' lang='grc' dir='ltr'>κᾶν</span> <span class='ocrx_word' id='word_1_39' title='bbox 548 1335 846 1416; x_wconf 80' lang='grc' dir='ltr'>Δακτυλίῳ,</span> 
     </span>
    </p>
   </div>
   <div class='ocr_carea' id='block_1_4' title="bbox 436 1440 2006 2051">
    <p class='ocr_par' dir='ltr' id='par_1_4' title="bbox 436 1440 2006 2051">
     <span class='ocr_line' id='line_1_10' title="bbox 531 1440 1873 1543; baseline -0.012 -23"><span class='ocrx_word' id='word_1_40' title='bbox 531 1447 666 1520; x_wconf 82' lang='grc' dir='ltr'>Εἶτ’</span> <span class='ocrx_word' id='word_1_41' title='bbox 701 1450 814 1543; x_wconf 79' lang='grc' dir='ltr'><strong>οὐχ</strong></span> <span class='ocrx_word' id='word_1_42' title='bbox 842 1445 1124 1515; x_wconf 86' lang='grc' dir='ltr'>ἁπάντων</span> <span class='ocrx_word' id='word_1_43' title='bbox 1158 1446 1286 1513; x_wconf 81' lang='grc' dir='ltr'>ἐστὶ</span> <span class='ocrx_word' id='word_1_44' title='bbox 1317 1443 1391 1511; x_wconf 81' lang='grc' dir='ltr'><strong>τὸ</strong></span> <span class='ocrx_word' id='word_1_45' title='bbox 1426 1442 1656 1537; x_wconf 78' lang='grc' dir='ltr'>μεθύειν</span> <span class='ocrx_word' id='word_1_46' title='bbox 1691 1440 1873 1506; x_wconf 80' lang='grc' dir='ltr'>κακὸν</span> 
     </span>
     <span class='ocr_line' id='line_1_11' title="bbox 532 1545 1850 1652; baseline -0.014 -26"><span class='ocrx_word' id='word_1_47' title='bbox 532 1561 816 1652; x_wconf 78' lang='grc' dir='ltr'>μέγιστον</span> <span class='ocrx_word' id='word_1_48' title='bbox 843 1557 1203 1648; x_wconf 78' lang='grc' dir='ltr'>ἀνθρώποισι</span> <span class='ocrx_word' id='word_1_49' title='bbox 1224 1551 1325 1617; x_wconf 76' lang='grc' dir='ltr'><strong>καὶ</strong></span> <span class='ocrx_word' id='word_1_50' title='bbox 1350 1545 1850 1640; x_wconf 65' lang='grc' dir='ltr'>βλαὸερώτατον,</span> 
     </span>
     <span class='ocr_line' id='line_1_12' title="bbox 1191 1699 1250 1738; baseline 0.051 -3"><span class='ocrx_word' id='word_1_51' title='bbox 1191 1699 1250 1738; x_wconf 82' lang='lat'><strong>2.</strong></span> 
     </span>
     <span class='ocr_line' id='line_1_13' title="bbox 517 1783 2005 1871; baseline -0.013 -15"><span class='ocrx_word' id='word_1_52' title='bbox 517 1799 754 1856; x_wconf 85' lang='lat' dir='ltr'><strong>Antiatt.</strong></span> <span class='ocrx_word' id='word_1_53' title='bbox 789 1815 852 1871; x_wconf 87' lang='lat' dir='ltr'><strong>p.</strong></span> <span class='ocrx_word' id='word_1_54' title='bbox 883 1813 982 1869; x_wconf 78' lang='lat'><strong>9²·</strong></span> <span class='ocrx_word' id='word_1_55' title='bbox 1017 1793 1078 1862; x_wconf 85' lang='lat'><strong>5,</strong></span> <span class='ocrx_word' id='word_1_56' title='bbox 1109 1786 1438 1866; x_wconf 82' lang='grc' dir='ltr'>Ἐκκόψαι</span> <span class='ocrx_word' id='word_1_57' title='bbox 1468 1807 1483 1844; x_wconf 88' lang='lat'>:</span> <span class='ocrx_word' id='word_1_58' title='bbox 1515 1785 1632 1844; x_wconf 77' lang='grc' dir='ltr'>ἀντὶ</span> <span class='ocrx_word' id='word_1_59' title='bbox 1659 1786 1750 1842; x_wconf 78' lang='grc' dir='ltr'><strong>τοῦ</strong></span> <span class='ocrx_word' id='word_1_60' title='bbox 1790 1783 2005 1852; x_wconf 76' lang='grc' dir='ltr'>νικῆσαι</span> 
     </span>
     <span class='ocr_line' id='line_1_14' title="bbox 437 1873 2003 1956; baseline -0.011 -12"><span class='ocrx_word' id='word_1_61' title='bbox 437 1885 636 1952; x_wconf 75' lang='grc' dir='ltr'>κύὸοις.</span> <span class='ocrx_word' id='word_1_62' title='bbox 682 1878 802 1943; x_wconf 84' lang='grc' dir='ltr'>Ἄλ.</span> <span class='ocrx_word' id='word_1_63' title='bbox 859 1876 1164 1956; x_wconf 81' lang='grc' dir='ltr'><strong>Δακτυλίῳ.</strong></span> <span class='ocrx_word' id='word_1_64' title='bbox 1213 1876 1420 1934; x_wconf 81' lang='lat' dir='ltr'><strong>Suidas</strong></span> <span class='ocrx_word' id='word_1_65' title='bbox 1471 1885 1529 1931; x_wconf 92' lang='lat' dir='ltr'><strong>et</strong></span> <span class='ocrx_word' id='word_1_66' title='bbox 1575 1877 1825 1930; x_wconf 87' lang='lat' dir='ltr'><strong>Zonaras</strong></span> <span class='ocrx_word' id='word_1_67' title='bbox 1867 1873 2003 1928; x_wconf 86' lang='lat' dir='ltr'><strong>Lex.</strong></span> 
     </span>
     <span class='ocr_line' id='line_1_15' title="bbox 436 1955 2006 2051; baseline -0.011 -19"><span class='ocrx_word' id='word_1_68' title='bbox 436 1997 496 2051; x_wconf 85' lang='lat' dir='ltr'><strong>p.</strong></span> <span class='ocrx_word' id='word_1_69' title='bbox 529 1975 680 2046; x_wconf 83' lang='lat'><strong>671,</strong></span> <span class='ocrx_word' id='word_1_70' title='bbox 734 1965 1120 2042; x_wconf 82' lang='grc' dir='ltr'><strong>Ἐκκόψαι;</strong></span> <span class='ocrx_word' id='word_1_71' title='bbox 1165 1967 1398 2035; x_wconf 74' lang='grc' dir='ltr'>νικῆσαι.</span> <span class='ocrx_word' id='word_1_72' title='bbox 1437 1959 1601 2026; x_wconf 74' lang='grc' dir='ltr'>οὕτως</span> <span class='ocrx_word' id='word_1_73' title='bbox 1647 1955 1760 2020; x_wconf 74' lang='grc' dir='ltr'>Ἀλ.</span> <span class='ocrx_word' id='word_1_74' title='bbox 1813 1983 1842 2010; x_wconf 70' lang='grc' dir='ltr'>α</span> <span class='ocrx_word' id='word_1_75' title='bbox 1893 1957 2006 2015; x_wconf 86' lang='lat' dir='ltr'><strong>Sed</strong></span> 
     </span>
    </p>
   </div>
   <div class='ocr_carea' id='block_1_5' title="bbox 439 2043 2009 2206">
    <p class='ocr_par' dir='ltr' id='par_1_5' title="bbox 439 2043 2009 2206">
     <span class='ocr_line' id='line_1_16' title="bbox 439 2043 2009 2138; baseline -0.012 -19"><span class='ocrx_word' id='word_1_76' title='bbox 439 2075 614 2138; x_wconf 84' lang='lat' dir='ltr'><strong>poeta</strong></span> <span class='ocrx_word' id='word_1_77' title='bbox 637 2079 758 2117; x_wconf 89' lang='lat' dir='ltr'><strong>non</strong></span> <span class='ocrx_word' id='word_1_78' title='bbox 793 2054 1015 2136; x_wconf 71' lang='grc' dir='ltr'>ἐκκόψαι</span> <span class='ocrx_word' id='word_1_79' title='bbox 1045 2054 1412 2130; x_wconf 83' lang='lat' dir='ltr'><strong>simpliciter,</strong></span> <span class='ocrx_word' id='word_1_80' title='bbox 1447 2051 1548 2110; x_wconf 80' lang='lat' dir='ltr'><strong>sed</strong></span> <span class='ocrx_word' id='word_1_81' title='bbox 1575 2047 1795 2128; x_wconf 66' lang='grc' dir='ltr'>ἰκκόψαι</span> <span class='ocrx_word' id='word_1_82' title='bbox 1829 2043 2009 2110; x_wconf 75' lang='grc' dir='ltr'>κύὸοις</span> 
     </span>
     <span class='ocr_line' id='line_1_17' title="bbox 441 2149 948 2206; baseline -0.004 -2"><span class='ocrx_word' id='word_1_83' title='bbox 441 2149 674 2206; x_wconf 82' lang='lat' dir='ltr'><strong>dixerit.</strong></span> <span class='ocrx_word' id='word_1_84' title='bbox 711 2172 736 2197; x_wconf 63' lang='lat' dir='ltr'><strong>n</strong></span> <span class='ocrx_word' id='word_1_85' title='bbox 771 2149 948 2202; x_wconf 77' lang='lat' dir='ltr'><strong>Mein.</strong></span> 
     </span>
    </p>
   </div>
   <div class='ocr_carea' id='block_1_6' title="bbox 538 2279 1905 2356">
    <p class='ocr_par' dir='ltr' id='par_1_6' title="bbox 538 2279 1905 2356">
     <span class='ocr_line' id='line_1_18' title="bbox 538 2279 1905 2356; baseline -0.01 -5"><span class='ocrx_word' id='word_1_86' title='bbox 538 2289 779 2351; x_wconf 85' lang='lat' dir='ltr'><strong>xxvu.</strong></span> <span class='ocrx_word' id='word_1_87' title='bbox 825 2285 1311 2356; x_wconf 78' lang='grc' dir='ltr'><strong>ΔΗΜΗΤΡΙΟΣ,</strong></span> <span class='ocrx_word' id='word_1_88' title='bbox 1353 2279 1390 2353; x_wconf 79' lang='grc' dir='ltr'>ἢ</span> <span class='ocrx_word' id='word_1_89' title='bbox 1417 2281 1905 2342; x_wconf 81' lang='grc' dir='ltr'><strong>ΦΙΛΕΤΑΙΡΟΣ.</strong></span> 
     </span>
    </p>
   </div>
   <div class='ocr_carea' id='block_1_7' title="bbox 445 2404 2017 3021">
    <p class='ocr_par' dir='ltr' id='par_1_7' title="bbox 445 2404 2017 3021">
     <span class='ocr_line' id='line_1_19' title="bbox 530 2404 2011 2482; baseline -0.005 -18"><span class='ocrx_word' id='word_1_90' title='bbox 530 2439 555 2464; x_wconf 70' lang='grc' dir='ltr'><strong>«ι</strong></span> <span class='ocrx_word' id='word_1_91' title='bbox 591 2409 675 2471; x_wconf 84' lang='lat' dir='ltr'><strong>Ex</strong></span> <span class='ocrx_word' id='word_1_92' title='bbox 706 2411 914 2467; x_wconf 81' lang='lat' dir='ltr'>Athen.</span> <span class='ocrx_word' id='word_1_93' title='bbox 953 2414 1044 2476; x_wconf 86' lang='grc' dir='ltr'><strong>ι4,</strong></span> <span class='ocrx_word' id='word_1_94' title='bbox 1077 2427 1136 2482; x_wconf 89' lang='lat' dir='ltr'><strong>p.</strong></span> <span class='ocrx_word' id='word_1_95' title='bbox 1161 2406 1310 2477; x_wconf 86' lang='lat'><strong>663,</strong></span> <span class='ocrx_word' id='word_1_96' title='bbox 1346 2404 1422 2474; x_wconf 85' lang='lat' dir='ltr'><strong>C,</strong></span> <span class='ocrx_word' id='word_1_97' title='bbox 1463 2405 1759 2472; x_wconf 83' lang='lat' dir='ltr'><strong>discimus,</strong></span> <span class='ocrx_word' id='word_1_98' title='bbox 1798 2407 2011 2460; x_wconf 79' lang='lat' dir='ltr'><strong>Deme·</strong></span> 
     </span>
     <span class='ocr_line' id='line_1_20' title="bbox 447 2489 2013 2572; baseline -0.008 -14"><span class='ocrx_word' id='word_1_99' title='bbox 447 2503 617 2558; x_wconf 88' lang='lat' dir='ltr'><strong>trium</strong></span> <span class='ocrx_word' id='word_1_100' title='bbox 647 2499 812 2554; x_wconf 85' lang='lat' dir='ltr'><strong>fuisse</strong></span> <span class='ocrx_word' id='word_1_101' title='bbox 838 2497 1144 2572; x_wconf 80' lang='lat' dir='ltr'><strong>repetitam</strong></span> <span class='ocrx_word' id='word_1_102' title='bbox 1168 2495 1558 2550; x_wconf 80' lang='lat' dir='ltr'><strong>recensionem</strong></span> <span class='ocrx_word' id='word_1_103' title='bbox 1589 2492 1792 2548; x_wconf 75' lang='lat' dir='ltr'><strong>fabulae</strong></span> <span class='ocrx_word' id='word_1_104' title='bbox 1818 2489 2013 2547; x_wconf 86' lang='lat' dir='ltr'><strong>Phile-</strong></span> 
     </span>
     <span class='ocr_line' id='line_1_21' title="bbox 445 2579 2017 2659; baseline -0.006 -11"><span class='ocrx_word' id='word_1_105' title='bbox 445 2591 565 2648; x_wconf 83' lang='lat' dir='ltr'><strong>taeri</strong></span> <span class='ocrx_word' id='word_1_106' title='bbox 581 2588 814 2644; x_wconf 89' lang='lat' dir='ltr'><strong>nomine</strong></span> <span class='ocrx_word' id='word_1_107' title='bbox 841 2587 1138 2659; x_wconf 69' lang='lat' dir='ltr'><strong>inscriptae.</strong></span> <span class='ocrx_word' id='word_1_108' title='bbox 1165 2585 1290 2655; x_wconf 77' lang='lat' dir='ltr'><strong>Qua</strong></span> <span class='ocrx_word' id='word_1_109' title='bbox 1317 2584 1378 2638; x_wconf 90' lang='lat' dir='ltr'><strong>in</strong></span> <span class='ocrx_word' id='word_1_110' title='bbox 1404 2582 1599 2638; x_wconf 77' lang='lat' dir='ltr'><strong>fabula</strong></span> <span class='ocrx_word' id='word_1_111' title='bbox 1621 2582 1669 2636; x_wconf 89' lang='lat' dir='ltr'><strong>si</strong></span> <span class='ocrx_word' id='word_1_112' title='bbox 1691 2579 1788 2640; x_wconf 87' lang='lat' dir='ltr'><strong>Al.</strong></span> <span class='ocrx_word' id='word_1_113' title='bbox 1814 2583 2017 2638; x_wconf 88' lang='lat' dir='ltr'><strong>Deme-</strong></span> 
     </span>
     <span class='ocr_line' id='line_1_22' title="bbox 445 2670 2009 2743; baseline -0.01 -5"><span class='ocrx_word' id='word_1_114' title='bbox 445 2683 544 2738; x_wconf 83' lang='lat' dir='ltr'><strong>trii</strong></span> <span class='ocrx_word' id='word_1_115' title='bbox 587 2677 925 2736; x_wconf 79' lang='lat' dir='ltr'><strong>Poliorcetae</strong></span> <span class='ocrx_word' id='word_1_116' title='bbox 971 2673 1169 2732; x_wconf 86' lang='lat' dir='ltr'><strong>laudes</strong></span> <span class='ocrx_word' id='word_1_117' title='bbox 1207 2670 1547 2741; x_wconf 87' lang='lat' dir='ltr'><strong>celebravit,</strong></span> <span class='ocrx_word' id='word_1_118' title='bbox 1595 2679 1859 2743; x_wconf 85' lang='lat' dir='ltr'><strong>apertum</strong></span> <span class='ocrx_word' id='word_1_119' title='bbox 1895 2679 2009 2740; x_wconf 85' lang='lat' dir='ltr'><strong>est,</strong></span> 
     </span>
     <span class='ocr_line' id='line_1_23' title="bbox 447 2756 2015 2840; baseline -0.01 -13"><span class='ocrx_word' id='word_1_120' title='bbox 447 2769 823 2827; x_wconf 77' lang='lat' dir='ltr'><strong>illa-Athenaei</strong></span> <span class='ocrx_word' id='word_1_121' title='bbox 863 2767 920 2838; x_wconf 83' lang='lat'><strong>6,</strong></span> <span class='ocrx_word' id='word_1_122' title='bbox 960 2785 1017 2840; x_wconf 85' lang='lat' dir='ltr'><strong>p.</strong></span> <span class='ocrx_word' id='word_1_123' title='bbox 1047 2772 1189 2838; x_wconf 70' lang='lat'><strong>241,</strong></span> <span class='ocrx_word' id='word_1_124' title='bbox 1221 2765 1299 2837; x_wconf 92' lang='lat' dir='ltr'><strong>B,</strong></span> <span class='ocrx_word' id='word_1_125' title='bbox 1343 2762 1404 2817; x_wconf 84' lang='lat' dir='ltr'><strong>in</strong></span> <span class='ocrx_word' id='word_1_126' title='bbox 1431 2779 1548 2834; x_wconf 93' lang='lat' dir='ltr'><strong>quo</strong></span> <span class='ocrx_word' id='word_1_127' title='bbox 1583 2756 1844 2831; x_wconf 78' lang='lat' dir='ltr'><strong>Corydus</strong></span> <span class='ocrx_word' id='word_1_128' title='bbox 1872 2775 2015 2831; x_wconf 85' lang='lat' dir='ltr'><strong>per-</strong></span> 
     </span>
     <span class='ocr_line' id='line_1_24' title="bbox 447 2846 2016 2933; baseline -0.008 -19"><span class='ocrx_word' id='word_1_129' title='bbox 447 2859 760 2933; x_wconf 79' lang='lat' dir='ltr'><strong>stringitur,</strong></span> <span class='ocrx_word' id='word_1_130' title='bbox 801 2871 874 2910; x_wconf 84' lang='lat' dir='ltr'><strong>ex</strong></span> <span class='ocrx_word' id='word_1_131' title='bbox 901 2855 1088 2930; x_wconf 79' lang='lat' dir='ltr'><strong>prima</strong></span> <span class='ocrx_word' id='word_1_132' title='bbox 1123 2852 1374 2908; x_wconf 87' lang='lat' dir='ltr'><strong>editione</strong></span> <span class='ocrx_word' id='word_1_133' title='bbox 1398 2850 1575 2922; x_wconf 87' lang='lat' dir='ltr'><strong>petita</strong></span> <span class='ocrx_word' id='word_1_134' title='bbox 1605 2865 1744 2904; x_wconf 89' lang='lat' dir='ltr'><strong>esse.</strong></span> <span class='ocrx_word' id='word_1_135' title='bbox 1777 2846 2016 2920; x_wconf 83' lang='lat' dir='ltr'><strong>Egregie</strong></span> 
     </span>
     <span class='ocr_line' id='line_1_25' title="bbox 449 2937 2017 3021; baseline -0.008 -18"><span class='ocrx_word' id='word_1_136' title='bbox 449 2947 682 3021; x_wconf 84' lang='lat' dir='ltr'><strong>quidem</strong></span> <span class='ocrx_word' id='word_1_137' title='bbox 713 2945 786 3001; x_wconf 81' lang='lat' dir='ltr'><strong>fr.</strong></span> <span class='ocrx_word' id='word_1_138' title='bbox 835 2945 872 3001; x_wconf 89' lang='lat'>6</span> <span class='ocrx_word' id='word_1_139' title='bbox 903 2944 1176 3000; x_wconf 77' lang='lat' dir='ltr'><strong>convenit</strong></span> <span class='ocrx_word' id='word_1_140' title='bbox 1209 2942 1272 2997; x_wconf 90' lang='lat' dir='ltr'><strong>in</strong></span> <span class='ocrx_word' id='word_1_141' title='bbox 1306 2940 1656 2997; x_wconf 85' lang='lat' dir='ltr'><strong>Demetrium</strong></span> <span class='ocrx_word' id='word_1_142' title='bbox 1691 2937 2017 3010; x_wconf 80' lang='lat' dir='ltr'><strong>juveniliter</strong></span> 
     </span>
    </p>
   </div>
   <div class='ocr_carea' id='block_1_8' title="bbox 451 3026 2035 3104">
    <p class='ocr_par' dir='ltr' id='par_1_8' title="bbox 451 3026 2035 3104">
     <span class='ocr_line' id='line_1_26' title="bbox 451 3026 2035 3104; baseline -0.008 -11"><span class='ocrx_word' id='word_1_143' title='bbox 451 3038 861 3104; x_wconf 79' lang='lat' dir='ltr'><strong>lascivientem3</strong></span> <span class='ocrx_word' id='word_1_144' title='bbox 884 3032 988 3089; x_wconf 85' lang='lat' dir='ltr'><strong>sed</strong></span> <span class='ocrx_word' id='word_1_145' title='bbox 1008 3030 1193 3087; x_wconf 82' lang='lat' dir='ltr'><strong>fateor</strong></span> <span class='ocrx_word' id='word_1_146' title='bbox 1215 3041 1426 3099; x_wconf 86' lang='lat' dir='ltr'><strong>tamen,</strong></span> <span class='ocrx_word' id='word_1_147' title='bbox 1455 3027 1606 3083; x_wconf 87' lang='lat' dir='ltr'><strong>hanc</strong></span> <span class='ocrx_word' id='word_1_148' title='bbox 1632 3026 1800 3083; x_wconf 77' lang='lat' dir='ltr'><strong>valde</strong></span> <span class='ocrx_word' id='word_1_149' title='bbox 1828 3028 2035 3097; x_wconf 37' lang='lat' dir='ltr'><strong>incer(</strong></span> 
     </span>
    </p>
   </div>
   <div class='ocr_carea' id='block_1_9' title="bbox 450 3116 2017 3460">
    <p class='ocr_par' dir='ltr' id='par_1_9' title="bbox 450 3116 2017 3460">
     <span class='ocr_line' id='line_1_27' title="bbox 451 3116 2017 3197; baseline -0.007 -15"><span class='ocrx_word' id='word_1_150' title='bbox 451 3139 566 3182; x_wconf 88' lang='lat' dir='ltr'><strong>tam</strong></span> <span class='ocrx_word' id='word_1_151' title='bbox 603 3142 722 3181; x_wconf 87' lang='lat' dir='ltr'><strong>esse</strong></span> <span class='ocrx_word' id='word_1_152' title='bbox 759 3122 1164 3197; x_wconf 79' lang='lat' dir='ltr'><strong>suspicionem.</strong></span> <span class='ocrx_word' id='word_1_153' title='bbox 1203 3120 1401 3175; x_wconf 80' lang='lat' dir='ltr'><strong>Latine</strong></span> <span class='ocrx_word' id='word_1_154' title='bbox 1439 3117 1555 3173; x_wconf 86' lang='lat' dir='ltr'><strong>hoc</strong></span> <span class='ocrx_word' id='word_1_155' title='bbox 1583 3116 1780 3173; x_wconf 82' lang='lat' dir='ltr'><strong>drama</strong></span> <span class='ocrx_word' id='word_1_156' title='bbox 1823 3116 2017 3172; x_wconf 88' lang='lat' dir='ltr'><strong>reddi·</strong></span> 
     </span>
     <span class='ocr_line' id='line_1_28' title="bbox 451 3204 2013 3287; baseline -0.005 -18"><span class='ocrx_word' id='word_1_157' title='bbox 451 3214 599 3269; x_wconf 90' lang='lat' dir='ltr'><strong>disse</strong></span> <span class='ocrx_word' id='word_1_158' title='bbox 624 3221 860 3287; x_wconf 86' lang='lat' dir='ltr'><strong>putatur</strong></span> <span class='ocrx_word' id='word_1_159' title='bbox 886 3210 1177 3285; x_wconf 83' lang='lat' dir='ltr'><strong>Turpilius</strong></span> <span class='ocrx_word' id='word_1_160' title='bbox 1203 3227 1218 3263; x_wconf 72' lang='grc' dir='ltr'>ε</span> <span class='ocrx_word' id='word_1_161' title='bbox 1249 3227 1307 3263; x_wconf 77' lang='lat' dir='ltr'><strong>v.</strong></span> <span class='ocrx_word' id='word_1_162' title='bbox 1344 3207 1584 3266; x_wconf 87' lang='lat' dir='ltr'><strong>Casaub.</strong></span> <span class='ocrx_word' id='word_1_163' title='bbox 1610 3206 1684 3262; x_wconf 83' lang='lat' dir='ltr'><strong>ad</strong></span> <span class='ocrx_word' id='word_1_164' title='bbox 1719 3205 1928 3264; x_wconf 82' lang='lat' dir='ltr'><strong>Athen.</strong></span> <span class='ocrx_word' id='word_1_165' title='bbox 1954 3204 2013 3274; x_wconf 89' lang='grc'><strong>8,</strong></span> 
     </span>
     <span class='ocr_line' id='line_1_29' title="bbox 450 3293 2017 3377; baseline -0.008 -17"><span class='ocrx_word' id='word_1_166' title='bbox 450 3322 512 3377; x_wconf 84' lang='lat' dir='ltr'><strong>p.</strong></span> <span class='ocrx_word' id='word_1_167' title='bbox 543 3300 683 3370; x_wconf 85' lang='grc'><strong>338,</strong></span> <span class='ocrx_word' id='word_1_168' title='bbox 707 3303 782 3371; x_wconf 91' lang='lat' dir='ltr'><strong>D,</strong></span> <span class='ocrx_word' id='word_1_169' title='bbox 809 3310 869 3355; x_wconf 87' lang='lat' dir='ltr'><strong>et</strong></span> <span class='ocrx_word' id='word_1_170' title='bbox 885 3296 1036 3357; x_wconf 88' lang='lat' dir='ltr'><strong>Scal.</strong></span> <span class='ocrx_word' id='word_1_171' title='bbox 1059 3297 1139 3353; x_wconf 81' lang='lat' dir='ltr'><strong>ad</strong></span> <span class='ocrx_word' id='word_1_172' title='bbox 1157 3299 1321 3353; x_wconf 88' lang='lat' dir='ltr'><strong>Varr.</strong></span> <span class='ocrx_word' id='word_1_173' title='bbox 1354 3296 1412 3366; x_wconf 88' lang='grc'><strong>6,</strong></span> <span class='ocrx_word' id='word_1_174' title='bbox 1445 3314 1510 3369; x_wconf 86' lang='lat' dir='ltr'><strong>p.</strong></span> <span class='ocrx_word' id='word_1_175' title='bbox 1540 3293 1654 3361; x_wconf 77' lang='lat'><strong>248</strong></span> <span class='ocrx_word' id='word_1_176' title='bbox 1676 3296 1808 3370; x_wconf 89' lang='lat' dir='ltr'><strong>Bip.</strong></span> <span class='ocrx_word' id='word_1_177' title='bbox 1839 3296 2017 3349; x_wconf 80' lang='lat' dir='ltr'><strong>Naevii</strong></span> 
     </span>
     <span class='ocr_line' id='line_1_30' title="bbox 451 3380 2015 3460; baseline -0.006 -14"><span class='ocrx_word' id='word_1_178' title='bbox 451 3388 806 3446; x_wconf 87' lang='lat' dir='ltr'><strong>Demetrium</strong></span> <span class='ocrx_word' id='word_1_179' title='bbox 825 3386 1101 3442; x_wconf 84' lang='lat' dir='ltr'><strong>habemus</strong></span> <span class='ocrx_word' id='word_1_180' title='bbox 1123 3383 1279 3460; x_wconf 85' lang='lat' dir='ltr'><strong>apud</strong></span> <span class='ocrx_word' id='word_1_181' title='bbox 1297 3386 1614 3441; x_wconf 86' lang='lat' dir='ltr'><strong>Varronem</strong></span> <span class='ocrx_word' id='word_1_182' title='bbox 1641 3381 1682 3441; x_wconf 90' lang='lat' dir='ltr'><strong>l.</strong></span> <span class='ocrx_word' id='word_1_183' title='bbox 1712 3382 1752 3437; x_wconf 94' lang='lat' dir='ltr'><strong>l.</strong></span> <span class='ocrx_word' id='word_1_184' title='bbox 1787 3406 1810 3431; x_wconf 72' lang='grc' dir='ltr'><strong>υ</strong></span> <span class='ocrx_word' id='word_1_185' title='bbox 1849 3382 1900 3435; x_wconf 83' lang='grc' dir='ltr'><em>Ε</em></span> <span class='ocrx_word' id='word_1_186' title='bbox 1928 3380 2015 3437; x_wconf 90' lang='lat' dir='ltr'><strong>M.</strong></span> 
     </span>
    </p>
   </div>
   <div class='ocr_carea' id='block_1_10' title="bbox 537 3516 2021 3679">
    <p class='ocr_par' dir='ltr' id='par_1_10' title="bbox 537 3516 2021 3679">
     <span class='ocr_line' id='line_1_31' title="bbox 1213 3516 1265 3555; baseline 0.038 -2"><span class='ocrx_word' id='word_1_187' title='bbox 1213 3516 1265 3555; x_wconf 88' lang='lat'><strong>1.</strong></span> 
     </span>
     <span class='ocr_line' id='line_1_32' title="bbox 537 3592 2021 3679; baseline -0.007 -16"><span class='ocrx_word' id='word_1_188' title='bbox 537 3606 742 3663; x_wconf 83' lang='lat' dir='ltr'><strong>Athen.</strong></span> <span class='ocrx_word' id='word_1_189' title='bbox 773 3603 831 3675; x_wconf 88' lang='grc'><strong>8,</strong></span> <span class='ocrx_word' id='word_1_190' title='bbox 851 3624 913 3679; x_wconf 89' lang='lat' dir='ltr'><strong>p.</strong></span> <span class='ocrx_word' id='word_1_191' title='bbox 943 3601 1086 3675; x_wconf 82' lang='lat'><strong>338,</strong></span> <span class='ocrx_word' id='word_1_192' title='bbox 1105 3604 1158 3659; x_wconf 90' lang='lat' dir='ltr'>D</span> <span class='ocrx_word' id='word_1_193' title='bbox 1187 3622 1204 3657; x_wconf 69' lang='grc' dir='ltr'>ε</span> <span class='ocrx_word' id='word_1_194' title='bbox 1226 3598 1345 3660; x_wconf 79' lang='grc' dir='ltr'>Ἀλ.</span> <span class='ocrx_word' id='word_1_195' title='bbox 1371 3600 1419 3657; x_wconf 81' lang='grc' dir='ltr'><strong>δ’</strong></span> <span class='ocrx_word' id='word_1_196' title='bbox 1441 3600 1496 3657; x_wconf 76' lang='grc' dir='ltr'>ἐν</span> <span class='ocrx_word' id='word_1_197' title='bbox 1513 3594 1806 3674; x_wconf 77' lang='grc' dir='ltr'><strong>Δημητρίῳ</strong></span> <span class='ocrx_word' id='word_1_198' title='bbox 1831 3592 2021 3656; x_wconf 83' lang='grc' dir='ltr'>Φάῢλ·</span> 
     </span>
    </p>
   </div>
   <div class='ocr_carea' id='block_1_11' title="bbox 453 3684 1900 4113">
    <p class='ocr_par' dir='ltr' id='par_1_11' title="bbox 453 3684 1900 4113">
     <span class='ocr_line' id='line_1_33' title="bbox 453 3684 1638 3769; baseline -0.007 -20"><span class='ocrx_word' id='word_1_199' title='bbox 453 3690 542 3749; x_wconf 84' lang='grc' dir='ltr'>λόν</span> <span class='ocrx_word' id='word_1_200' title='bbox 569 3714 684 3750; x_wconf 86' lang='grc' dir='ltr'>τινα</span> <span class='ocrx_word' id='word_1_201' title='bbox 707 3690 956 3769; x_wconf 81' lang='grc' dir='ltr'>κωμῳδεῖ</span> <span class='ocrx_word' id='word_1_202' title='bbox 977 3690 1048 3755; x_wconf 77' lang='grc' dir='ltr'><strong>ὡς</strong></span> <span class='ocrx_word' id='word_1_203' title='bbox 1075 3687 1312 3769; x_wconf 80' lang='grc' dir='ltr'>φίλιχθυν</span> <span class='ocrx_word' id='word_1_204' title='bbox 1333 3686 1386 3743; x_wconf 80' lang='grc' dir='ltr'>ἐν</span> <span class='ocrx_word' id='word_1_205' title='bbox 1408 3684 1605 3750; x_wconf 80' lang='grc' dir='ltr'>τούτοις</span> <span class='ocrx_word' id='word_1_206' title='bbox 1621 3730 1638 3757; x_wconf 93' lang='grc'><strong>,</strong></span> 
     </span>
     <span class='ocr_line' id='line_1_34' title="bbox 555 3798 1881 3903; baseline -0.007 -29"><span class='ocrx_word' id='word_1_207' title='bbox 555 3808 851 3903; x_wconf 76' lang='grc' dir='ltr'>Πρότερον</span> <span class='ocrx_word' id='word_1_208' title='bbox 881 3807 990 3899; x_wconf 79' lang='grc' dir='ltr'><strong>μὲν</strong></span> <span class='ocrx_word' id='word_1_209' title='bbox 1022 3806 1074 3871; x_wconf 83' lang='grc' dir='ltr'>εἰ</span> <span class='ocrx_word' id='word_1_210' title='bbox 1105 3807 1374 3870; x_wconf 81' lang='grc' dir='ltr'>πνεύσειε</span> <span class='ocrx_word' id='word_1_211' title='bbox 1407 3805 1614 3895; x_wconf 82' lang='grc' dir='ltr'>βορρᾶς</span> <span class='ocrx_word' id='word_1_212' title='bbox 1643 3798 1679 3872; x_wconf 77' lang='grc' dir='ltr'>ἢ</span> <span class='ocrx_word' id='word_1_213' title='bbox 1715 3799 1881 3876; x_wconf 82' lang='grc' dir='ltr'>νότος</span> 
     </span>
     <span class='ocr_line' id='line_1_35' title="bbox 555 3900 1878 4008; baseline -0.008 -29"><span class='ocrx_word' id='word_1_214' title='bbox 555 3918 614 3981; x_wconf 81' lang='grc' dir='ltr'>ἐν</span> <span class='ocrx_word' id='word_1_215' title='bbox 643 3924 718 4008; x_wconf 77' lang='grc' dir='ltr'><strong>τῇ</strong></span> <span class='ocrx_word' id='word_1_216' title='bbox 747 3914 1012 4003; x_wconf 78' lang='grc' dir='ltr'>θαλάττῃ</span> <span class='ocrx_word' id='word_1_217' title='bbox 1045 3910 1321 4002; x_wconf 83' lang='grc' dir='ltr'>λαμπρὸς</span> <span class='ocrx_word' id='word_1_218' title='bbox 1343 3958 1360 3993; x_wconf 91' lang='grc'><strong>,</strong></span> <span class='ocrx_word' id='word_1_219' title='bbox 1395 3908 1557 3999; x_wconf 81' lang='grc' dir='ltr'>ἰχθῦς</span> <span class='ocrx_word' id='word_1_220' title='bbox 1587 3910 1694 3973; x_wconf 84' lang='grc' dir='ltr'><strong>οὐκ</strong></span> <span class='ocrx_word' id='word_1_221' title='bbox 1714 3900 1784 3971; x_wconf 75' lang='grc' dir='ltr'>ἂν</span> <span class='ocrx_word' id='word_1_222' title='bbox 1807 3902 1878 3977; x_wconf 73' lang='grc' dir='ltr'>ἦν</span> 
     </span>
     <span class='ocr_line' id='line_1_36' title="bbox 552 4008 1900 4113; baseline -0.007 -29"><span class='ocrx_word' id='word_1_223' title='bbox 552 4010 752 4084; x_wconf 79' lang='grc' dir='ltr'>οὐδενὶ</span> <span class='ocrx_word' id='word_1_224' title='bbox 779 4024 1007 4109; x_wconf 78' lang='grc' dir='ltr'>φαγεῖν·</span> <span class='ocrx_word' id='word_1_225' title='bbox 1033 4014 1155 4081; x_wconf 80' lang='grc' dir='ltr'>’νυνὶ</span> <span class='ocrx_word' id='word_1_226' title='bbox 1183 4008 1256 4082; x_wconf 83' lang='grc' dir='ltr'><strong>δὲ</strong></span> <span class='ocrx_word' id='word_1_227' title='bbox 1276 4014 1420 4113; x_wconf 65' lang='grc' dir='ltr'>πρρς</span> <span class='ocrx_word' id='word_1_228' title='bbox 1442 4020 1568 4089; x_wconf 85' lang='grc' dir='ltr'>τοῖς</span> <span class='ocrx_word' id='word_1_229' title='bbox 1603 4014 1900 4103; x_wconf 80' lang='grc' dir='ltr'>πνεύμασι</span> 
     </span>
    </p>
   </div>
   <div class='ocr_carea' id='block_1_12' title="bbox 459 4196 2026 4777">
    <p class='ocr_par' dir='ltr' id='par_1_12' title="bbox 459 4196 2026 4777">
     <span class='ocr_line' id='line_1_37' title="bbox 1215 4196 1268 4246; baseline 0.019 -1"><span class='ocrx_word' id='word_1_230' title='bbox 1215 4196 1268 4246; x_wconf 80' lang='lat'><strong>2.</strong></span> 
     </span>
     <span class='ocr_line' id='line_1_38' title="bbox 597 4275 1418 4349; baseline -0.005 -14"><span class='ocrx_word' id='word_1_231' title='bbox 597 4308 670 4321; x_wconf 93' lang='lat'><strong>—-</strong></span> <span class='ocrx_word' id='word_1_232' title='bbox 696 4277 811 4334; x_wconf 88' lang='lat' dir='ltr'><strong>Scit</strong></span> <span class='ocrx_word' id='word_1_233' title='bbox 831 4276 964 4334; x_wconf 85' lang='lat' dir='ltr'><strong>Cilix</strong></span> <span class='ocrx_word' id='word_1_234' title='bbox 989 4275 1079 4332; x_wconf 86' lang='lat' dir='ltr'><strong>hic</strong></span> <span class='ocrx_word' id='word_1_235' title='bbox 1101 4275 1418 4349; x_wconf 85' lang='lat' dir='ltr'><strong>Hippoeles‚</strong></span> 
     </span>
     <span class='ocr_line' id='line_1_39' title="bbox 459 4362 1530 4436; baseline -0.008 -12"><span class='ocrx_word' id='word_1_236' title='bbox 459 4363 772 4424; x_wconf 78' lang='lat' dir='ltr'><strong>salsamenti</strong></span> <span class='ocrx_word' id='word_1_237' title='bbox 797 4365 852 4420; x_wconf 88' lang='lat' dir='ltr'><strong>in</strong></span> <span class='ocrx_word' id='word_1_238' title='bbox 865 4362 1085 4436; x_wconf 81' lang='lat' dir='ltr'><strong>jusculo</strong></span> <span class='ocrx_word' id='word_1_239' title='bbox 1104 4362 1338 4435; x_wconf 86' lang='lat' dir='ltr'><strong>cupidus</strong></span> <span class='ocrx_word' id='word_1_240' title='bbox 1361 4370 1530 4419; x_wconf 86' lang='lat' dir='ltr'><strong>actor.</strong></span> 
     </span>
     <span class='ocr_line' id='line_1_40' title="bbox 1056 4452 1426 4508; baseline -0.005 0"><span class='ocrx_word' id='word_1_241' title='bbox 1056 4452 1426 4508; x_wconf 81' lang='lat' dir='ltr'><strong>ANNULUS.</strong></span> 
     </span>
     <span class='ocr_line' id='line_1_41' title="bbox 460 4535 1707 4599; baseline -0.007 0"><span class='ocrx_word' id='word_1_242' title='bbox 460 4540 706 4599; x_wconf 82' lang='lat' dir='ltr'><strong>Tandem</strong></span> <span class='ocrx_word' id='word_1_243' title='bbox 727 4554 840 4595; x_wconf 87' lang='lat' dir='ltr'><strong>non</strong></span> <span class='ocrx_word' id='word_1_244' title='bbox 865 4545 948 4597; x_wconf 82' lang='lat' dir='ltr'><strong>est</strong></span> <span class='ocrx_word' id='word_1_245' title='bbox 971 4537 1217 4595; x_wconf 88' lang='lat' dir='ltr'><strong>omnium</strong></span> <span class='ocrx_word' id='word_1_246' title='bbox 1241 4536 1474 4594; x_wconf 86' lang='lat' dir='ltr'><strong>ebrietas</strong></span> <span class='ocrx_word' id='word_1_247' title='bbox 1501 4535 1707 4592; x_wconf 87' lang='lat' dir='ltr'><strong>malum</strong></span> 
     </span>
     <span class='ocr_line' id='line_1_42' title="bbox 465 4620 2026 4698; baseline -0.006 -13"><span class='ocrx_word' id='word_1_248' title='bbox 465 4629 758 4686; x_wconf 88' lang='lat' dir='ltr'><strong>maximum</strong></span> <span class='ocrx_word' id='word_1_249' title='bbox 810 4625 1126 4684; x_wconf 86' lang='lat' dir='ltr'><strong>bominibus</strong></span> <span class='ocrx_word' id='word_1_250' title='bbox 1186 4634 1246 4683; x_wconf 83' lang='lat' dir='ltr'><strong>et</strong></span> <span class='ocrx_word' id='word_1_251' title='bbox 1311 4624 1734 4698; x_wconf 84' lang='lat' dir='ltr'><strong>reprehensione</strong></span> <span class='ocrx_word' id='word_1_252' title='bbox 1778 4620 2026 4693; x_wconf 83' lang='lat' dir='ltr'><strong>dignissi-</strong></span> 
     </span>
     <span class='ocr_line' id='line_1_43' title="bbox 1793 4712 2026 4777; baseline 0 -14"><span class='ocrx_word' id='word_1_253' title='bbox 1793 4712 1812 4777; x_wconf 92' lang='lat'>[</span> <span class='ocrx_word' id='word_1_254' title='bbox 1832 4722 1986 4763; x_wconf 89' lang='lat' dir='ltr'><strong>mum</strong></span> <span class='ocrx_word' id='word_1_255' title='bbox 2003 4712 2026 4763; x_wconf 75' lang='grc' dir='ltr'>Ρ</span> 
     </span>
    </p>
   </div>
   <div class='ocr_carea' id='block_1_13' title="bbox 592 4772 2041 4897">
    <p class='ocr_par' dir='ltr' id='par_1_13' title="bbox 592 4772 2041 4897">
     <span class='ocr_line' id='line_1_44' title="bbox 592 4772 2041 4897; baseline -0.001 -39"><span class='ocrx_word' id='word_1_256' title='bbox 592 4802 1052 4869; x_wconf 75' lang='lat' dir='ltr'><strong>DEMETmth,</strong></span> <span class='ocrx_word' id='word_1_257' title='bbox 1087 4772 1614 4859; x_wconf 72' lang='lat' dir='ltr'><strong>sivo&#39;sonALmM</strong></span> <span class='ocrx_word' id='word_1_258' title='bbox 1650 4796 1923 4857; x_wconf 75' lang='lat' dir='ltr'><strong>AMANS.</strong></span> <span class='ocrx_word' id='word_1_259' title='bbox 2016 4876 2041 4897; x_wconf 44' lang='lat'><strong><em>‘</em></strong></span> 
     </span>
    </p>
   </div>
   <div class='ocr_carea' id='block_1_14' title="bbox 535 4892 1816 5046">
    <p class='ocr_par' dir='ltr' id='par_1_14' title="bbox 535 4892 1816 5046">
     <span class='ocr_line' id='line_1_45' title="bbox 535 4892 1816 5046; baseline 0 -15"><span class='ocrx_word' id='word_1_260' title='bbox 535 4972 784 5031; x_wconf 86' lang='lat' dir='ltr'><strong>Antehac</strong></span> <span class='ocrx_word' id='word_1_261' title='bbox 801 4971 1046 5046; x_wconf 84' lang='lat' dir='ltr'><strong>quidem,</strong></span> <span class='ocrx_word' id='word_1_262' title='bbox 1071 4972 1120 5031; x_wconf 88' lang='lat' dir='ltr'><strong>si</strong></span> <span class='ocrx_word' id='word_1_263' title='bbox 1145 4892 1338 5032; x_wconf 53' lang='lat' dir='ltr'><strong>bozeas</strong></span> <span class='ocrx_word' id='word_1_264' title='bbox 1361 4974 1529 5032; x_wconf 83' lang='lat' dir='ltr'><strong>flabat</strong></span> <span class='ocrx_word' id='word_1_265' title='bbox 1551 4974 1634 5031; x_wconf 86' lang='lat' dir='ltr'><strong>vel</strong></span> <span class='ocrx_word' id='word_1_266' title='bbox 1656 4982 1816 5031; x_wconf 85' lang='lat' dir='ltr'><strong>notus</strong></span> 
     </span>
    </p>
   </div>
   <div class='ocr_carea' id='block_1_15' title="bbox 533 5060 1778 5215">
    <p class='ocr_par' dir='ltr' id='par_1_15' title="bbox 533 5060 1778 5215">
     <span class='ocr_line' id='line_1_46' title="bbox 533 5060 1778 5136; baseline -0.002 -18"><span class='ocrx_word' id='word_1_267' title='bbox 533 5064 590 5119; x_wconf 92' lang='lat' dir='ltr'><strong>in</strong></span> <span class='ocrx_word' id='word_1_268' title='bbox 619 5061 755 5118; x_wconf 87' lang='lat' dir='ltr'><strong>mari</strong></span> <span class='ocrx_word' id='word_1_269' title='bbox 778 5060 1092 5131; x_wconf 85' lang='lat' dir='ltr'><strong>vehemens,</strong></span> <span class='ocrx_word' id='word_1_270' title='bbox 1121 5063 1361 5135; x_wconf 84' lang='lat' dir='ltr'><strong>piscibus</strong></span> <span class='ocrx_word' id='word_1_271' title='bbox 1383 5078 1548 5119; x_wconf 88' lang='lat' dir='ltr'><strong>nemo</strong></span> <span class='ocrx_word' id='word_1_272' title='bbox 1568 5068 1778 5136; x_wconf 87' lang='lat' dir='ltr'><strong>poterat</strong></span> 
     </span>
     <span class='ocr_line' id='line_1_47' title="bbox 536 5146 1578 5215; baseline 0.002 -13"><span class='ocrx_word' id='word_1_273' title='bbox 536 5147 712 5215; x_wconf 85' lang='lat' dir='ltr'><strong>vesci;</strong></span> <span class='ocrx_word' id='word_1_274' title='bbox 741 5162 892 5203; x_wconf 90' lang='lat' dir='ltr'><strong>nunc</strong></span> <span class='ocrx_word' id='word_1_275' title='bbox 915 5155 1102 5203; x_wconf 87' lang='lat' dir='ltr'><strong>autem</strong></span> <span class='ocrx_word' id='word_1_276' title='bbox 1127 5146 1196 5205; x_wconf 80' lang='lat' dir='ltr'><strong>nd</strong></span> <span class='ocrx_word' id='word_1_277' title='bbox 1217 5147 1335 5205; x_wconf 83' lang='lat' dir='ltr'><strong>haec</strong></span> <span class='ocrx_word' id='word_1_278' title='bbox 1359 5148 1578 5205; x_wconf 84' lang='lat' dir='ltr'><strong>flamina</strong></span> 
     </span>
    </p>
   </div>
   <div class='ocr_carea' id='block_1_16' title="bbox 537 5234 1594 5309">
    <p class='ocr_par' dir='ltr' id='par_1_16' title="bbox 537 5234 1594 5309">
     <span class='ocr_line' id='line_1_48' title="bbox 537 5234 1594 5309; baseline -0.001 -18"><span class='ocrx_word' id='word_1_279' title='bbox 537 5234 790 5305; x_wconf 82' lang='lat' dir='ltr'><strong>Phayllus</strong></span> <span class='ocrx_word' id='word_1_280' title='bbox 818 5235 1044 5293; x_wconf 82' lang='lat' dir='ltr'><strong>accessit</strong></span> <span class='ocrx_word' id='word_1_281' title='bbox 1069 5237 1226 5294; x_wconf 80' lang='lat' dir='ltr'><strong>tertia</strong></span> <span class='ocrx_word' id='word_1_282' title='bbox 1253 5244 1550 5309; x_wconf 79' lang='lat' dir='ltr'><strong>tempestas</strong></span> <span class='ocrx_word' id='word_1_283' title='bbox 1581 5254 1594 5290; x_wconf 77' lang='grc' dir='ltr'>ι</span> 
     </span>
    </p>
   </div>
   <div class='ocr_carea' id='block_1_17' title="bbox 2040 1097 2049 1258">
    <p class='ocr_par' dir='ltr' id='par_1_17' title="bbox 2040 1097 2049 1258">
     <span class='ocr_line' id='line_1_49' title="bbox 2040 1097 2049 1258; baseline 0 4592"><span class='ocrx_word' id='word_1_284' title='bbox 2040 1097 2049 1258; x_wconf 95' lang='lat' dir='ltr'><strong> </strong></span> 
     </span>
    </p>
   </div>
   <div class='ocr_carea' id='block_1_18' title="bbox 1437 406 2623 481">
    <p class='ocr_par' dir='ltr' id='par_1_18' title="bbox 1437 406 2623 481">
     <span class='ocr_line' id='line_1_50' title="bbox 1437 406 2623 481; baseline -0.013 -6"><span class='ocrx_word' id='word_1_285' title='bbox 1437 413 1712 475; x_wconf 74' lang='lat' dir='ltr'><strong>MEmAE</strong></span> <span class='ocrx_word' id='word_1_286' title='bbox 1755 410 2170 472; x_wconf 80' lang='lat' dir='ltr'><strong>COMOEmAE</strong></span> <span class='ocrx_word' id='word_1_287' title='bbox 2214 406 2623 481; x_wconf 75' lang='lat' dir='ltr'><strong>RELIQUIAE.</strong></span> 
     </span>
    </p>
   </div>
   <div class='ocr_carea' id='block_1_19' title="bbox 2044 522 3723 1901">
    <p class='ocr_par' dir='ltr' id='par_1_19' title="bbox 2044 522 3723 1901">
     <span class='ocr_line' id='line_1_51' title="bbox 2184 522 3629 630; baseline -0.006 -20"><span class='ocrx_word' id='word_1_288' title='bbox 2184 544 2423 618; x_wconf 84' lang='grc' dir='ltr'>τούτοις</span> <span class='ocrx_word' id='word_1_289' title='bbox 2456 537 2733 614; x_wconf 84' lang='grc' dir='ltr'>Φάϋλλος</span> <span class='ocrx_word' id='word_1_290' title='bbox 2778 539 3137 630; x_wconf 82' lang='grc' dir='ltr'>προσγέγονε</span> <span class='ocrx_word' id='word_1_291' title='bbox 3177 537 3406 629; x_wconf 78' lang='grc' dir='ltr'>χειμὼν</span> <span class='ocrx_word' id='word_1_292' title='bbox 3427 522 3629 628; x_wconf 60' lang='grc' dir='ltr'>τρίτος·</span> 
     </span>
     <span class='ocr_line' id='line_1_52' title="bbox 2091 641 3391 740; baseline -0.003 -26"><span class='ocrx_word' id='word_1_293' title='bbox 2091 643 2130 714; x_wconf 86' lang='grc'><em>5</em></span> <span class='ocrx_word' id='word_1_294' title='bbox 2186 644 2334 712; x_wconf 77' lang='grc' dir='ltr'>ἐπὰν</span> <span class='ocrx_word' id='word_1_295' title='bbox 2354 644 2467 740; x_wconf 76' lang='grc' dir='ltr'><strong>γὰρ</strong></span> <span class='ocrx_word' id='word_1_296' title='bbox 2494 643 2537 738; x_wconf 71' lang='grc' dir='ltr'><strong><em>ἦ</em></strong></span> <span class='ocrx_word' id='word_1_297' title='bbox 2565 641 2823 735; x_wconf 79' lang='grc' dir='ltr'>’κνεφίας</span> <span class='ocrx_word' id='word_1_298' title='bbox 2856 643 3211 735; x_wconf 77' lang='grc' dir='ltr'>καταιγίσας</span> <span class='ocrx_word' id='word_1_299' title='bbox 3238 646 3391 737; x_wconf 73' lang='grc' dir='ltr'>τύχη</span> 
     </span>
     <span class='ocr_line' id='line_1_53' title="bbox 2188 747 3566 845; baseline -0.003 -27"><span class='ocrx_word' id='word_1_300' title='bbox 2188 753 2269 830; x_wconf 83' lang='grc' dir='ltr'>εἰς</span> <span class='ocrx_word' id='word_1_301' title='bbox 2296 757 2405 826; x_wconf 76' lang='grc' dir='ltr'><strong>τὴν</strong></span> <span class='ocrx_word' id='word_1_302' title='bbox 2428 749 2673 844; x_wconf 78' lang='grc' dir='ltr'>ἀγορὰν,</span> <span class='ocrx_word' id='word_1_303' title='bbox 2704 747 2921 838; x_wconf 83' lang='grc' dir='ltr'>τοῦψον</span> <span class='ocrx_word' id='word_1_304' title='bbox 2942 748 3271 842; x_wconf 84' lang='grc' dir='ltr'>πριάμενος</span> <span class='ocrx_word' id='word_1_305' title='bbox 3298 750 3521 845; x_wconf 76' lang='grc' dir='ltr'>οἴχεται</span> <span class='ocrx_word' id='word_1_306' title='bbox 3548 799 3566 832; x_wconf 89' lang='grc'><strong>,</strong></span> 
     </span>
     <span class='ocr_line' id='line_1_54' title="bbox 2187 853 3437 950; baseline -0.003 -26"><span class='ocrx_word' id='word_1_307' title='bbox 2187 859 2373 950; x_wconf 80' lang='grc' dir='ltr'>φέρων</span> <span class='ocrx_word' id='word_1_308' title='bbox 2410 857 2569 923; x_wconf 85' lang='grc' dir='ltr'>ἅπαν</span> <span class='ocrx_word' id='word_1_309' title='bbox 2595 855 2668 922; x_wconf 80' lang='grc' dir='ltr'><strong>τὸ</strong></span> <span class='ocrx_word' id='word_1_310' title='bbox 2693 853 2957 946; x_wconf 79' lang='grc' dir='ltr'>λειφθὲν,</span> <span class='ocrx_word' id='word_1_311' title='bbox 2984 858 3143 922; x_wconf 85' lang='grc' dir='ltr'>ὥστε</span> <span class='ocrx_word' id='word_1_312' title='bbox 3167 855 3437 948; x_wconf 85' lang='grc' dir='ltr'>γίγνεται</span> 
     </span>
     <span class='ocr_line' id='line_1_55' title="bbox 2188 960 3485 1054; baseline -0.002 -24"><span class='ocrx_word' id='word_1_313' title='bbox 2188 966 2247 1030; x_wconf 78' lang='grc' dir='ltr'>ἐν</span> <span class='ocrx_word' id='word_1_314' title='bbox 2272 969 2403 1041; x_wconf 84' lang='grc' dir='ltr'>τοῖς</span> <span class='ocrx_word' id='word_1_315' title='bbox 2415 961 2707 1054; x_wconf 73' lang='grc' dir='ltr'>λαχάνοις</span> <span class='ocrx_word' id='word_1_316' title='bbox 2728 962 2799 1028; x_wconf 82' lang='grc' dir='ltr'><strong>τὸ</strong></span> <span class='ocrx_word' id='word_1_317' title='bbox 2824 960 3045 1026; x_wconf 77' lang='grc' dir='ltr'>λοιπὸν</span> <span class='ocrx_word' id='word_1_318' title='bbox 3062 966 3211 1052; x_wconf 73' lang='grc' dir='ltr'>ἡμῖν</span> <span class='ocrx_word' id='word_1_319' title='bbox 3229 967 3267 1034; x_wconf 76' lang='grc' dir='ltr'>ἡ</span> <span class='ocrx_word' id='word_1_320' title='bbox 3296 960 3485 1053; x_wconf 82' lang='grc' dir='ltr'>μάχη.</span> 
     </span>
     <span class='ocr_line' id='line_1_56' title="bbox 2090 1069 3723 1165; baseline 0.001 -20"><span class='ocrx_word' id='word_1_321' title='bbox 2090 1091 2294 1145; x_wconf 84' lang='lat' dir='ltr'><strong>Versus</strong></span> <span class='ocrx_word' id='word_1_322' title='bbox 2332 1087 2432 1144; x_wconf 83' lang='lat'><strong>1-3</strong></span> <span class='ocrx_word' id='word_1_323' title='bbox 2468 1089 2639 1146; x_wconf 75' lang='lat' dir='ltr'><strong>vertit</strong></span> <span class='ocrx_word' id='word_1_324' title='bbox 2676 1087 2961 1162; x_wconf 81' lang='lat' dir='ltr'><strong>Turpilius</strong></span> <span class='ocrx_word' id='word_1_325' title='bbox 2991 1087 3055 1143; x_wconf 87' lang='lat' dir='ltr'><strong>in</strong></span> <span class='ocrx_word' id='word_1_326' title='bbox 3074 1089 3367 1146; x_wconf 86' lang='lat' dir='ltr'><strong>Demetrio</strong></span> <span class='ocrx_word' id='word_1_327' title='bbox 3388 1107 3478 1165; x_wconf 83' lang='lat' dir='ltr'><strong>ap.</strong></span> <span class='ocrx_word' id='word_1_328' title='bbox 3502 1091 3650 1146; x_wconf 86' lang='lat' dir='ltr'><strong>Non.</strong></span> <span class='ocrx_word' id='word_1_329' title='bbox 3721 1069 3723 1092; x_wconf 69' lang='lat'>⁵</span> 
     </span>
     <span class='ocr_line' id='line_1_57' title="bbox 2092 1175 2465 1253; baseline 0.008 -21"><span class='ocrx_word' id='word_1_330' title='bbox 2092 1197 2151 1253; x_wconf 91' lang='lat' dir='ltr'><strong>p.</strong></span> <span class='ocrx_word' id='word_1_331' title='bbox 2180 1176 2318 1245; x_wconf 88' lang='grc'><strong>488,</strong></span> <span class='ocrx_word' id='word_1_332' title='bbox 2349 1175 2418 1232; x_wconf 84' lang='lat'><strong>18</strong></span> <span class='ocrx_word' id='word_1_333' title='bbox 2448 1193 2465 1235; x_wconf 74' lang='grc' dir='ltr'>ε</span> 
     </span>
     <span class='ocr_line' id='line_1_58' title="bbox 2044 1275 3499 1360; baseline 0.003 -24"><span class='ocrx_word' id='word_1_334' title='bbox 2044 1275 2051 1356; x_wconf 63' lang='lat' dir='ltr'><strong>l</strong></span> <span class='ocrx_word' id='word_1_335' title='bbox 2174 1281 2427 1338; x_wconf 80' lang='lat' dir='ltr'><strong>Antehac</strong></span> <span class='ocrx_word' id='word_1_336' title='bbox 2455 1283 2500 1337; x_wconf 90' lang='lat' dir='ltr'><strong>si</strong></span> <span class='ocrx_word' id='word_1_337' title='bbox 2525 1279 2704 1337; x_wconf 84' lang='lat' dir='ltr'><strong>flabat</strong></span> <span class='ocrx_word' id='word_1_338' title='bbox 2730 1283 2924 1356; x_wconf 87' lang='lat' dir='ltr'><strong>aquilo</strong></span> <span class='ocrx_word' id='word_1_339' title='bbox 2950 1295 3049 1338; x_wconf 88' lang='lat' dir='ltr'><strong>aut</strong></span> <span class='ocrx_word' id='word_1_340' title='bbox 3076 1295 3285 1354; x_wconf 87' lang='lat' dir='ltr'><strong>auster,</strong></span> <span class='ocrx_word' id='word_1_341' title='bbox 3310 1286 3499 1360; x_wconf 86' lang='lat' dir='ltr'><strong>inopia</strong></span> 
     </span>
     <span class='ocr_line' id='line_1_59' title="bbox 2046 1363 3723 1468; baseline 0.002 -45"><span class='ocrx_word' id='word_1_342' title='bbox 2046 1363 2051 1468; x_wconf 64' lang='lat' dir='ltr'><strong>j</strong></span> <span class='ocrx_word' id='word_1_343' title='bbox 2174 1380 2294 1425; x_wconf 87' lang='lat' dir='ltr'><strong>tum</strong></span> <span class='ocrx_word' id='word_1_344' title='bbox 2322 1379 2441 1425; x_wconf 87' lang='lat' dir='ltr'><strong>erat</strong></span> <span class='ocrx_word' id='word_1_345' title='bbox 2472 1371 2692 1444; x_wconf 87' lang='lat' dir='ltr'><strong>piscati.</strong></span> <span class='ocrx_word' id='word_1_346' title='bbox 3721 1449 3723 1458; x_wconf 37' lang='grc' dir='ltr'>Ι</span> 
     </span>
     <span class='ocr_line' id='line_1_60' title="bbox 2046 1465 3655 1559; baseline 0.002 -38"><span class='ocrx_word' id='word_1_347' title='bbox 2046 1469 2052 1559; x_wconf 56' lang='lat'>1</span> <span class='ocrx_word' id='word_1_348' title='bbox 2096 1468 2231 1538; x_wconf 80' lang='lat' dir='ltr'><strong>Quae</strong></span> <span class='ocrx_word' id='word_1_349' title='bbox 2254 1465 2479 1541; x_wconf 86' lang='lat' dir='ltr'><strong>pridem</strong></span> <span class='ocrx_word' id='word_1_350' title='bbox 2510 1479 2916 1543; x_wconf 86' lang='lat' dir='ltr'><strong>compararunt</strong></span> <span class='ocrx_word' id='word_1_351' title='bbox 2938 1469 3143 1544; x_wconf 82' lang='lat' dir='ltr'><strong>Scalig.</strong></span> <span class='ocrx_word' id='word_1_352' title='bbox 3166 1469 3247 1525; x_wconf 81' lang='lat' dir='ltr'><strong>ad</strong></span> <span class='ocrx_word' id='word_1_353' title='bbox 3268 1473 3425 1528; x_wconf 83' lang='lat' dir='ltr'><strong>Varr.</strong></span> <span class='ocrx_word' id='word_1_354' title='bbox 3448 1489 3509 1546; x_wconf 89' lang='lat' dir='ltr'><strong>p.</strong></span> <span class='ocrx_word' id='word_1_355' title='bbox 3547 1471 3655 1536; x_wconf 72' lang='lat'><strong>248</strong></span> 
     </span>
     <span class='ocr_line' id='line_1_61' title="bbox 2046 1555 3656 1671; baseline 0.004 -62"><span class='ocrx_word' id='word_1_356' title='bbox 2046 1562 2052 1671; x_wconf 64' lang='grc'>1</span> <span class='ocrx_word' id='word_1_357' title='bbox 2096 1555 2224 1628; x_wconf 89' lang='lat' dir='ltr'><strong>Bip.</strong></span> <span class='ocrx_word' id='word_1_358' title='bbox 2275 1567 2333 1609; x_wconf 86' lang='lat' dir='ltr'><strong>et</strong></span> <span class='ocrx_word' id='word_1_359' title='bbox 2374 1555 2663 1610; x_wconf 85' lang='lat' dir='ltr'><strong>Victorius</strong></span> <span class='ocrx_word' id='word_1_360' title='bbox 2709 1559 2779 1612; x_wconf 90' lang='lat' dir='ltr'><strong>V.</strong></span> <span class='ocrx_word' id='word_1_361' title='bbox 2832 1559 2901 1610; x_wconf 90' lang='lat' dir='ltr'><strong>L.</strong></span> <span class='ocrx_word' id='word_1_362' title='bbox 2941 1573 2996 1626; x_wconf 85' lang='lat'><strong>7,</strong></span> <span class='ocrx_word' id='word_1_363' title='bbox 3052 1557 3144 1612; x_wconf 84' lang='lat'><strong>16.</strong></span> <span class='ocrx_word' id='word_1_364' title='bbox 3188 1561 3369 1615; x_wconf 84' lang='lat' dir='ltr'><strong>Versu</strong></span> <span class='ocrx_word' id='word_1_365' title='bbox 3412 1577 3447 1613; x_wconf 79' lang='lat'>2</span> <span class='ocrx_word' id='word_1_366' title='bbox 3488 1556 3553 1613; x_wconf 77' lang='grc' dir='ltr'>ἂν</span> <span class='ocrx_word' id='word_1_367' title='bbox 3598 1557 3656 1626; x_wconf 78' lang='grc' dir='ltr'>ἢν</span> 
     </span>
     <span class='ocr_line' id='line_1_62' title="bbox 2098 1640 3723 1720; baseline 0.003 -25"><span class='ocrx_word' id='word_1_368' title='bbox 2098 1642 2335 1699; x_wconf 87' lang='lat' dir='ltr'><strong>Porson.</strong></span> <span class='ocrx_word' id='word_1_369' title='bbox 2366 1641 2552 1716; x_wconf 85' lang='lat' dir='ltr'><strong>Vulgo</strong></span> <span class='ocrx_word' id='word_1_370' title='bbox 2584 1640 2727 1710; x_wconf 77' lang='grc' dir='ltr'>ἐνῆν.</span> <span class='ocrx_word' id='word_1_371' title='bbox 2758 1646 2929 1700; x_wconf 87' lang='lat' dir='ltr'><strong>Versu</strong></span> <span class='ocrx_word' id='word_1_372' title='bbox 2966 1642 2999 1698; x_wconf 88' lang='grc'>3</span> <span class='ocrx_word' id='word_1_373' title='bbox 3030 1645 3108 1698; x_wconf 81' lang='lat' dir='ltr'><strong>ita</strong></span> <span class='ocrx_word' id='word_1_374' title='bbox 3146 1645 3470 1720; x_wconf 76' lang='lat' dir='ltr'><strong>Schweigh.</strong></span> <span class='ocrx_word' id='word_1_375' title='bbox 3507 1647 3657 1700; x_wconf 81' lang='lat' dir='ltr'><strong>Libri</strong></span> <span class='ocrx_word' id='word_1_376' title='bbox 3721 1675 3723 1712; x_wconf 69' lang='lat'>5</span> 
     </span>
     <span class='ocr_line' id='line_1_63' title="bbox 2096 1727 3659 1810; baseline 0.004 -26"><span class='ocrx_word' id='word_1_377' title='bbox 2096 1730 2219 1800; x_wconf 79' lang='grc' dir='ltr'>νῦν,</span> <span class='ocrx_word' id='word_1_378' title='bbox 2248 1739 2433 1786; x_wconf 87' lang='lat' dir='ltr'><strong>metro</strong></span> <span class='ocrx_word' id='word_1_379' title='bbox 2474 1729 2851 1787; x_wconf 85' lang='lat' dir='ltr'><strong>claudicante.</strong></span> <span class='ocrx_word' id='word_1_380' title='bbox 2880 1733 2955 1790; x_wconf 84' lang='lat' dir='ltr'><strong>V.</strong></span> <span class='ocrx_word' id='word_1_381' title='bbox 2994 1727 3029 1786; x_wconf 85' lang='lat'>5</span> <span class='ocrx_word' id='word_1_382' title='bbox 3066 1730 3365 1807; x_wconf 84' lang='lat' dir='ltr'><strong>legebatur</strong></span> <span class='ocrx_word' id='word_1_383' title='bbox 3405 1729 3537 1790; x_wconf 74' lang='grc' dir='ltr'>ἐπὰν</span> <span class='ocrx_word' id='word_1_384' title='bbox 3562 1733 3659 1810; x_wconf 74' lang='grc' dir='ltr'><strong>γὰρ</strong></span> 
     </span>
     <span class='ocr_line' id='line_1_64' title="bbox 2098 1816 3723 1901; baseline 0.006 -30"><span class='ocrx_word' id='word_1_385' title='bbox 2098 1816 2270 1895; x_wconf 74' lang='grc' dir='ltr'>ἐκνεφ.</span> <span class='ocrx_word' id='word_1_386' title='bbox 2295 1822 2365 1875; x_wconf 88' lang='lat' dir='ltr'><strong>V.</strong></span> <span class='ocrx_word' id='word_1_387' title='bbox 2394 1818 2521 1882; x_wconf 82' lang='grc' dir='ltr'>6,εἶς</span> <span class='ocrx_word' id='word_1_388' title='bbox 2538 1838 2649 1894; x_wconf 89' lang='lat' dir='ltr'><strong>pro</strong></span> <span class='ocrx_word' id='word_1_389' title='bbox 2676 1819 2730 1885; x_wconf 79' lang='grc' dir='ltr'><strong>ἐς</strong></span> <span class='ocrx_word' id='word_1_390' title='bbox 2757 1820 2929 1876; x_wconf 90' lang='lat' dir='ltr'><strong>Dind.</strong></span> <span class='ocrx_word' id='word_1_391' title='bbox 2954 1824 3024 1881; x_wconf 88' lang='lat' dir='ltr'><strong>V.</strong></span> <span class='ocrx_word' id='word_1_392' title='bbox 3057 1841 3087 1892; x_wconf 91' lang='lat'><strong>7</strong></span> <span class='ocrx_word' id='word_1_393' title='bbox 3110 1821 3265 1876; x_wconf 86' lang='lat' dir='ltr'><strong>male</strong></span> <span class='ocrx_word' id='word_1_394' title='bbox 3294 1821 3428 1877; x_wconf 90' lang='lat' dir='ltr'><strong>libri</strong></span> <span class='ocrx_word' id='word_1_395' title='bbox 3450 1820 3657 1901; x_wconf 74' lang='grc' dir='ltr'>ληφθέν.</span> <span class='ocrx_word' id='word_1_396' title='bbox 3721 1851 3723 1892; x_wconf 80' lang='lat'>5</span> 
     </span>
    </p>
   </div>
   <div class='ocr_carea' id='block_1_20' title="bbox 2074 1891 3723 2050">
    <p class='ocr_par' dir='ltr' id='par_1_20' title="bbox 2074 1891 3723 2050">
     <span class='ocr_line' id='line_1_65' title="bbox 2074 1891 3723 2048; baseline 0.003 -88"><span class='ocrx_word' id='word_1_397' title='bbox 2074 1891 2165 1960; x_wconf 64' lang='lat' dir='ltr'><strong>‘V.</strong></span> <span class='ocrx_word' id='word_1_398' title='bbox 2192 1904 2249 2048; x_wconf 47' lang='lat' dir='ltr'><strong>ff,</strong></span> <span class='ocrx_word' id='word_1_399' title='bbox 2260 1905 2367 1962; x_wconf 88' lang='lat' dir='ltr'><strong>suh</strong></span> <span class='ocrx_word' id='word_1_400' title='bbox 2395 1906 2517 1962; x_wconf 87' lang='lat' dir='ltr'><strong>ictu</strong></span> <span class='ocrx_word' id='word_1_401' title='bbox 2540 1907 2873 1982; x_wconf 88' lang='lat' dir='ltr'><strong>ponendum</strong></span> <span class='ocrx_word' id='word_1_402' title='bbox 2911 1919 3035 1964; x_wconf 84' lang='lat' dir='ltr'><strong>erat</strong></span> <span class='ocrx_word' id='word_1_403' title='bbox 3062 1907 3319 1986; x_wconf 74' lang='grc' dir='ltr'>λαχάνοις</span> <span class='ocrx_word' id='word_1_404' title='bbox 3337 1951 3355 1985; x_wconf 91' lang='grc'><strong>,</strong></span> <span class='ocrx_word' id='word_1_405' title='bbox 3382 1929 3557 1986; x_wconf 81' lang='lat' dir='ltr'><strong>quare</strong></span> <span class='ocrx_word' id='word_1_406' title='bbox 3586 1914 3659 1966; x_wconf 82' lang='lat' dir='ltr'><strong>sic</strong></span> <span class='ocrx_word' id='word_1_407' title='bbox 3720 1897 3723 1954; x_wconf 70' lang='grc' dir='ltr'>ἶ</span> 
     </span>
     <span class='ocr_line' id='line_1_66' title="bbox 2096 2011 2327 2050; baseline 0.009 -2"><span class='ocrx_word' id='word_1_408' title='bbox 2096 2011 2209 2048; x_wconf 78' lang='lat' dir='ltr'><strong>scri</strong></span> <span class='ocrx_word' id='word_1_409' title='bbox 2252 2011 2327 2050; x_wconf 90' lang='lat' dir='ltr'><strong>o:</strong></span> 
     </span>
    </p>
   </div>
   <div class='ocr_carea' id='block_1_21' title="bbox 2196 2106 3461 2281">
    <p class='ocr_par' dir='ltr' id='par_1_21' title="bbox 2196 2106 3461 2281">
     <span class='ocr_line' id='line_1_67' title="bbox 2196 2106 3461 2206; baseline 0.004 -34"><span class='ocrx_word' id='word_1_410' title='bbox 2196 2107 2269 2172; x_wconf 81' lang='grc' dir='ltr'><strong>τὸ</strong></span> <span class='ocrx_word' id='word_1_411' title='bbox 2283 2106 2499 2172; x_wconf 84' lang='grc' dir='ltr'>λοιπὸν</span> <span class='ocrx_word' id='word_1_412' title='bbox 2534 2109 2595 2172; x_wconf 81' lang='grc' dir='ltr'>ἐν</span> <span class='ocrx_word' id='word_1_413' title='bbox 2619 2107 2981 2199; x_wconf 75' lang='grc' dir='ltr'>λαχάνοισιν</span> <span class='ocrx_word' id='word_1_414' title='bbox 3012 2115 3161 2201; x_wconf 77' lang='grc' dir='ltr'>ἡμῖν</span> <span class='ocrx_word' id='word_1_415' title='bbox 3188 2116 3229 2183; x_wconf 81' lang='grc' dir='ltr'><strong>η’</strong></span> <span class='ocrx_word' id='word_1_416' title='bbox 3264 2111 3461 2206; x_wconf 70' lang='grc' dir='ltr'>μάχη.</span> 
     </span>
     <span class='ocr_line' id='line_1_68' title="bbox 2862 2241 2919 2281; baseline 0.07 -4"><span class='ocrx_word' id='word_1_417' title='bbox 2862 2241 2919 2281; x_wconf 82' lang='lat'><strong>2·</strong></span> 
     </span>
    </p>
   </div>
   <div class='ocr_carea' id='block_1_22' title="bbox 2103 2333 3723 2768">
    <p class='ocr_par' dir='ltr' id='par_1_22' title="bbox 2103 2333 3723 2768">
     <span class='ocr_line' id='line_1_69' title="bbox 2181 2333 3723 2414; baseline 0.004 -24"><span class='ocrx_word' id='word_1_418' title='bbox 2181 2335 2339 2390; x_wconf 90' lang='lat' dir='ltr'><strong>Idem</strong></span> <span class='ocrx_word' id='word_1_419' title='bbox 2376 2333 2439 2404; x_wconf 88' lang='lat'><strong>6,</strong></span> <span class='ocrx_word' id='word_1_420' title='bbox 2482 2355 2543 2410; x_wconf 88' lang='lat' dir='ltr'><strong>p.</strong></span> <span class='ocrx_word' id='word_1_421' title='bbox 2596 2343 2732 2406; x_wconf 73' lang='lat'><strong>241,</strong></span> <span class='ocrx_word' id='word_1_422' title='bbox 2764 2339 2840 2404; x_wconf 90' lang='lat' dir='ltr'><strong>B,</strong></span> <span class='ocrx_word' id='word_1_423' title='bbox 2872 2335 2945 2392; x_wconf 88' lang='lat' dir='ltr'><strong>de</strong></span> <span class='ocrx_word' id='word_1_424' title='bbox 2980 2336 3249 2412; x_wconf 81' lang='lat' dir='ltr'><strong>Corydo,</strong></span> <span class='ocrx_word' id='word_1_425' title='bbox 3294 2343 3543 2414; x_wconf 85' lang='lat' dir='ltr'><strong>parasito</strong></span> <span class='ocrx_word' id='word_1_426' title='bbox 3585 2342 3659 2396; x_wconf 84' lang='lat' dir='ltr'><strong>fa·</strong></span> <span class='ocrx_word' id='word_1_427' title='bbox 3721 2369 3723 2386; x_wconf 75' lang='grc' dir='ltr'>ι</span> 
     </span>
     <span class='ocr_line' id='line_1_70' title="bbox 2103 2423 3723 2502; baseline 0.004 -25"><span class='ocrx_word' id='word_1_428' title='bbox 2103 2441 2265 2479; x_wconf 91' lang='lat' dir='ltr'><strong>moso</strong></span> <span class='ocrx_word' id='word_1_429' title='bbox 2283 2463 2300 2492; x_wconf 91' lang='lat'>‚</span> <span class='ocrx_word' id='word_1_430' title='bbox 2326 2423 2521 2480; x_wconf 89' lang='lat' dir='ltr'><strong>dicens</strong></span> <span class='ocrx_word' id='word_1_431' title='bbox 2540 2465 2557 2492; x_wconf 94' lang='lat'><strong>,</strong></span> <span class='ocrx_word' id='word_1_432' title='bbox 2596 2425 2695 2496; x_wconf 90' lang='lat' dir='ltr'><strong>qui</strong></span> <span class='ocrx_word' id='word_1_433' title='bbox 2712 2424 2937 2480; x_wconf 84' lang='lat' dir='ltr'><strong>videtur</strong></span> <span class='ocrx_word' id='word_1_434' title='bbox 2963 2443 3096 2481; x_wconf 88' lang='lat' dir='ltr'><strong>eum</strong></span> <span class='ocrx_word' id='word_1_435' title='bbox 3115 2468 3132 2495; x_wconf 88' lang='lat'><strong>,</strong></span> <span class='ocrx_word' id='word_1_436' title='bbox 3164 2427 3325 2499; x_wconf 82' lang='lat' dir='ltr'><strong>cujus</strong></span> <span class='ocrx_word' id='word_1_437' title='bbox 3350 2429 3471 2485; x_wconf 81' lang='lat' dir='ltr'><strong>haec</strong></span> <span class='ocrx_word' id='word_1_438' title='bbox 3497 2431 3661 2485; x_wconf 77' lang='lat' dir='ltr'><strong>verba</strong></span> <span class='ocrx_word' id='word_1_439' title='bbox 3721 2449 3723 2502; x_wconf 70' lang='grc' dir='ltr'><strong>ς</strong></span> 
     </span>
     <span class='ocr_line' id='line_1_71' title="bbox 2106 2509 3723 2586; baseline 0.002 -18"><span class='ocrx_word' id='word_1_440' title='bbox 2106 2511 2336 2568; x_wconf 74' lang='lat' dir='ltr'><strong>fuerunt</strong></span> <span class='ocrx_word' id='word_1_441' title='bbox 2375 2514 2437 2566; x_wconf 90' lang='lat' dir='ltr'><strong>in</strong></span> <span class='ocrx_word' id='word_1_442' title='bbox 2458 2509 2745 2582; x_wconf 82' lang='lat' dir='ltr'><strong>dramate,</strong></span> <span class='ocrx_word' id='word_1_443' title='bbox 2790 2513 2865 2568; x_wconf 83' lang='lat' dir='ltr'><strong>ad</strong></span> <span class='ocrx_word' id='word_1_444' title='bbox 2899 2513 3207 2586; x_wconf 81' lang='lat' dir='ltr'><strong>prandium</strong></span> <span class='ocrx_word' id='word_1_445' title='bbox 3252 2517 3537 2586; x_wconf 77' lang='lat' dir='ltr'><strong>invitasse,</strong></span> <span class='ocrx_word' id='word_1_446' title='bbox 3570 2519 3661 2572; x_wconf 88' lang='lat' dir='ltr'><strong>illo</strong></span> <span class='ocrx_word' id='word_1_447' title='bbox 3721 2545 3723 2582; x_wconf 73' lang='lat'>5</span> 
     </span>
     <span class='ocr_line' id='line_1_72' title="bbox 2106 2600 3723 2682; baseline 0.004 -26"><span class='ocrx_word' id='word_1_448' title='bbox 2106 2600 2419 2668; x_wconf 86' lang='lat' dir='ltr'><strong>dubitante,</strong></span> <span class='ocrx_word' id='word_1_449' title='bbox 2468 2618 2545 2656; x_wconf 89' lang='lat' dir='ltr'><strong>an</strong></span> <span class='ocrx_word' id='word_1_450' title='bbox 2572 2601 2699 2656; x_wconf 79' lang='lat' dir='ltr'><strong>talis</strong></span> <span class='ocrx_word' id='word_1_451' title='bbox 2732 2601 2839 2656; x_wconf 83' lang='lat' dir='ltr'><strong>viri</strong></span> <span class='ocrx_word' id='word_1_452' title='bbox 2882 2601 3149 2660; x_wconf 83' lang='lat' dir='ltr'><strong>invitatio</strong></span> <span class='ocrx_word' id='word_1_453' title='bbox 3174 2605 3512 2682; x_wconf 76' lang='lat' dir='ltr'><strong>accipienda</strong></span> <span class='ocrx_word' id='word_1_454' title='bbox 3544 2608 3611 2664; x_wconf 89' lang='lat' dir='ltr'><strong>sit</strong></span> <span class='ocrx_word' id='word_1_455' title='bbox 3644 2626 3657 2662; x_wconf 90' lang='lat'>:</span> <span class='ocrx_word' id='word_1_456' title='bbox 3721 2633 3723 2640; x_wconf 91' lang='grc'><strong><em>·</em></strong></span> 
     </span>
     <span class='ocr_line' id='line_1_73' title="bbox 2104 2681 2958 2768; baseline -0.005 -20"><span class='ocrx_word' id='word_1_457' title='bbox 2104 2681 2223 2748; x_wconf 76' lang='grc' dir='ltr'>Ἄλ.</span> <span class='ocrx_word' id='word_1_458' title='bbox 2258 2686 2549 2768; x_wconf 77' lang='grc' dir='ltr'>Δημητρίῳ</span> <span class='ocrx_word' id='word_1_459' title='bbox 2574 2684 2609 2758; x_wconf 79' lang='grc' dir='ltr'>ἢ</span> <span class='ocrx_word' id='word_1_460' title='bbox 2634 2685 2958 2768; x_wconf 80' lang='grc' dir='ltr'>Φιλεταίρῳ,</span> 
     </span>
    </p>
   </div>
   <div class='ocr_carea' id='block_1_23' title="bbox 2108 2793 3723 3494">
    <p class='ocr_par' dir='ltr' id='par_1_23' title="bbox 2108 2793 3723 3494">
     <span class='ocr_line' id='line_1_74' title="bbox 2298 2793 2985 2891; baseline 0.003 -30"><span class='ocrx_word' id='word_1_461' title='bbox 2298 2836 2397 2846; x_wconf 91' lang='lat'><strong>--</strong></span> <span class='ocrx_word' id='word_1_462' title='bbox 2440 2793 2589 2864; x_wconf 69' lang='grc' dir='ltr'>Δλλ’</span> <span class='ocrx_word' id='word_1_463' title='bbox 2624 2795 2985 2891; x_wconf 78' lang='grc' dir='ltr'>αἰσχύνομαι</span> 
     </span>
     <span class='ocr_line' id='line_1_75' title="bbox 2206 2893 3503 2997; baseline 0.005 -27"><span class='ocrx_word' id='word_1_464' title='bbox 2206 2903 2307 2970; x_wconf 89' lang='grc' dir='ltr'><strong>τὸν</strong></span> <span class='ocrx_word' id='word_1_465' title='bbox 2336 2895 2609 2997; x_wconf 76' lang='grc' dir='ltr'>Κόρυδον</span> <span class='ocrx_word' id='word_1_466' title='bbox 2630 2952 2649 2990; x_wconf 85' lang='grc'><strong>,</strong></span> <span class='ocrx_word' id='word_1_467' title='bbox 2690 2904 2743 2971; x_wconf 85' lang='grc' dir='ltr'>εἰ</span> <span class='ocrx_word' id='word_1_468' title='bbox 2771 2895 2933 2986; x_wconf 79' lang='grc' dir='ltr'>δόξω</span> <span class='ocrx_word' id='word_1_469' title='bbox 2960 2893 3317 2997; x_wconf 74' lang='grc' dir='ltr'>συναριστᾶν</span> <span class='ocrx_word' id='word_1_470' title='bbox 3343 2936 3503 2975; x_wconf 84' lang='grc' dir='ltr'>τισιν</span> 
     </span>
     <span class='ocr_line' id='line_1_76' title="bbox 2208 2999 3603 3103; baseline 0.005 -31"><span class='ocrx_word' id='word_1_471' title='bbox 2208 3012 2364 3074; x_wconf 84' lang='grc' dir='ltr'>οὕτω</span> <span class='ocrx_word' id='word_1_472' title='bbox 2393 3006 2751 3100; x_wconf 64' lang='grc' dir='ltr'>προχείρως</span> <span class='ocrx_word' id='word_1_473' title='bbox 2792 3012 2900 3073; x_wconf 77' lang='grc' dir='ltr'><strong>οὐκ</strong></span> <span class='ocrx_word' id='word_1_474' title='bbox 2926 3008 3307 3101; x_wconf 78' lang='grc' dir='ltr'>ἀπαρνοῦμαι</span> <span class='ocrx_word' id='word_1_475' title='bbox 3338 3004 3405 3077; x_wconf 77' lang='grc' dir='ltr'><strong>δ’</strong></span> <span class='ocrx_word' id='word_1_476' title='bbox 3428 2999 3603 3103; x_wconf 72' lang='grc' dir='ltr'>ὅμως·</span> 
     </span>
     <span class='ocr_line' id='line_1_77' title="bbox 2208 3105 3225 3207; baseline 0.003 -29"><span class='ocrx_word' id='word_1_477' title='bbox 2208 3105 2347 3179; x_wconf 77' lang='grc' dir='ltr'>οὐδὲ</span> <span class='ocrx_word' id='word_1_478' title='bbox 2384 3112 2499 3205; x_wconf 77' lang='grc' dir='ltr'><strong>γὰρ</strong></span> <span class='ocrx_word' id='word_1_479' title='bbox 2522 3116 2768 3199; x_wconf 74' lang='grc' dir='ltr'>ἐκεῖνος,</span> <span class='ocrx_word' id='word_1_480' title='bbox 2806 3110 2877 3179; x_wconf 79' lang='grc' dir='ltr'>ἃν</span> <span class='ocrx_word' id='word_1_481' title='bbox 2904 3122 3062 3207; x_wconf 76' lang='grc' dir='ltr'>καλῇ</span> <span class='ocrx_word' id='word_1_482' title='bbox 3106 3142 3225 3193; x_wconf 85' lang='grc' dir='ltr'>τις.</span> 
     </span>
     <span class='ocr_line' id='line_1_78' title="bbox 2113 3242 3723 3325; baseline 0.006 -28"><span class='ocrx_word' id='word_1_483' title='bbox 2113 3242 2358 3299; x_wconf 81' lang='lat' dir='ltr'><strong>Meinek.</strong></span> <span class='ocrx_word' id='word_1_484' title='bbox 2391 3270 2405 3298; x_wconf 76' lang='grc' dir='ltr'>ι</span> <span class='ocrx_word' id='word_1_485' title='bbox 2446 3270 2471 3293; x_wconf 75' lang='grc' dir='ltr'><strong>«ι</strong></span> <span class='ocrx_word' id='word_1_486' title='bbox 2499 3246 2631 3300; x_wconf 83' lang='lat' dir='ltr'><strong>Non</strong></span> <span class='ocrx_word' id='word_1_487' title='bbox 2656 3256 2798 3317; x_wconf 84' lang='lat' dir='ltr'><strong>puto</strong></span> <span class='ocrx_word' id='word_1_488' title='bbox 2824 3246 3017 3300; x_wconf 90' lang='lat' dir='ltr'><strong>locum</strong></span> <span class='ocrx_word' id='word_1_489' title='bbox 3039 3258 3407 3319; x_wconf 84' lang='lat' dir='ltr'><strong>persanatum</strong></span> <span class='ocrx_word' id='word_1_490' title='bbox 3430 3268 3580 3325; x_wconf 80' lang='lat' dir='ltr'><strong>esse3</strong></span> <span class='ocrx_word' id='word_1_491' title='bbox 3608 3270 3667 3305; x_wconf 84' lang='lat' dir='ltr'><strong>ac</strong></span> <span class='ocrx_word' id='word_1_492' title='bbox 3721 3292 3723 3297; x_wconf 82' lang='lat'>-</span> 
     </span>
     <span class='ocr_line' id='line_1_79' title="bbox 2108 3328 3670 3408; baseline 0.006 -25"><span class='ocrx_word' id='word_1_493' title='bbox 2108 3328 2299 3385; x_wconf 84' lang='lat' dir='ltr'><strong>nescio</strong></span> <span class='ocrx_word' id='word_1_494' title='bbox 2328 3350 2401 3387; x_wconf 90' lang='lat' dir='ltr'><strong>an</strong></span> <span class='ocrx_word' id='word_1_495' title='bbox 2427 3343 2601 3407; x_wconf 89' lang='lat' dir='ltr'><strong>poeta</strong></span> <span class='ocrx_word' id='word_1_496' title='bbox 2626 3332 2736 3388; x_wconf 86' lang='lat' dir='ltr'><strong>tale</strong></span> <span class='ocrx_word' id='word_1_497' title='bbox 2765 3332 2911 3406; x_wconf 87' lang='lat' dir='ltr'><strong>quid</strong></span> <span class='ocrx_word' id='word_1_498' title='bbox 2934 3334 3221 3408; x_wconf 89' lang='lat' dir='ltr'><strong>scripserit</strong></span> <span class='ocrx_word' id='word_1_499' title='bbox 3254 3355 3267 3390; x_wconf 94' lang='lat'><strong>:</strong></span> <span class='ocrx_word' id='word_1_500' title='bbox 3302 3335 3401 3393; x_wconf 83' lang='grc' dir='ltr'>κιῖν</span> <span class='ocrx_word' id='word_1_501' title='bbox 3422 3360 3501 3402; x_wconf 87' lang='grc' dir='ltr'><strong>τις</strong></span> <span class='ocrx_word' id='word_1_502' title='bbox 3524 3338 3670 3395; x_wconf 75' lang='grc' dir='ltr'>αὐτὸν</span> 
     </span>
     <span class='ocr_line' id='line_1_80' title="bbox 2110 3412 3671 3494; baseline 0.01 -23"><span class='ocrx_word' id='word_1_503' title='bbox 2110 3412 2185 3488; x_wconf 86' lang='grc' dir='ltr'>μὴ</span> <span class='ocrx_word' id='word_1_504' title='bbox 2215 3418 2373 3494; x_wconf 83' lang='grc' dir='ltr'>καλῇ.</span> <span class='ocrx_word' id='word_1_505' title='bbox 2408 3443 2431 3469; x_wconf 72' lang='grc' dir='ltr'><strong>υ</strong></span> <span class='ocrx_word' id='word_1_506' title='bbox 2468 3421 2614 3475; x_wconf 85' lang='lat' dir='ltr'><strong>Puto</strong></span> <span class='ocrx_word' id='word_1_507' title='bbox 2637 3421 2717 3475; x_wconf 90' lang='lat' dir='ltr'><strong>sic</strong></span> <span class='ocrx_word' id='word_1_508' title='bbox 2746 3421 2894 3477; x_wconf 87' lang='lat' dir='ltr'><strong>bene</strong></span> <span class='ocrx_word' id='word_1_509' title='bbox 2920 3421 3135 3477; x_wconf 85' lang='lat' dir='ltr'><strong>habere</strong></span> <span class='ocrx_word' id='word_1_510' title='bbox 3164 3428 3525 3484; x_wconf 81' lang='lat' dir='ltr'><strong>sententiam.</strong></span> <span class='ocrx_word' id='word_1_511' title='bbox 3566 3427 3671 3485; x_wconf 79' lang='lat' dir='ltr'><strong>Ce—</strong></span> 
     </span>
    </p>
   </div>
   <div class='ocr_carea' id='block_1_24' title="bbox 2110 3506 3671 3671">
    <p class='ocr_par' dir='ltr' id='par_1_24' title="bbox 2110 3506 3671 3671">
     <span class='ocr_line' id='line_1_81' title="bbox 2110 3506 3671 3589; baseline 0.007 -30"><span class='ocrx_word' id='word_1_512' title='bbox 2110 3516 2294 3560; x_wconf 88' lang='lat' dir='ltr'><strong>terum</strong></span> <span class='ocrx_word' id='word_1_513' title='bbox 2319 3508 2497 3581; x_wconf 81' lang='lat' dir='ltr'><strong>magis</strong></span> <span class='ocrx_word' id='word_1_514' title='bbox 2528 3508 2779 3582; x_wconf 82' lang='lat' dir='ltr'><strong>placeret</strong></span> <span class='ocrx_word' id='word_1_515' title='bbox 2812 3506 2911 3565; x_wconf 71' lang='grc' dir='ltr'>-ἃν</span> <span class='ocrx_word' id='word_1_516' title='bbox 2949 3509 3089 3587; x_wconf 80' lang='grc' dir='ltr'>καλῇ</span> <span class='ocrx_word' id='word_1_517' title='bbox 3124 3531 3205 3575; x_wconf 89' lang='grc' dir='ltr'><strong>τις</strong></span> <span class='ocrx_word' id='word_1_518' title='bbox 3266 3510 3344 3568; x_wconf 76' lang='grc' dir='ltr'>ἂν</span> <span class='ocrx_word' id='word_1_519' title='bbox 3382 3511 3452 3569; x_wconf 81' lang='grc' dir='ltr'><strong>δὲ</strong></span> <span class='ocrx_word' id='word_1_520' title='bbox 3482 3512 3599 3589; x_wconf 76' lang='grc' dir='ltr'><strong>μὴ,</strong></span> <span class='ocrx_word' id='word_1_521' title='bbox 3630 3518 3671 3569; x_wconf 84' lang='lat' dir='ltr'><strong>si</strong></span> 
     </span>
     <span class='ocr_line' id='line_1_82' title="bbox 2111 3593 3056 3671; baseline 0.011 -24"><span class='ocrx_word' id='word_1_522' title='bbox 2111 3593 2409 3650; x_wconf 81' lang='lat' dir='ltr'><strong>verisimile</strong></span> <span class='ocrx_word' id='word_1_523' title='bbox 2431 3604 2595 3671; x_wconf 87' lang='lat' dir='ltr'><strong>esset,</strong></span> <span class='ocrx_word' id='word_1_524' title='bbox 2620 3596 2735 3651; x_wconf 91' lang='lat' dir='ltr'><strong>hoc</strong></span> <span class='ocrx_word' id='word_1_525' title='bbox 2764 3598 3056 3657; x_wconf 82' lang='lat' dir='ltr'><strong>excidisse.</strong></span> 
     </span>
    </p>
   </div>
   <div class='ocr_carea' id='block_1_25' title="bbox 2867 3708 2926 3766">
    <p class='ocr_par' dir='ltr' id='par_1_25' title="bbox 2867 3708 2926 3766">
     <span class='ocr_line' id='line_1_83' title="bbox 2867 3708 2926 3766; baseline 0.034 -2"><span class='ocrx_word' id='word_1_526' title='bbox 2867 3708 2926 3766; x_wconf 88' lang='lat'><strong>3.</strong></span> 
     </span>
    </p>
   </div>
   <div class='ocr_carea' id='block_1_26' title="bbox 2114 3817 3675 3989">
    <p class='ocr_par' dir='ltr' id='par_1_26' title="bbox 2114 3817 3675 3989">
     <span class='ocr_line' id='line_1_84' title="bbox 2191 3817 3675 3901; baseline 0.007 -29"><span class='ocrx_word' id='word_1_527' title='bbox 2191 3817 2347 3875; x_wconf 88' lang='lat' dir='ltr'><strong>Idem</strong></span> <span class='ocrx_word' id='word_1_528' title='bbox 2374 3840 2429 3891; x_wconf 76' lang='lat'><strong>7,</strong></span> <span class='ocrx_word' id='word_1_529' title='bbox 2460 3840 2521 3895; x_wconf 84' lang='lat' dir='ltr'><strong>p.</strong></span> <span class='ocrx_word' id='word_1_530' title='bbox 2558 3820 2705 3898; x_wconf 76' lang='lat'><strong>314,</strong></span> <span class='ocrx_word' id='word_1_531' title='bbox 2730 3820 2801 3893; x_wconf 89' lang='lat' dir='ltr'><strong>D,</strong></span> <span class='ocrx_word' id='word_1_532' title='bbox 2830 3822 2905 3879; x_wconf 88' lang='lat' dir='ltr'><strong>de</strong></span> <span class='ocrx_word' id='word_1_533' title='bbox 2936 3820 3103 3901; x_wconf 78' lang='grc' dir='ltr'>νάρκῃ</span> <span class='ocrx_word' id='word_1_534' title='bbox 3133 3823 3413 3882; x_wconf 75' lang='lat' dir='ltr'><strong>disserens</strong></span> <span class='ocrx_word' id='word_1_535' title='bbox 3444 3826 3599 3887; x_wconf 75' lang='grc' dir='ltr'>τἌλ.</span> <span class='ocrx_word' id='word_1_536' title='bbox 3630 3828 3675 3882; x_wconf 71' lang='grc' dir='ltr'>ἐν</span> 
     </span>
     <span class='ocr_line' id='line_1_85' title="bbox 2114 3904 2993 3989; baseline 0.003 -27"><span class='ocrx_word' id='word_1_537' title='bbox 2114 3904 2380 3987; x_wconf 68' lang='grc' dir='ltr'>Γαλατείᾳ</span> <span class='ocrx_word' id='word_1_538' title='bbox 2508 3910 2559 3966; x_wconf 81' lang='grc' dir='ltr'>ἐν</span> <span class='ocrx_word' id='word_1_539' title='bbox 2596 3910 2651 3965; x_wconf 76' lang='grc' dir='ltr'><strong>δὲ</strong></span> <span class='ocrx_word' id='word_1_540' title='bbox 2676 3909 2993 3989; x_wconf 79' lang='grc' dir='ltr'>Δημητρίῳ,</span> 
     </span>
    </p>
   </div>
   <div class='ocr_carea' id='block_1_27' title="bbox 2212 4008 3485 4118">
    <p class='ocr_par' dir='ltr' id='par_1_27' title="bbox 2212 4008 3485 4118">
     <span class='ocr_line' id='line_1_86' title="bbox 2212 4008 3485 4118; baseline 0.008 -33"><span class='ocrx_word' id='word_1_541' title='bbox 2212 4008 2443 4087; x_wconf 63' lang='lat' dir='ltr'><strong>fin-ewa</strong></span> <span class='ocrx_word' id='word_1_542' title='bbox 2492 4022 2707 4116; x_wconf 77' lang='grc' dir='ltr'>νάρκην</span> <span class='ocrx_word' id='word_1_543' title='bbox 2737 4020 2984 4107; x_wconf 68' lang='grc' dir='ltr'>ἔλαὲον,</span> <span class='ocrx_word' id='word_1_544' title='bbox 3012 4027 3441 4118; x_wconf 84' lang='grc' dir='ltr'>ἐνθυμούμενος</span> <span class='ocrx_word' id='word_1_545' title='bbox 3464 4082 3485 4117; x_wconf 88' lang='grc'><strong>,</strong></span> 
     </span>
    </p>
   </div>
   <div class='ocr_carea' id='block_1_28' title="bbox 2119 4178 3651 4439">
    <p class='ocr_par' dir='ltr' id='par_1_28' title="bbox 2119 4178 3651 4439">
     <span class='ocr_line' id='line_1_87' title="bbox 2119 4178 3651 4279; baseline 0.01 -32"><span class='ocrx_word' id='word_1_546' title='bbox 2119 4198 2152 4247; x_wconf 82' lang='lat'>⁵</span> <span class='ocrx_word' id='word_1_547' title='bbox 2192 4194 2423 4252; x_wconf 77' lang='lat' dir='ltr'><strong>simulac</strong></span> <span class='ocrx_word' id='word_1_548' title='bbox 2446 4198 2591 4253; x_wconf 86' lang='lat' dir='ltr'><strong>enim</strong></span> <span class='ocrx_word' id='word_1_549' title='bbox 2614 4198 2751 4255; x_wconf 82' lang='lat' dir='ltr'><strong>forte</strong></span> <span class='ocrx_word' id='word_1_550' title='bbox 2780 4200 2995 4269; x_wconf 86' lang='lat' dir='ltr'><strong>(velut)</strong></span> <span class='ocrx_word' id='word_1_551' title='bbox 3018 4216 3083 4257; x_wconf 84' lang='lat' dir='ltr'><strong>ex</strong></span> <span class='ocrx_word' id='word_1_552' title='bbox 3110 4178 3257 4259; x_wconf 87' lang='lat' dir='ltr'><strong>nube</strong></span> <span class='ocrx_word' id='word_1_553' title='bbox 3286 4208 3651 4279; x_wconf 68' lang='lat' dir='ltr'><strong>praecipitatur</strong></span> 
     </span>
     <span class='ocr_line' id='line_1_88' title="bbox 2188 4276 3117 4357; baseline 0.011 -25"><span class='ocrx_word' id='word_1_554' title='bbox 2188 4276 2247 4333; x_wconf 91' lang='lat' dir='ltr'><strong>in</strong></span> <span class='ocrx_word' id='word_1_555' title='bbox 2266 4277 2445 4335; x_wconf 90' lang='lat' dir='ltr'><strong>forum</strong></span> <span class='ocrx_word' id='word_1_556' title='bbox 2461 4327 2481 4350; x_wconf 92' lang='lat'><strong>,</strong></span> <span class='ocrx_word' id='word_1_557' title='bbox 2514 4284 2741 4354; x_wconf 88' lang='lat' dir='ltr'><strong>opsonio</strong></span> <span class='ocrx_word' id='word_1_558' title='bbox 2766 4292 2951 4357; x_wconf 86' lang='lat' dir='ltr'><strong>empto</strong></span> <span class='ocrx_word' id='word_1_559' title='bbox 2970 4286 3085 4342; x_wconf 82' lang='lat' dir='ltr'><strong>abit</strong></span> <span class='ocrx_word' id='word_1_560' title='bbox 3100 4327 3117 4355; x_wconf 91' lang='lat'>‚</span> 
     </span>
     <span class='ocr_line' id='line_1_89' title="bbox 2190 4364 3063 4439; baseline 0.011 -21"><span class='ocrx_word' id='word_1_561' title='bbox 2190 4379 2353 4421; x_wconf 90' lang='lat' dir='ltr'><strong>omne</strong></span> <span class='ocrx_word' id='word_1_562' title='bbox 2380 4364 2653 4439; x_wconf 87' lang='lat' dir='ltr'><strong>reliquum</strong></span> <span class='ocrx_word' id='word_1_563' title='bbox 2684 4370 2969 4439; x_wconf 70' lang='lat' dir='ltr'><strong>auserem,</strong></span> <span class='ocrx_word' id='word_1_564' title='bbox 2997 4380 3063 4428; x_wconf 92' lang='lat' dir='ltr'><strong>ut</strong></span> 
     </span>
    </p>
   </div>
   <div class='ocr_carea' id='block_1_29' title="bbox 2192 4452 3547 4531">
    <p class='ocr_par' dir='ltr' id='par_1_29' title="bbox 2192 4452 3547 4531">
     <span class='ocr_line' id='line_1_90' title="bbox 2192 4452 3547 4531; baseline 0.009 -24"><span class='ocrx_word' id='word_1_565' title='bbox 2192 4461 2375 4522; x_wconf 85' lang='lat' dir='ltr'><strong>postea</strong></span> <span class='ocrx_word' id='word_1_566' title='bbox 2402 4452 2471 4511; x_wconf 89' lang='lat' dir='ltr'><strong>de</strong></span> <span class='ocrx_word' id='word_1_567' title='bbox 2490 4453 2865 4525; x_wconf 83' lang='lat' dir='ltr'><strong>leguminibus</strong></span> <span class='ocrx_word' id='word_1_568' title='bbox 2886 4458 3246 4531; x_wconf 84' lang='lat' dir='ltr'><strong>pugnandum</strong></span> <span class='ocrx_word' id='word_1_569' title='bbox 3270 4461 3345 4517; x_wconf 89' lang='lat' dir='ltr'><strong>sit</strong></span> <span class='ocrx_word' id='word_1_570' title='bbox 3360 4463 3547 4521; x_wconf 87' lang='lat' dir='ltr'><strong>nobis.</strong></span> 
     </span>
    </p>
   </div>
   <div class='ocr_carea' id='block_1_30' title="bbox 2878 4578 2933 4629">
    <p class='ocr_par' dir='ltr' id='par_1_30' title="bbox 2878 4578 2933 4629">
     <span class='ocr_line' id='line_1_91' title="bbox 2878 4578 2933 4629; baseline -0.018 0"><span class='ocrx_word' id='word_1_571' title='bbox 2878 4578 2933 4629; x_wconf 83' lang='lat'><strong>2.</strong></span> 
     </span>
    </p>
   </div>
   <div class='ocr_carea' id='block_1_31' title="bbox 2121 4672 3723 4847">
    <p class='ocr_par' dir='ltr' id='par_1_31' title="bbox 2121 4672 3723 4847">
     <span class='ocr_line' id='line_1_92' title="bbox 2190 4672 2710 4746; baseline 0.006 -16"><span class='ocrx_word' id='word_1_572' title='bbox 2190 4703 2261 4715; x_wconf 93' lang='lat'><em>-</em></span> <span class='ocrx_word' id='word_1_573' title='bbox 2284 4672 2391 4731; x_wconf 81' lang='lat' dir='ltr'><strong>Sed</strong></span> <span class='ocrx_word' id='word_1_574' title='bbox 2424 4672 2593 4746; x_wconf 88' lang='lat' dir='ltr'><strong>pudet</strong></span> <span class='ocrx_word' id='word_1_575' title='bbox 2620 4690 2710 4734; x_wconf 92' lang='lat' dir='ltr'><strong>me</strong></span> 
     </span>
     <span class='ocr_line' id='line_1_93' title="bbox 2121 4762 3723 4847; baseline 0.006 -29"><span class='ocrx_word' id='word_1_576' title='bbox 2121 4762 2315 4834; x_wconf 88' lang='lat' dir='ltr'><strong>Corydi</strong></span> <span class='ocrx_word' id='word_1_577' title='bbox 2336 4807 2352 4830; x_wconf 85' lang='lat'>‚</span> <span class='ocrx_word' id='word_1_578' title='bbox 2379 4763 2423 4819; x_wconf 91' lang='lat' dir='ltr'><strong>si</strong></span> <span class='ocrx_word' id='word_1_579' title='bbox 2454 4763 2675 4821; x_wconf 83' lang='lat' dir='ltr'><strong>videbor</strong></span> <span class='ocrx_word' id='word_1_580' title='bbox 2702 4772 2814 4821; x_wconf 81' lang='lat' dir='ltr'><strong>tam</strong></span> <span class='ocrx_word' id='word_1_581' title='bbox 2832 4762 2995 4822; x_wconf 76' lang='lat' dir='ltr'><strong>facile</strong></span> <span class='ocrx_word' id='word_1_582' title='bbox 3014 4766 3282 4839; x_wconf 77' lang='lat' dir='ltr'><strong>prandere</strong></span> <span class='ocrx_word' id='word_1_583' title='bbox 3306 4784 3440 4825; x_wconf 84' lang='lat' dir='ltr'><strong>eum</strong></span> <span class='ocrx_word' id='word_1_584' title='bbox 3462 4771 3677 4845; x_wconf 82' lang='lat' dir='ltr'><strong>quibus·</strong></span> <span class='ocrx_word' id='word_1_585' title='bbox 3720 4832 3723 4847; x_wconf 34' lang='lat'><strong>⁴</strong></span> 
     </span>
    </p>
   </div>
   <div class='ocr_carea' id='block_1_32' title="bbox 2123 4856 3683 5006">
    <p class='ocr_par' dir='ltr' id='par_1_32' title="bbox 2123 4856 3683 5006">
     <span class='ocr_line' id='line_1_94' title="bbox 3610 4876 3635 4911; baseline 0 -2"><span class='ocrx_word' id='word_1_586' title='bbox 3610 4876 3635 4911; x_wconf 70' lang='grc' dir='ltr'><strong>ἶ)</strong></span> 
     </span>
     <span class='ocr_line' id='line_1_95' title="bbox 2123 4856 3683 5006; baseline 0.003 -16"><span class='ocrx_word' id='word_1_587' title='bbox 2123 4936 2436 4992; x_wconf 84' lang='lat' dir='ltr'><strong>hominibus</strong></span> <span class='ocrx_word' id='word_1_588' title='bbox 2464 4955 2476 4991; x_wconf 77' lang='grc' dir='ltr'>τ</span> <span class='ocrx_word' id='word_1_589' title='bbox 2508 4952 2609 4993; x_wconf 91' lang='lat' dir='ltr'><strong>nec</strong></span> <span class='ocrx_word' id='word_1_590' title='bbox 2630 4944 2815 4995; x_wconf 81' lang='lat' dir='ltr'><strong>tamen</strong></span> <span class='ocrx_word' id='word_1_591' title='bbox 2842 4954 3064 5006; x_wconf 80' lang='lat' dir='ltr'><strong>recuso,</strong></span> <span class='ocrx_word' id='word_1_592' title='bbox 3536 4856 3605 4927; x_wconf 67' lang='lat' dir='ltr'><strong>[d</strong></span> <span class='ocrx_word' id='word_1_593' title='bbox 3640 4872 3683 4911; x_wconf 66' lang='lat' dir='ltr'><strong>m</strong></span> 
     </span>
    </p>
   </div>
   <div class='ocr_carea' id='block_1_33' title="bbox 2117 5024 3282 5308">
    <p class='ocr_par' dir='ltr' id='par_1_33' title="bbox 2117 5024 3282 5308">
     <span class='ocr_line' id='line_1_96' title="bbox 2117 5024 3282 5099; baseline 0.003 -18"><span class='ocrx_word' id='word_1_594' title='bbox 2117 5032 2183 5081; x_wconf 87' lang='lat' dir='ltr'><strong>ut</strong></span> <span class='ocrx_word' id='word_1_595' title='bbox 2204 5038 2277 5081; x_wconf 90' lang='lat' dir='ltr'><strong>ne</strong></span> <span class='ocrx_word' id='word_1_596' title='bbox 2302 5024 2393 5081; x_wconf 87' lang='lat' dir='ltr'><strong>ille</strong></span> <span class='ocrx_word' id='word_1_597' title='bbox 2422 5025 2669 5098; x_wconf 85' lang='lat' dir='ltr'><strong>quidem,</strong></span> <span class='ocrx_word' id='word_1_598' title='bbox 2702 5026 2753 5082; x_wconf 86' lang='lat' dir='ltr'><strong>si</strong></span> <span class='ocrx_word' id='word_1_599' title='bbox 2772 5027 2897 5099; x_wconf 85' lang='lat' dir='ltr'><strong>quis</strong></span> <span class='ocrx_word' id='word_1_600' title='bbox 2922 5042 3047 5083; x_wconf 86' lang='lat' dir='ltr'><strong>eum</strong></span> <span class='ocrx_word' id='word_1_601' title='bbox 3071 5028 3282 5085; x_wconf 84' lang='lat' dir='ltr'><strong>invitet.</strong></span> 
     </span>
     <span class='ocr_line' id='line_1_97' title="bbox 2872 5137 2923 5186; baseline -0.02 0"><span class='ocrx_word' id='word_1_602' title='bbox 2872 5137 2923 5186; x_wconf 79' lang='lat'><strong>3.</strong></span> 
     </span>
     <span class='ocr_line' id='line_1_98' title="bbox 2119 5234 3276 5308; baseline 0.003 -19"><span class='ocrx_word' id='word_1_603' title='bbox 2119 5234 2259 5289; x_wconf 80' lang='lat' dir='ltr'><strong>Dein</strong></span> <span class='ocrx_word' id='word_1_604' title='bbox 2287 5234 2627 5305; x_wconf 83' lang='lat' dir='ltr'><strong>torpedinem</strong></span> <span class='ocrx_word' id='word_1_605' title='bbox 2650 5234 2856 5308; x_wconf 89' lang='lat' dir='ltr'><strong>sumpsi</strong></span> <span class='ocrx_word' id='word_1_606' title='bbox 2884 5278 2897 5304; x_wconf 87' lang='lat'>‚</span> <span class='ocrx_word' id='word_1_607' title='bbox 2932 5234 3276 5304; x_wconf 63' lang='lat' dir='ltr'><strong>recol-datm,</strong></span> 
     </span>
    </p>
   </div>
   <div class='ocr_carea' id='block_1_34' title="bbox 3719 5203 3727 5826">
    <p class='ocr_par' dir='ltr' id='par_1_34' title="bbox 3719 5203 3727 5826">
     <span class='ocr_line' id='line_1_99' title="bbox 3719 5203 3727 5826; baseline 0 0"><span class='ocrx_word' id='word_1_608' title='bbox 3719 5203 3727 5826; x_wconf 95' lang='lat' dir='ltr'><strong> </strong></span> 
     </span>
    </p>
   </div>
  </div>
 </body>
</html>
