3809 5850
490 403 598 453 128
672 444 687 455 .

483 521 699 600 γμάτων
726 519 1054 598 ἠπορημένον
1070 515 1505 595 καθῆσθαίφησιν
1530 512 1684 573 αὐτὸν
1709 512 2044 593 (Periclem)

485 614 537 666 ἐν
564 614 631 689 τῇ
662 608 814 667 πόλει
849 606 1283 686 καρηὸαροῦντα,
1312 601 1438 661 ποτὲ
1468 601 1524 660 δὲ
1551 602 1707 678 μόνον
1740 603 1800 659 ἐκ
1819 601 2050 680 κεφαλῆς

484 694 847 755 ἑνδεκακλίνου
891 692 1108 773 θόρυὸον
1136 690 1299 752 πολὺν
1336 689 1717 758 ἐξανατέλλειν.
1754 691 1958 749 Pollux
1987 709 2046 759 α,

486 796 555 854 41
594 807 610 846 ε
642 808 721 843 κα
740 782 908 863 ρηὸα
930 782 1113 863 ρικὸν
1136 782 1195 840 τὸ
1223 780 1383 849 πάθος
1409 781 1577 853 Τηλ.,
1597 778 1659 838 τὸ
1686 778 1740 837 δὲ
1765 777 1865 836 ὑπὸ
1892 776 2051 853 μέθης

484 873 806 953 καρηὸαρεῖν
846 899 870 923 α
904 868 1240 951 καρηὸαριᾶν
1267 897 1292 921 ιο
1336 854 1950 948 Ἀριστοφάνης.’ῐέ1·51.ιε
1969 867 2052 922 illi

484 965 563 1019 sic
591 963 927 1022 habuerint:

588 1076 787 1141 Αὐτὸν
821 1067 875 1139 δ’
909 1074 1247 1166 ἀποροῦντα
1284 1065 1682 1164 καρηὸαρικὸν
1719 1068 1874 1159 φημί
1914 1066 2049 1134 ποθ’

1436 1175 1650 1258 ἧσθαι,
1680 1176 1833 1243 ποτὲ
1866 1168 1942 1251 δὴ
1983 1164 2054 1242 δὲ

590 1286 766 1378 μόνον
784 1287 853 1353 ἐκ
873 1288 1135 1377 κεφαλῆς
1156 1271 1579 1349 ἑνδεκακλίνου
1598 1276 1838 1372 θόρυὸον
1860 1281 2051 1347 πολὺν

1610 1387 2052 1469 ἐξανατέλλειν.

486 1524 555 1579 V.
589 1540 611 1576 1
645 1517 709 1589 δὴ
735 1516 819 1589 δὲ,
840 1531 903 1576 ut
926 1523 1026 1578 Ar.
1062 1518 1273 1576 Eccles.
1307 1514 1435 1590 195,
1464 1514 1609 1584 3143
1636 1513 1709 1572 cf.
1734 1513 1805 1571 fr.
1844 1512 1901 1571 8.
1928 1509 2054 1571 Ἔν-

487 1608 626 1678 δεκ.,
650 1609 707 1667 h.
735 1626 785 1667 e.
814 1606 1273 1682 tamgrandiS‚ut
1297 1603 1569 1660 undecim
1590 1605 1780 1659 stratis
1800 1600 2055 1675 indigeat

489 1698 733 1753 Pericles
747 1738 763 1765 ,
793 1697 855 1751 in
878 1695 1085 1768 quibus
1108 1691 1429 1749 accumbat.

1247 1824 1299 1874 7.

568 1919 776 1977 Athen.
819 1938 852 1973 α
885 1936 945 1991 p.
997 1935 1059 1992 p.
1110 1913 1209 1984 56,
1264 1916 1337 1983 D,
1396 1912 1467 1967 de
1509 1907 1824 1988 δρυπεπέαιν
1876 1906 2056 1973 ἐλάαις

491 2010 769 2065 disserens
802 2027 815 2061 :
845 2004 934 2062 καὶ
954 2000 1116 2081 χωρὶς
1148 2001 1203 2058 δὲ
1230 2004 1319 2057 τοῦ
1352 1997 1572 2079 φάσκειν
1600 1996 1757 2063 ἐλάας
1780 1995 1910 2055 αὐτὸ
1937 2000 2054 2054 καθ’

490 2094 643 2155 ἑαυτὸ
670 2092 849 2171 ἔλεγον
875 2090 1173 2172 δρυπεπεῖς.
1204 2090 1348 2159 Τηλ.

782 2206 1165 2301 Ξυγγενέσθαι
1194 2196 1233 2269 δ
1241 2201 1303 2268 ιὰ
1332 2202 1543 2295 χρόνου
1586 2206 1650 2291 μ’
1686 2200 1958 2294 ἐλιπάρει

586 2306 915 2406 δρυπεπέσι
948 2311 1051 2377 καὶ
1088 2304 1340 2403 μάζαισι
1359 2298 1873 2377 διασκανδικίσαι.

488 2434 673 2499 Versu
716 2460 739 2495 1
790 2439 1044 2511 'I'oupius
1082 2438 1321 2509 Emend.
1370 2456 1427 2507 α,
1465 2456 1523 2511 p.
1570 2434 1715 2507 563,
1754 2434 2058 2511 supplebat

494 2528 621 2586 Καί.
654 2530 798 2581 Tum
833 2526 965 2581 libri
996 2526 1167 2600 vulgo
1206 2524 1490 2601 λιπαρείτω
1528 2544 1629 2597 μου
1658 2525 1746 2579 vel
1782 2522 2056 2601 λιπαρεῖτό

491 2638 581 2693 με,
605 2618 923 2692 corrigente
938 2618 1195 2671 Por-sono
1223 2612 1483 2687 Append.
1498 2612 1571 2667 ad
1594 2613 2048 2686 ToupiiEmend.

488 2728 551 2782 p.
588 2715 724 2781 491·
752 2710 817 2765 V.
852 2723 886 2759 α
922 2705 1096 2779 vulgo
1126 2702 1281 2780 δρυπ.
1318 2698 1507 2775 μάζαις
1540 2696 1631 2755 καὶ
1658 2701 1861 2773 διασκ.,
1894 2704 2054 2775 quasi

476 2795 769 2873 δρυπεπεῖς
786 2782 957 2866 μᾶζαι
972 2793 1299 2847 dicerentur
1318 2790 1379 2847 h.
1405 2790 1479 2857 1.,
1504 2800 1570 2843 ut
1584 2788 1739 2862 apud
1764 2790 2054 2845 Cratinum

490 2884 639 2940 Plut.
664 2900 722 2952 2,
755 2892 951 2938 contra
974 2890 1220 2935 mentem
1256 2878 1524 2936 Athenaei.
1556 2878 1687 2932 Non
1713 2878 1861 2932 male
1882 2878 2058 2952 igitur

492 2973 666 3027 Mein.
700 2969 881 3046 δρυπ.,
906 2965 997 3024 καὶ
1022 2963 1211 3042 μάζαις
1252 2965 1429 3023 διασκ.
1458 2967 1576 3021 Nos
1614 2966 1926 3021 lenioribus
1948 2985 2057 3021 nu-

491 3062 657 3114 meris
684 3054 918 3132 μάζαισι.
960 3055 1156 3130 Nuper
1197 3054 1509 3112 Meinekius
1537 3051 1833 3127 ζωμίοις,
1866 3052 2058 3130 δρυπε-

488 3144 649 3214 πέσι,
682 3143 898 3220 μάζαις,
930 3141 1021 3200 καὶ
1054 3143 1104 3202 δ.
1150 3168 1175 3193 σι
1208 3140 1682 3212 Διασκανδικίζειν,
1729 3161 1845 3216 quo
1886 3145 2056 3198 etiam

490 3235 782 3308 Aristoph.
815 3235 923 3308 Eq.
978 3251 1049 3308 ¹9
1086 3251 1219 3289 usus
1260 3243 1341 3288 est
1362 3274 1379 3304 ‚
1426 3231 1663 3305 proprie
1699 3230 1932 3305 quidem
1973 3233 2057 3286 si-

490 3321 721 3397 gnificat
762 3320 1171 3398 διευριπιδίζειν,
1212 3321 1272 3379 h.
1320 3339 1369 3376 e.
1410 3339 1560 3376 more
1601 3321 1887 3395 euripideo
1913 3339 2055 3395 gar-

489 3415 629 3476 rit-e,-
661 3409 760 3466 sed
782 3411 974 3485 potuit
992 3409 1051 3464 id
1078 3409 1195 3466 Tel.
1222 3409 1552 3484 simpliciter
1579 3407 1771 3464 dicere
1802 3428 1913 3483 pro
1944 3407 2060 3464 δια-

490 3495 731 3574 λέγεσθαι
756 3509 813 3553 et
841 3495 1032 3572 μάζαις
1060 3495 1234 3555 διασκ.
1263 3515 1375 3572 pro
1401 3503 1579 3552 mazis
1604 3502 1793 3565 vesci,
1820 3509 1885 3552 ut
1911 3497 2054 3553 Ari-

490 3587 681 3661 stoph.
716 3589 821 3659 Eq.
854 3585 967 3642 803
989 3626 1007 3655 ,
1055 3581 1337 3662 στεμφύλῳ
1375 3583 1447 3648 εἰς
1486 3581 1637 3660 λόγον
1666 3583 1855 3658 ἐλθεῖν,
1896 3587 2060 3638 olivis

489 3681 661 3729 vesci.
687 3676 949 3730 Ceterum
996 3673 1151 3749 δρυπ.
1189 3691 1292 3746 per
1331 3691 1389 3728 se
1418 3674 1594 3728 olivas
1633 3683 1883 3728 maturas
1919 3672 2058 3744 dixi}

490 3765 660 3818 etiam
679 3763 879 3818 Callias
906 3763 1107 3817 Athen.
1146 3782 1203 3830 α,
1240 3781 1303 3836 p.
1333 3759 1426 3831 57,
1455 3765 1538 3819 A:

572 3851 880 3932 Γογγυλίδες
895 3897 911 3930 ,
940 3853 1160 3932 ῥάφανοι
1182 3897 1197 3925 ,
1227 3854 1503 3932 δρυπεπεῖς
1518 3897 1534 3924 ,
1555 3856 1819 3930 ἐλατῆρες.
1846 3880 1867 3903 ¹·
1888 3857 1975 3913 M.

1264 3965 1322 4023 8.

571 4079 816 4134 Gramm.
848 4075 1087 4131 Bekkeri
1120 4076 1337 4133 Anecd.
1370 4096 1431 4150 p.
1475 4074 1614 4143 418,
1652 4075 1719 4132 15
1746 4096 1761 4132 ε
1786 4073 2058 4154 Ἀπαρτὶ

490 4165 619 4242 παρ’
650 4161 917 4242 Ἡροδότῳ
962 4161 1209 4239 σημαίνει
1252 4161 1311 4220 τὸ
1354 4161 1759 4240 ἀπαρτισμένως
1794 4161 1885 4220 καὶ
1909 4165 2055 4242 ἀκρι-

493 4249 615 4314 ὄῶς.
652 4292 686 4309 ..
718 4295 731 4308 .
770 4247 907 4326 τάχα
940 4249 993 4307 δὲ
1020 4253 1047 4306 ὃ
1070 4251 1212 4320 Τηλ.
1244 4249 1436 4326 ὁμοίως
1457 4253 1532 4329 τῷ
1562 4250 1826 4330 Ἡροδότῳ
1862 4250 2054 4330 κέχρη-

490 4360 594 4395 ‘tat‘

1098 4551 1101 4556 .
1248 4513 1301 4564 6,

492 4591 683 4656 Illum,
718 4592 936 4662 inopem
974 4593 1213 4662 consilii,
1262 4595 1407 4666 gravi
1452 4593 1626 4664 capite
1671 4592 1837 4648 modo
1869 4592 2055 4649 sedere

1229 4677 1489 4744 arbitror,
1522 4677 1687 4734 modo
1714 4687 1895 4734 autem
1925 4693 2053 4734 sane

489 4764 667 4820 solum
690 4781 757 4821 ex
778 4764 951 4836 capite
970 4765 1221 4822 undecim
1246 4773 1541 4822 stratorum
1567 4780 1825 4836 magnum
1847 4765 2052 4822 tumul-

1248 4929 1279 4978 7
1622 4857 1779 4921 [tum
1799 4853 2048 4909 excitare.

492 5010 697 5067 Orabat
722 5026 828 5077 me,
858 5018 921 5066 ut
948 5009 1172 5067 tandem
1196 5010 1484 5066 convenire
1512 5017 1692 5080 posset

494 5099 723 5153 maturis
744 5097 903 5153 olivis
927 5105 981 5153 et
1009 5097 1212 5170 garrire
1250 5113 1376 5152 cum
1408 5095 1575 5152 mazis
1598 5095 1666 5152 ad
1696 5095 1921 5152 modum
1948 5097 2051 5151 Eu·

1810 5183 2049 5255 [ripidiS.

1478 380 1892 443 cOMOEmAE
1935 380 2258 441 VETEms
2303 379 2705 453 uEuQmAE.

2241 556 2326 567 —-
2346 514 2432 579 Σὺ
2459 507 2535 589 δὴ
2559 506 2654 593 δὲ,
2683 512 2960 604 φρόνιμος
2986 513 3165 590 αὐτὸς
3192 512 3272 579 ὧν

2239 618 2464 712 ἀπαρτὶ
2497 620 2722 695 ταύτης
2757 628 2868 694 τῆς
2901 620 3145 711 τέχνης.

2144 744 2225 817 Δὴ
2277 750 2528 821 immisso
2575 759 2820 803 metrum
2861 748 3208 805 sarcivimus.
3253 746 3340 807 Cf.
3395 746 3592 821 fragm.
3651 750 3709 803 6.

2143 835 2389 893 Meinek.
2417 851 2431 892 :
2469 858 2492 883 ‹-
2523 832 2708 891 Possis
2736 831 2800 891 σὺ
2821 830 2878 891 δέ
2899 855 2978 910 γε,
3003 833 3105 889 sed
3123 833 3352 889 videtur
3369 834 3482 889 alia
3507 853 3710 889 corru-

2143 923 2300 997 ptela
2327 924 2523 979 latere.
2559 947 2584 975 n

2899 1020 2957 1076 9.

2231 1119 2592 1194 Phrynichus
2636 1120 2789 1194 Epit.
2846 1139 2910 1195 p.
2957 1118 3105 1190 376,
3162 1128 3220 1174 et
3269 1119 3515 1177 Thomas
3557 1121 3713 1195 Mag.

2146 1228 2210 1284 p.
2246 1227 2354 1285 291
2399 1227 2414 1267 t
2447 1209 2494 1264 οἱ
2533 1206 2577 1264 δ’
2601 1206 2818 1284 ἀρχαῖοι
2843 1204 3238 1284 περίστασιν
3265 1205 3478 1281 λέγουσι
3500 1207 3601 1276 τὴν
3635 1207 3720 1264 διά

2143 1317 2264 1354 τινα
2284 1294 2518 1377 τάραχον
2540 1292 2832 1375 παρουσίαν
2855 1292 3182 1363 πλήθους....
3225 1292 3408 1369 μάθοις
3431 1293 3476 1351 δ’
3508 1292 3573 1353 ἂν
3602 1298 3719 1366 Τη-

2146 1383 2408 1443 λεκλείδου
2433 1383 2674 1461 λε’γοντος
2693 1374 2796 1441 ὅδε
2813 1404 2826 1419 ·

2243 1505 2356 1584 Τίς
2386 1501 2498 1581 ἥδε
2537 1508 2760 1599 κραυγὴ
2797 1504 2902 1571 καὶ
2941 1495 3147 1597 δόμων
3181 1504 3568 1597 περίστασιςς

2886 1648 2978 1687 10.

2229 1746 2420 1819 Etym.
2441 1744 2522 1799 Μ.
2551 1760 2612 1817 p.
2641 1738 2779 1812 755,
2809 1738 2884 1808 46
2918 1759 2932 1795 :
2965 1739 3108 1808 Τηλ.

2243 1866 2483 1943 Πάντες
2515 1860 2588 1932 δὲ
2620 1858 3004 1942 τευτάζουσιν
3035 1865 3096 1931 οἱ
3129 1859 3402 1932 διάκονοι
3423 1890 3438 1905 ·

2151 1991 2266 2049 ἀντὶ
2294 1995 2385 2049 τοῦ
2432 1988 2899 2068 πραγματεύονται
2927 1988 3019 2050 καὶ
3048 1994 3451 2068 σκευωροῧνται.
3503 1994 3730 2050 Eadem

2147 2082 2356 2137 habent
2380 2081 2582 2137 Suidas
2605 2089 2661 2135 et
2687 2080 2922 2135 Photius
2941 2098 2994 2133 ν.
3019 2076 3319 2147 Τευτάζειν.

2884 2211 2975 2248 11.

2227 2304 2470 2361 Suidas:
2510 2300 2669 2361 Teis·
2707 2302 2778 2359 οὐ
2815 2297 2999 2379 παρὰ
3049 2299 3526 2381 Κενταύροισι
3571 2301 3736 2381 λεγό-

2151 2390 2307 2467 μενόν
2344 2412 2396 2445 τι
2421 2380 2504 2460 ἦν.
2533 2389 2673 2460 Τηλ.
2700 2387 2725 2411 *
2761 2414 2786 2441 σι
2811 2410 2918 2447 τισι
2945 2388 3046 2447 τῶν
3081 2390 3311 2448 δυνατῶν
3334 2413 3384 2446 τι
3425 2388 3652 2450 κέλευ’·
3679 2395 3737 2450 οὗ

2147 2476 2250 2557 γὰρ
2279 2474 2427 2557 παρὰ
2446 2473 2843 2555 Κενταύροισιν.
2877 2504 2902 2529 n
2931 2478 3202 2536 Similiter
3218 2477 3462 2535 photius
3484 2501 3556 2557 p.
3591 2482 3736 2551 565,

2152 2589 2208 2640 7,
2245 2580 2300 2625 et
2329 2569 2470 2639 613,
2511 2588 2532 2623 1
2551 2610 2570 2640 ,
2601 2586 2718 2640 quo
2747 2579 3035 2641 postremo
3064 2568 3198 2623 loco
3225 2566 3604 2641 Τηλεκλείδης
3633 2592 3740 2628 τισι

2150 2659 2415 2713 omissum
2443 2666 2544 2713 est.
2578 2656 2864 2713 Porsonus
2890 2655 3125 2715 Advers.
3151 2674 3214 2729 p.
3250 2654 3363 2711 266
3389 2675 3402 2712 ε

2246 2781 2326 2847 Τί
2359 2784 2460 2862 063
2493 2788 2614 2847 τῶν
2645 2772 2916 2846 δυνατῶν
2950 2805 3012 2845 τι
3043 2774 3252 2845 κέλευ’·
3297 2784 3365 2845 οὐ
3395 2779 3522 2873 γὰρ
3569 2781 3742 2873 παρὰ

2935 2884 3333 2977 Κενταύροισι
3363 2878 3519 2952 τάδ’
3545 2890 3742 2954 ἐστίν·

2152 3015 2396 3086 quorum
2444 3013 2758 3069 admodum
2797 3013 2989 3088 placet
3013 3009 3063 3065 τί
3109 3008 3199 3080 σύ;
3247 3011 3494 3084 adjectis
3539 3029 3746 3072 autem

2151 3097 2268 3156 τάδ’
2295 3098 2434 3156 ἔστιν
2464 3100 2626 3158 facile
2649 3101 2964 3158 carebimus
2980 3142 2999 3174 ,
3021 3097 3268 3178 ἀκεφᾶλῳ
3291 3101 3507 3158 relicto
3535 3123 3742 3160 versu.

2783 3231 2874 3280 ια,
2921 3229 2975 3280 a,
3019 3211 3083 3268 b.

2230 3325 2463 3381 Antiatt.
2492 3343 2553 3398 p.
2601 3343 2733 3396 107,
2765 3321 2984 3402 Μόμφιν
3017 3344 3030 3378 :
3056 3321 3172 3379 ἀντὶ
3199 3323 3292 3379 τοῦ
3317 3318 3571 3400 μέμψει.
3603 3327 3750 3398 Τηλ-

2158 3437 2182 3462 «
2213 3414 2368 3488 Lege
2395 3409 2602 3490 μόμφον
2625 3412 2692 3488 (i‘)
2733 3413 2824 3467 vel
2863 3409 3102 3490 μομφήν.
3133 3411 3296 3468 Phot.
3326 3429 3384 3485 p.
3424 3411 3560 3486 ²57
3579 3457 3602 3486 ,
3650 3419 3756 3485 26,

2152 3497 2174 3518 ¹
2194 3500 2563 3580 μέμφειραν
2593 3520 2606 3556 :
2640 3499 2734 3568 τὴν
2758 3497 2978 3579 μέμψιν.
3007 3499 3149 3568 Τηλ.
3171 3501 3441 3557 Fortasse
3469 3501 3758 3578 μέμπτει·

2151 3609 2270 3665 ραν,
2291 3585 2386 3656 τὴν
2409 3585 2749 3667 μεμφομένην
2784 3612 2809 3636 ιι
2837 3591 3013 3644 Mein.
3031 3589 3288 3661 Utraque
3304 3605 3424 3643 vox
3459 3591 3762 3650 inusitata

2147 3687 2259 3749 est,
2289 3679 2422 3731 satis
2444 3687 2632 3731 autem
2657 3675 2972 3756 frequentia
3000 3695 3046 3732 ει
3067 3686 3127 3731 et
3150 3697 3212 3743 ω,
3239 3673 3272 3730 λ
3295 3685 3353 3730 et
3373 3695 3408 3754 ρ
3437 3681 3714 3736 confusa
3745 3671 3771 3735 ;Ἰ

2027 3787 2044 3803 ·
2147 3781 2324 3836 quare
2351 3763 2544 3818 malim
2570 3763 2838 3837 equidem
2863 3759 3154 3840 μεμφωλὰν
3188 3762 3386 3819 dorice
3409 3804 3430 3832 ,
3466 3770 3570 3823 vel
3599 3789 3771 3843 μεμ-

2147 3847 2355 3929 φωλὴν,
2387 3850 2543 3924 quod
2572 3860 2746 3906 exstat
2769 3850 2920 3925 apud
2949 3850 3307 3923 floeychium.

2881 3962 2973 4021 13.

2226 4079 2479 4136 Gramm.
2503 4078 2747 4134 Bekkeri
2768 4082 2876 4134 An.
2901 4098 2964 4153 p.
2995 4076 3131 4149 371,
3162 4077 3235 4134 32
3261 4094 3278 4134 ε
3307 4073 3692 4154 Ἀκροκὼλ
3711 4107 3772 4140 ια

2147 4165 2248 4223 δίε
2265 4189 2301 4244 φ
2318 4170 2346 4223 θ
2363 4189 2419 4225 α.
2467 4167 2608 4236 Τηλ.
2655 4169 2804 4223 Male
2855 4166 3030 4224 codd.
3077 4161 3402 4242 Ἀκροκῶλια
3460 4188 3478 4224 :
3531 4168 3772 4250 δίεφθα.

2146 4255 2329 4311 Sensit
2353 4256 2529 4310 Mein.
2561 4255 2926 4310 Pherecrates
2955 4252 3203 4311 Μεταλλ.
3231 4252 3300 4308 fr.
3341 4271 3404 4322 1,
3443 4255 3556 4329 13,
3593 4255 3772 4338 δίεφθ’

2145 4339 2442 4418 ἀκροκώλια
2453 4386 2466 4398 .

2217 4597 2302 4651 Tu
2330 4609 2457 4651 vero
2479 4595 2686 4651 scilicet
2702 4636 2717 4662 ‚
2739 4512 3048 4667 quumaipse
3071 4591 3318 4665 inprimis

2147 4696 2351 4752 gnarus
2375 4681 2454 4737 sis
2479 4681 2645 4754 hujus
2667 4683 2818 4738 artis.
2899 4758 2936 4808 9

2145 4838 2410 4908 Quisnam
2433 4837 2525 4894 hic
2547 4838 2756 4896 clamor
2777 4846 2834 4896 et
2857 4853 2956 4894 cur
2977 4835 3206 4893 domum
3230 4833 3650 4898 circumstant
3669 4849 3700 4900 Ρ

2889 4932 2973 4983 10.

2144 5014 2348 5068 Omnes
2365 5020 2551 5069 autem
2573 5011 2831 5068 insidiose
2849 5018 3020 5083 agunt
3039 5007 3292 5064 ministri.

2877 5103 2959 5154 11.
3143 5097 3354 5162 [tauros
3387 5099 3740 5168 (aguntur
3757 5113 3772 5180 '1

2143 5184 2286 5256 Quid
2305 5188 2403 5242 tu?
2421 5185 2725 5262 efficacium
2745 5182 2948 5258 aliquid
2963 5181 3113 5254 jube.
3137 5183 3272 5236 Haec
3291 5196 3412 5238 non
3429 5182 3614 5244 inter
3633 5195 3772 5252 Cen
