3809 5850
1512 402 1609 461 PH
1619 401 2081 465 ERECRATES.

274 542 635 636 ἀριστήσειν,

202 680 331 727 etiam
365 682 521 740 sunt,
566 688 705 743 quoe
764 674 823 722 in
874 686 1033 723 meas
1090 672 1255 723 cistas
1308 669 1738 737 descenderunt,

200 761 501 839 pnmdenda
526 760 719 815 nobis.

937 869 993 927 8.

262 988 459 1043 Athen.
491 985 555 1053 8,
585 1002 651 1058 p.
690 980 829 1051 335,
874 986 921 1037 A
956 1000 967 1035 ε
1016 980 1082 1036 δι’
1113 981 1249 1055 ὑμᾶς
1276 976 1330 1036 δὲ
1372 978 1463 1037 καὶ
1501 980 1579 1057 τῷ
1600 975 1752 1034 παιδὶ

196 1070 647 1151 παρακελεύσομαι
668 1065 811 1125 κατὰ
836 1062 957 1132 τοὺς
983 1064 1351 1145 Φερεκράτους
1370 1067 1437 1127 Μ
1450 1098 1533 1113 -
1553 1086 1680 1131 πους
1696 1088 1711 1102 ·

268 1186 593 1267 Μηδέποτ’
647 1190 850 1283 ἰχθὺν,
896 1186 947 1255 ὦ
987 1189 1375 1274 Δευκαλίων,
1427 1184 1611 1283 μηδ’,
1650 1187 1753 1256 ἐὰν

1102 1296 1583 1390 αἰτῶ,·παραθῇς
1622 1322 1747 1388 μοι.

178 1428 355 1501 Vulgo
384 1424 519 1500 μηδ’
548 1422 639 1480 ἄν.
670 1424 845 1483 Dind.
881 1446 945 1498 μ.
973 1422 1059 1494 ἤν.
1092 1449 1115 1473 α
1151 1427 1502 1483 Pherecratis
1528 1446 1749 1483 versum

174 1516 359 1569 attulit
384 1514 651 1571 Eustath.
684 1532 747 1587 p.
798 1531 973 1583 1720,
1020 1514 1117 1579 46.
1153 1538 1180 1563 ι
1222 1517 1396 1573 Dind.
1436 1516 1753 1572 Deucalion

172 1603 307 1658 servi
336 1620 559 1658 nomen
588 1611 705 1671 est,
742 1610 811 1655 ut
846 1600 1084 1673 Trojani
1124 1602 1415 1675 cujusdam
1453 1603 1619 1663 Iliad.
1654 1622 1751 1675 ao,

170 1692 317 1761 4783
346 1691 497 1745 nihil
522 1688 788 1765 amplius.

570 1802 581 1811 .
935 1822 995 1877 9·

240 1924 437 1981 Schol.
469 1922 775 1997 Aristoph.
814 1923 983 1995 Voep.
1010 1921 1127 1993 672
1156 1938 1171 1978 ι
1195 1920 1257 1978 τὸ
1289 1919 1345 1979 δὲ
1368 1921 1753 2003 λαγαρῦζεσθαι

169 2009 341 2087 ἔτερόν
364 2032 419 2067 τι
458 2008 635 2067 ἔοικεν
658 2006 957 2085 ἐμφαίνειν.
985 2008 1063 2067 Φ.
1098 2009 1180 2067 Μ.
1208 2008 1324 2066 ἀντὶ
1347 2013 1439 2067 τοῦ
1462 2010 1750 2070 σιδαλεόειν

176 2101 325 2174 (leg.
370 2096 675 2155 σκαλεύειν.
705 2099 885 2152 Mein.
906 2098 945 2171 )·
984 2121 1009 2148 α
1035 2092 1169 2176 Ἄρα
1205 2098 1323 2155 ποθ’
1352 2100 1502 2173 ὑμεῖς
1540 2097 1633 2157 καὶ
1660 2103 1755 2171 τῆς

172 2187 361 2264 ὀροφῆς
386 2182 477 2243 τὸν
507 2186 641 2262 χοῦν
682 2181 823 2241 κατὰ
864 2186 959 2253 τῆς
997 2186 1229 2262 κεφαλῆς
1270 2186 1753 2260 κατακοιμήσανται

180 2272 600 2351 λαγυριζόμενοι.
644 2296 673 2321 ⁸
714 2274 799 2329 Ne
834 2272 1041 2348 longus
1076 2273 1215 2341 sim',
1254 2276 1439 2332 statim
1468 2293 1751 2351 apponam

176 2362 556 2417 verosimilem
583 2360 801 2415 horum
833 2360 1175 2433 scripturam
1212 2376 1229 2417 Ξ

260 2524 361 2533 —-·
402 2474 537 2575 Ᾰρα
562 2484 888 2576 προθύμως
928 2482 1035 2549 καὶ
1065 2494 1176 2561 τῆς
1214 2488 1428 2577 ὀροφῆς
1458 2488 1563 2552 τὸν
1608 2499 1751 2580 χοῦν

1157 2587 1321 2655 κατὰ
1348 2602 1460 2667 τῆς
1492 2599 1753 2683 κεφαλῆς

262 2699 743 2787 καταμῆσονται
773 2690 1281 2788 λαγανιζόμενοις

180 2851 227 2885 ιιι
240 2832 457 2905 quibus
468 2827 759 2909 προθύμως
774 2841 831 2887 et
850 2827 1249 2905 καταμῆσονται
1264 2832 1509 2890 Meinelt.
1526 2835 1754 2893 Schnei-

179 2920 343 2976 der-us
364 2933 559 2978 autem
588 2918 672 2996 (in
695 2920 908 2976 Lexico
934 2938 995 2975 v.
1026 2915 1331 2997 Λαγαρίζω)
1360 2920 1754 2999 λαγανιζόμενοι

174 3010 541 3066 scribendum
576 3009 864 3065 intellexit
880 3049 899 3080 ,
922 3020 991 3064 ut
1018 3008 1160 3063 boni
1187 3009 1333 3078 viri,
1362 3028 1395 3065 a
1424 3013 1641 3084 quibus
1668 3014 1754 3070 fa.

174 3097 299 3154 bula
329 3117 551 3154 nomen
580 3097 789 3167 habet,
818 3099 910 3153 vel
952 3098 1013 3151 in
1041 3097 1243 3172 tegulis
1270 3097 1477 3155 domus
1502 3101 1752 3158 libenter

170 3187 505 3242 decubituri
550 3185 817 3242 dicantur
858 3184 933 3240 ad
974 3184 1220 3242 edendas
1257 3183 1641 3261 placentulas3
1688 3210 1747 3249 v,

168 3273 350 3328 schol.
382 3275 568 3346 Cruq.
593 3272 670 3328 ad
694 3275 899 3327 Horat.
934 3273 1119 3330 Serm.
1153 3290 1207 3342 1,
1242 3271 1301 3342 6,
1339 3271 1473 3332 115.
1504 3277 1749 3351 Hesych.

168 3357 309 3424 Χοΐσς
340 3381 355 3415 :
388 3359 487 3417 καὶ
526 3357 591 3416 τὸ
629 3356 1046 3435 ἕπιὸαλλόμενον
1074 3357 1249 3438 ὀρόφῳ
1274 3361 1435 3436 χῶμα
1455 3404 1474 3433 ,
1502 3364 1545 3420 i.
1576 3383 1631 3422 e.
1664 3361 1752 3420 κέ-

158 3469 375 3524 ραμος,
410 3459 598 3517 toetae,
628 3447 857 3522 tegulae.
900 3447 1082 3504 Thuc.
1117 3453 1173 3518 4,
1219 3447 1295 3513 48
1330 3467 1343 3504 :
1379 3446 1631 3516 διελόντες
1654 3447 1751 3522 τὴν

155 3533 367 3614 ὀροφὴν
400 3529 635 3591 ἕὸαλλον
660 3534 737 3612 τῷ
763 3529 1001 3612 κεράμῳ.
1024 3533 1445 3609 Καταμήσονται
1460 3579 1477 3608 ,
1499 3550 1566 3594 ut
1586 3559 1755 3596 κατα-

149 3623 391 3696 μήσατο
412 3623 591 3680 Iliad.
626 3628 727 3692 24,
762 3621 897 3692 165,
923 3623 1026 3678 ubi
1052 3624 1224 3684 schol.
1246 3623 1539 3702 κατεχέατο
1557 3667 1575 3696 ,
1600 3649 1755 3684 κατε-

144 3710 442 3769 crinem.
460 3711 727 3786 'Hesycin
756 3711 820 3770 h.
851 3729 911 3770 ν.
945 3708 1303 3789 ἕπεσώρευσεν
1332 3715 1591 3788 exponit.

846 3843 941 3884 10.
1001 3844 1094 3883 11.

148 4027 213 4085 Φ
231 3943 495 4088 Ρξιιοῑίιιι
516 3959 577 4016 p.
596 3937 735 4014 573,
753 3936 1282 4015 7,Τεθολωμε’νος
1304 3959 1320 4000 :
1344 3938 1435 3999 καὶ
1455 3940 1541 4000 ἐπὶ
1564 3951 1754 4021 χαρᾶς.

260 4152 571 4212 Γελῶντα
588 4193 611 4228 ,
640 4143 746 4210 καὶ
775 4143 1093 4238 χαίροντα,
1122 4143 1223 4210 καὶ
1256 4145 1688 4237 τεθολωμένον.

152 4273 251 4330 καὶ
280 4273 377 4371 ἐπὶ
398 4273 583 4344 λύπης
596 4295 614 4310 ·

944 4491 1001 4541 8.

150 4571 365 4644 Reque
379 4586 659 4644 unquam,
678 4571 1007 4642 Dimalion,
1025 4575 1275 4645 quamvis
1293 4591 1533 4648 poscam,
1552 4576 1757 4648 piscem

946 4664 1003 4714 9.
1333 4665 1353 4730 [
1372 4679 1583 4735 appone
1602 4663 1755 4719 milii.

164 4747 373 4801 Nonne
400 4745 645 4804 libenter
664 4745 749 4802 vel
776 4747 995 4820 tegulas
1025 4746 1226 4804 domus
1250 4748 1321 4805 ad
1349 4759 1513 4822 caput

162 4831 515 4889 aoervahunt
540 4833 883 4905 placentulas
910 4834 1298 4890 comedentes?

928 4924 952 4973 1
962 4925 1017 4974 0.

178 5006 495 5076 nidi-utem,
522 5018 579 5068 et
598 5007 960 5083 gaudentem,
980 5017 1039 5068 et
1065 5010 1471 5068 conturbatum.

900 5105 907 5126 '
934 5104 1019 5153 ll.

191 5183 269 5239 Ad
288 5187 493 5246 mania
518 5189 627 5256 (al.
654 5187 917 5256 tristitia)
942 5203 1039 5244 cor
1064 5187 1513 5246 conturbabatur.

3297 416 3405 469 105

1947 534 2078 607 Ῠπὸ
2111 550 2223 617 τῆς
2254 541 2424 618 ἀνίας
2457 541 2792 608 άνεθολοῦθ’
2829 546 2866 614 ἡ
2903 535 3146 632 καρδία.

1844 667 1937 722 Sic
1959 668 2124 723 etiam
2152 667 2352 723 Suidas
2373 668 2436 726 h.
2468 687 2552 737 ν.,
2579 669 2686 723 nisi
2709 667 2865 740 quod
2895 667 2973 722 ibi
3001 668 3209 743 legitur
3236 669 3410 725 inusi-

1846 764 1959 811 tate
1987 753 2320 825 ἀπεθολοῦθ’,
2363 766 2419 811 et
2460 758 2648 829 Etym.
2677 757 2787 825 M„
2831 756 2936 810 ubi
2960 766 3148 811 tamen
3175 754 3279 813 ὑπὸ
3317 760 3410 825 τῆς

1842 840 2020 906 ἀνοίας
2047 841 2352 900 ἀνεθολοῧτο
2391 840 2438 897 δ’
2464 845 2499 911 ἡ
2528 863 2604 915 κ.,
2637 844 2810 917 ipsius
2845 840 3036 897 Photii
3064 844 3246 899 codex
3267 844 3407 901 ἅλε-

1844 925 1996 987 Θόλου
2016 926 2083 989 δ’.
2111 954 2137 980 α
2162 931 2414 987 Pertinet
2429 931 2540 986 huc
2557 931 2736 1006 glossa
2761 931 3024 1003 Hesychii
3043 928 3366 989 Ἀνεθολοῧτο
3389 953 3405 991 :

1846 1015 2248 1096 ἄνεταράσσετο.
2281 1019 2560 1075 Convenit
2584 1020 2960 1076 Horatianum
2997 1020 3272 1075 turbidum
3309 1025 3411 1075 loe-

1845 1118 1998 1162 tatur
2023 1108 2209 1165 Carm.
2241 1126 2300 1177 2,
2355 1128 2447 1181 19,
2497 1108 2556 1167 6.
2601 1132 2628 1159 n
2671 1109 2849 1162 Mein.
2881 1110 3102 1163 Horum
3144 1126 3408 1165 versuum

1843 1196 2035 1269 priore
2054 1195 2276 1253 ebrium
2295 1195 2538 1251 describi
2560 1206 2733 1271 puto;
2753 1197 3072 1269 posteriore
3089 1240 3104 1268 ,
3124 1198 3170 1253 si
3191 1198 3408 1272 legatur

1848 1281 2056 1358 ἀνοίας,
2085 1285 2499 1354 temulentiam,
2541 1302 2713 1357 quarn
2741 1302 2873 1339 vere
2901 1286 3172 1341 insaniam
3218 1287 3403 1357 dicas3

1845 1372 1932 1426 sin
1968 1369 2146 1442 ἀνίας,
2177 1371 2338 1445 quod
2381 1374 2566 1427 minus
2591 1371 2806 1445 probe,
2834 1372 2955 1427 haec
2997 1372 3210 1429 fuerint
3235 1374 3406 1429 verba

1843 1457 2094 1531 alicujus,
2134 1460 2320 1515 amico
2358 1460 2675 1526 narrantis,
2721 1459 2830 1513 sibi
2867 1469 3000 1513 tunc
3045 1460 3214 1516 taedio
3242 1460 3407 1517 fuisse

1844 1548 2171 1603 convivium
2199 1548 2422 1622 longius
2445 1545 2808 1621 productum.

2579 1677 2673 1717 ια.

1925 1775 2160 1847 SuidaS,
2193 1772 2342 1850 Αἷγίς
2375 1792 2389 1833 :
2422 1771 2682 1849 καταιγίς.
2717 1772 2798 1833 Φ.
2837 1774 2918 1833 Μ.

1945 1890 2130 1980 Οἴμοι
2160 1883 2581 1979 κακοδαίμων,
2615 1885 2776 1980 αἰγὶς
2806 1881 3083 1979 ἔρχεταιέ

1844 2018 1998 2089 Vox,
2015 2020 2073 2074 ni
2090 2017 2275 2089 fallor,
2290 2018 2485 2088 sobrii,
2501 2016 2862 2073 accedentem
2877 2018 3172 2075 minaciter
3185 2018 3408 2075 ebrium

1848 2107 2126 2176 timentis,
2159 2125 2330 2180 quem
2371 2114 2761 2179 tempestatem
2789 2114 2958 2161 vocat
2997 2108 3404 2180 metaphorice.

1842 2196 2158 2251 Meinekius
2201 2190 2337 2271 αἰγίς
2375 2193 2721 2249 vocabulum
2747 2193 3037 2269 duplicat,
3068 2206 3134 2251 ut
3161 2198 3406 2253 senarius

1845 2283 2054 2340 evadat
2089 2282 2327 2358 integer.
2617 2360 2649 2416 3

2581 2380 2604 2417 1
2660 2406 2673 2420 .

1923 2434 2186 2548 Denique
2227 2475 2470 2530 talorum
2517 2474 2686 2529 ludus
2718 2472 3068 2547 significatur
3107 2474 3242 2547 illis,
3281 2495 3406 2550 quae

1842 2564 2058 2619 habent
2084 2562 2370 2621 Zenobius
2398 2568 2431 2628 4
2449 2602 2466 2631 ,
2497 2560 2571 2619 23
2587 2605 2606 2636 ,
2633 2573 2691 2619 et
2717 2561 2893 2620 schol.
2917 2562 3168 2619 Platonis
3193 2582 3254 2639 p.
3289 2564 3405 2630 460

1844 2654 2119 2723 Bekker.,

1943 2756 1998 2836 ii
2026 2768 2155 2860 τρὶς
2189 2766 2274 2851 ἓξ,
2305 2764 2342 2839 ἢ
2373 2774 2531 2861 τρεῖς
2558 2760 2728 2833 >caeos
2761 2790 2776 2831 :

1845 2900 1879 2968 ἡ
1904 2893 2163 2974 παροιμία
2189 2892 2335 2975 παρὰ
2365 2891 2691 2974 Φερεκράτει
2718 2895 2772 2952 ἐν
2798 2900 2904 2960 τοῖς
2933 2896 3010 2955 Μ.
3035 2901 3207 2953 κεῖται
3234 2892 3288 2954 δὲ
3317 2897 3406 2955 ἐπὶ

1844 2987 1950 3044 τῶν
1974 2982 2474 3044 ἄποκινδυνευόντων
2489 3005 2502 3020 ·
2527 2981 2588 3040 τὸ
2613 2981 2709 3058 μὲν
2732 2981 2834 3062 γὰρ
2867 2982 3066 3062 (τρὶς)
3098 2982 3151 3052 ἓξ
3169 2983 3264 3054 τὴν
3281 3007 3408 3042 παν-

1845 3076 1973 3144 τελῆ
2016 3071 2161 3144 νίκην
2189 3073 2340 3144 δηλοῖ
2357 3117 2377 3149 ,
2423 3070 2483 3129 τὸ
2529 3067 2586 3128 δὲ
2631 3077 2806 3148 τρεῖς
2852 3068 3074 3152 [κύὸοι]
3102 3071 3196 3142 τὴν
3221 3063 3406 3143 ἧτταν.

1845 3169 2117 3239 Apparet,
2144 3165 2480 3237 interpretes
2501 3161 2648 3216 male
2669 3161 2913 3216 omisisse
2933 3157 2993 3217 τὸ
3015 3159 3124 3238 τρὶς
3139 3203 3156 3234 ,
3180 3173 3408 3219 contra-

1846 3271 1960 3327 que
1986 3251 2400 3308 inconsiderate
2427 3249 2734 3304 inculcasse
2761 3268 2963 3306 vocem
2989 3247 3162 3308 κύὸοι.

2369 3375 2525 3436 XIV.
2569 3372 2875 3434 ΠΕΡΣΑῙ.

1924 3496 2012 3550 De
2031 3490 2202 3564 hujus
2229 3508 2459 3566 quoque
2481 3488 2684 3546 fabulae
2701 3499 2871 3564 poeta
2899 3489 3220 3546 dubitatum
3243 3491 3410 3549 fuisse

1846 3582 2151 3656 aliquoties
2167 3589 2442 3635 annotant
2462 3577 2762 3634 Athenaeus
2789 3588 2846 3634 et
2864 3579 3064 3634 Pollux
3081 3621 3101 3654 ,
3125 3579 3187 3634 in
3213 3579 3321 3636 hac
3345 3600 3408 3637 re

1846 3670 1980 3726 satis
2010 3668 2324 3743 diligentes.

2611 3765 2634 3801 1
2649 3788 2662 3801 .

1928 3860 2228 3918 Athenaeus
2255 3859 2316 3928 6,
2343 3877 2405 3934 p.
2442 3857 2582 3932 269,
2621 3859 2688 3928 C,
2714 3857 2994 3931 adscripta
3033 3858 3232 3932 ecloga
3273 3877 3298 3913 1
3339 3877 3408 3916 ex

1848 3955 2142 4012 Metallicis
2173 3954 2340 4027 hujus
2367 3956 2576 4026 nostri,
2609 3955 2690 4010 sic
2715 3955 2904 4030 pergit
2944 3974 2958 4008 ι
2996 3952 3094 4009 κάν
3135 3959 3240 4020 τοῖς
3271 3953 3410 4032 Πέρ-

1848 4062 1966 4109 σαις
1989 4039 2046 4100 δέ
2072 4063 2202 4120 φησι
2217 4063 2232 4077 ·

1993 4155 2105 4234 Τίς
2133 4149 2198 4222 δ’
2230 4157 2348 4224 ἔσθ’
2387 4162 2533 4249 ἡμῖν
2565 4165 2689 4223 τῶν
2719 4165 2838 4222 σῶν
2874 4157 3136 4249 ἀροτῶν,
3169 4157 3206 4230 ἢ
3245 4151 3414 4249 ζυγο-

2844 4273 3060 4347 ποιῶν,
3089 4265 3178 4329 ἔτι
3204 4265 3410 4356 χρεία,

2591 4493 2678 4545 12.

1849 4581 1948 4635 Vae
1967 4576 2106 4634 mihi
2125 4577 2327 4634 misero
2348 4593 2363 4632 ε
2383 4584 2681 4650 tempestas
2700 4577 2846 4634 venit
2866 4579 2880 4630 Ξ

2600 4667 2683 4718 13.

1848 4749 1950 4806 Vel
1971 4755 2054 4806 ter
2079 4763 2192 4818 sex,
2217 4748 2430 4806 veltres
2449 4748 2563 4804 tali.

2500 4835 2762 4891 PERSAE.

2608 4931 2632 4978 l
2645 4965 2658 4978 .

1960 5012 2094 5083 Quis
2113 5020 2296 5068 autem
2318 5011 2472 5067 nobis
2502 5020 2719 5068 tuorum
2745 5019 3018 5067 aratorum
3049 5017 3142 5066 aut
3164 5009 3413 5066 istorum.

2294 5101 2386 5173 qui
2407 5101 2536 5172 juga
2558 5099 2913 5166 fabricantur,
2939 5113 3070 5156 usus
3097 5097 3275 5155 adhuc
3297 5107 3410 5162 cst,
