3809 5850
543 438 649 489 85⁴

1550 411 1824 474 MEDIAE
1873 405 2284 469 GOMOEDIAE
2326 402 2741 477 RELIQUIAE.

543 560 580 632 5
637 562 718 637 εἰς
745 548 970 650 ἄφοδον
1005 554 1193 621 ἐλθὼν
1230 553 1436 642 ὅμοιον
1469 553 1653 614 πᾶσιν
1677 546 1856 612 αὑτὸν
1873 542 2111 633 ὄψεται,
2204 540 2423 613 ingrata
2444 548 2527 593 est
2549 534 2812 611 agricolis
2840 544 3014 605 atque
3038 530 3333 604 exstirpari
3350 530 3433 585 vel
3458 532 3536 583 uri
3562 532 3693 601 solet;

635 664 744 735 κᾶν
780 672 976 755 σκοπῇ
1002 658 1083 726 τὰ
1112 666 1234 725 τῶν
1260 658 1476 748 ἰατρῶν
1510 664 1616 720 τοῦ
1639 653 1772 738 βίου
1800 653 2113 743 τεκμήρια,

1865 752 1893 774 a

2204 647 2260 686 v.
2276 630 2477 684 Horat.
2494 626 2675 682 Serm.
2704 640 2757 692 ι,
2788 620 2845 691 3,
2870 620 2968 693 37,
2984 618 3153 693 Virg.
3174 619 3377 692 Georg.
3393 635 3448 686 a,
3471 618 3693 691 189‚etc.:

2203 715 2298 770 hic
2332 733 2429 770 rus
2455 713 2633 769 modo
2663 710 2906 784 indicat,
2936 717 3001 763 ut
3025 706 3184 781 apud
3208 706 3562 763 Theocritum.
3586 709 3639 761 V.
3664 705 3692 761 3,

637 771 748 849 τὰς
783 763 1002 863 φλέὸας
1049 766 1099 831 θ’
1149 766 1290 829 ὅποι
1348 763 1656 853 φέρονται’
1702 755 1814 835 τὰς
1852 782 1976 822 “vm
2012 754 2115 819 καὶ
2214 829 2238 853 «ι
2271 804 2467 859 Varias
2488 812 2652 857 terrae
2668 800 2884 875 species
2901 797 3087 855 Graeci
3108 793 3477 869 abstergendis
3497 794 3693 853 manibus

1816 860 1928 939 τὰς
1948 861 2118 925 κάτω

639 981 972 1075 τεταμένας
991 1027 1011 1058 ,
1047 971 1130 1043 δι’
1163 972 1245 1041 ὧν
1277 980 1310 1041 ὁ
1352 973 1566 1047 Θνητὸς
1605 973 1726 1047 πᾶς
1769 963 2120 1060 κυὸερνᾶται

1958 1070 2113 1156 βίος,

553 1217 728 1274 Versu
753 1220 787 1281 4
819 1209 1058 1285 adjectis
1082 1206 1272 1265 verbis
1297 1203 1354 1263 οὔ
1393 1201 1622 1283 φρονῶν,
1643 1201 1950 1274 desipiens,
1977 1196 2121 1254 offe·

549 1306 690 1361 cisse
720 1302 988 1359 videntur
1022 1298 1246 1368 similia,
1271 1313 1395 1369 quae
1417 1289 1782 1356 antecedunt,
1821 1308 1913 1343 -ον
1950 1282 2126 1364 φρονεῖ

547 1392 762 1465 (codex
791 1392 834 1445 P
862 1384 1121 1467 φρονεῖν).
1154 1384 1390 1440 Grotius
1423 1378 1711 1455 supplevit
1750 1372 1952 1445 δηλαδή
1974 1415 1993 1448 ,
2021 1376 2123 1429 Ja-

552 1480 781 1537 cobsius
803 1466 846 1534 ‹3⁸›
873 1474 1062 1553 πάτερ.
1099 1472 1325 1529 Ibidem
1361 1469 1494 1525 libri
1532 1466 1718 1522 minus
1742 1464 1890 1520 bene
1930 1458 2125 1538 ἀθλίῳ,

549 1578 607 1623 et
637 1570 830 1642 inepte
857 1560 1164 1637 νομίσματι.
1196 1563 1264 1616 V.
1301 1556 1334 1614 5
1364 1553 1580 1634 ἄφοδον,
1606 1558 1711 1607 iter
1726 1552 1969 1617 devium,
1992 1549 2033 1607 i.
2067 1565 2119 1606 e.

550 1656 775 1729 tropice
812 1667 1053 1709 errorem
1091 1670 1110 1704 .-
1154 1646 1394 1723 propria
1427 1638 1770 1717 significatio
1809 1637 1999 1710 vocis,
2025 1633 2127 1691 sed

553 1746 776 1813 rarior3
799 1741 1058 1799 similiter
1093 1736 1364 1795 Germani
1401 1732 1634 1803 Abweg.
1669 1730 1736 1785 V.
1781 1726 1818 1783 6
1854 1723 2026 1800 vulgo
2065 1718 2127 1779 ἂν

555 1832 626 1907 (ἰ.
657 1850 710 1893 e.
749 1826 895 1904 ἐὰν),
926 1828 1026 1885 sed
1057 1843 1203 1901 opus
1237 1834 1322 1879 est
1358 1820 1602 1894 copula,
1641 1814 1949 1889 siquidem,
1979 1822 2045 1867 ut
2068 1812 2131 1865 in

555 1919 874 1994 praegressis
918 1917 1110 1972 animo
1130 1955 1149 1988 ,
1172 1914 1252 1968 ita
1287 1910 1406 1983 jam
1445 1905 1676 1981 corpori
1704 1918 1938 1978 quoque
1973 1898 2129 1955 simi-

555 2095 865 2171 gantissimi
899 2109 1030 2149 sane
1065 2086 1362 2156 versiculi,
1407 2100 1554 2157 quos
1596 2077 1925 2155 proferebat
1949 2072 2098 2131 filius
2112 2114 2129 2145 ,

555 2204 685 2240 cum
712 2194 902 2258 patre,
932 2176 1271 2237 austeritatis
1303 2185 1362 2229 et
1408 2169 1734 2227 tetricitatis
1751 2166 1938 2224 nimiae
1961 2164 2087 2221 viro
2111 2205 2130 2238 ,

557 2274 872 2347 disputans.
904 2294 930 2320 υ
964 2274 1029 2327 V.
1070 2288 1101 2339 7
1134 2264 1180 2323 θ’
1212 2261 1442 2321 addidit
1461 2257 1730 2319 Dindorf.

1317 2406 1352 2444 α

642 2508 803 2563 Idem
835 2505 927 2575 13,
975 2523 1036 2580 p.
1095 2501 1208 2559 586
1229 2542 1246 2572 ,
1286 2504 1340 2557 A
1397 2518 1409 2552 ι
1461 2493 1590 2573 περὶ
1625 2490 1719 2567 μὲν
1749 2492 1842 2560 τῆς
1893 2485 2137 2556 Σινώπης

560 2592 836 2673 Ἡρόδικος
854 2595 882 2649 ὃ
904 2588 1228 2670 Κρατήτειος
1247 2588 1300 2645 ἐν
1320 2582 1457 2664 ἕκτῳ
1481 2576 1930 2657 Κωμῳδουμένων
1954 2574 2133 2654 φησὶν,

561 2682 641 2741 ὅτι
667 2677 888 2746 Ἀὅυδος
917 2676 1122 2755 ἐλέγετο
1159 2671 1244 2734 διὰ
1273 2672 1335 2731 τὸ
1369 2674 1530 2751 γραῦς
1567 2656 1722 2726 εἶναι.
1753 2659 2067 2740 μνημονεύει
2094 2658 2139 2717 δ’

563 2772 724 2841 αὐτῆς
753 2764 1056 2846 Ἀντιφάνης
1085 2765 1138 2823 ἐν
1165 2759 1381 2841 Ἀρκάδι
1409 2754 1501 2815 καὶ
1533 2755 1825 2832 Κηπουρῷ.
1856 2753 2138 2809 Videntur

562 2862 752 2916 lusisse
775 2856 1106 2913 nominibus
1134 2853 1365 2921 urbium
1394 2850 1634 2921 Sinopes
1657 2854 1714 2900 et
1736 2840 1959 2915 Abydi,
1986 2857 2139 2915 qua-

565 2968 696 3005 rum
743 2947 840 3003 illa
868 2946 1188 3019 recentior,
1217 2939 1454 3015 Abydus
1502 2946 1691 2994 autem
1733 2931 2137 3003 antiquissima,

566 3055 635 3093 ex
668 3037 920 3092 Homero
953 3043 1122 3099 nota,
1155 3031 1249 3087 cui
1283 3045 1456 3084 anum
1484 3024 1740 3097 Sinopen
1771 3032 2140 3092 comparave-

567 3125 684 3180 rint
712 3122 1030 3181 irridentes.

786 3283 948 3345 XIX.
1010 3277 1380 3342 ΑΡΓΥΡΙΟΥ
1429 3269 1908 3336 ΑΦΑΝΙΣΜΟΣ.

651 3446 854 3504 Athen.
883 3463 944 3518 9,
973 3460 1032 3517 p.
1067 3448 1214 3514 409,
1243 3439 1298 3494 D
1340 3455 1355 3491 t
1385 3429 1507 3510 περὶ
1544 3428 1599 3488 δὲ
1627 3431 1720 3487 τοῦ
1745 3422 1959 3485 sarisam
1987 3417 2135 3499 χρίε-

570 3537 691 3590 σθαι
713 3528 806 3597 τὰς
828 3535 1009 3607 χεῖρας
1034 3521 1319 3600 Ἐπιγένης
1340 3517 1377 3590 ἢ
1405 3519 1544 3579 Ἀντ.
1583 3513 1740 3596 φησὶν
1781 3514 1834 3570 ἐν
1873 3505 2141 3586 Ἀργυρίου

571 3621 852 3700 ἀφανισμῷ
875 3614 1066 3680 οὕτως·

767 3792 862 3804 -—
898 3749 1027 3816 Καὶ
1058 3750 1200 3814 τότε

670 3861 881 3950 πτέριν
915 3857 1236 3938 πατήσεις,
1267 3841 1588 3933 κάπονίψει
1623 3835 1784 3908 κατὰ
1815 3836 2037 3929 τρόπον

585 4009 602 4022 -
674 3964 784 4042 τὰς
814 3970 1046 4056 χεῖρας,
1079 3948 1272 4026 εὐώδη
1305 3947 1514 4019 λαὸὼν
1546 3951 1658 4021 τὴν
1689 3955 1825 4037 γῆν.

578 4125 753 4178 Versu
775 4136 809 4174 2
831 4115 968 4174 libri
994 4112 1265 4170 mendose
1287 4149 1304 4178 ‚
1330 4117 1631 4178 metroque
1664 4097 2032 4164 inconcinne,
2056 4113 2151 4148 πε·
2216 4145 2227 4156 ,

579 4201 906 4286 ριπαι-ήσεις.
926 4203 1225 4276 Eleganter
1253 4195 1481 4252 Jacobs.
1515 4190 1732 4248 Additt.
1759 4205 1820 4262 p.
1857 4201 2000 4257 219,
2024 4176 2151 4236 πτέ-

582 4317 660 4374 ριν
706 4289 988 4360 πατήσεις,
1003 4289 1223 4364 filicem
1270 4282 1532 4346 calcabis,
1575 4278 1633 4336 h.
1665 4295 1717 4335 e.
1745 4276 1814 4329 ‘in
1858 4272 1997 4328 silva
2036 4269 2154 4324 sive

581 4401 720 4461 agro
739 4377 993 4455 jucunde
1029 4373 1374 4433 ambulabiS,
1398 4365 1712 4425 secundum
1743 4364 1849 4418 ista
1867 4355 2156 4416 Theocriti

585 4472 640 4541 5,
677 4470 751 4526 55
784 4489 797 4524 :
833 4463 1046 4524 ἁπαλὰν
1088 4459 1268 4536 πτέριν
1307 4447 1410 4514 ὧδε
1445 4449 1727 4520 πατήσεις,
1757 4447 1770 4524 ἱ
1800 4445 1892 4504 καὶ
1922 4437 2157 4521 γλάχων’

586 4561 857 4616 ἀνθεῧσαν.
877 4555 1074 4630 Neque
1099 4550 1159 4606 id
1181 4545 1496 4622 urgendum
1521 4552 1624 4609 cst,
1650 4537 1810 4612 quod
1832 4553 1936 4610 per
1956 4551 2013 4588 se
2038 4529 2158 4585 filix

2208 892 2559 975 adhibebant
2586 910 2601 946 ι
2638 909 2697 947 v.
2732 886 3032 961 Aristoph.
3058 886 3209 944 Rau.
3240 882 3350 941 666
3376 902 3544 957 seqq„
3574 884 3693 938 Nico·

2209 981 2409 1038 chares
2436 978 2693 1036 Herculis
2711 978 2891 1050 Nupt.
2915 975 3065 1034 Item
3084 972 3241 1049 apud
3266 973 3625 1046 Hippocratem
3645 973 3693 1027 D«

2208 1072 2425 1128 morbis
2465 1070 2607 1125 mul.
2642 1086 2704 1140 a,
2736 1084 2798 1142 p.
2834 1064 2985 1135 284,
3026 1071 3129 1135 47,
3166 1061 3429 1118 habemus
3464 1062 3549 1135 γῆν
3570 1080 3693 1133 egi-effl-

2210 1155 2360 1237 τρίδα
2379 1200 2398 1230 ,
2442 1169 2500 1216 et
2538 1154 2774 1231 quidem
2812 1170 3057 1209 rosaceo
3104 1158 3390 1225 unguento
3436 1149 3649 1203 mixtam.
3682 1170 3693 1195 ι

2212 1258 2365 1313 ΕΜ.

2640 1421 2770 1481 xx.
2818 1414 3355 1499 APXEXTRATH.

2295 1577 2651 1660 Ἀρχεστράτῃ
2669 1621 2688 1654 .,
2728 1589 2795 1633 ut
2824 1572 3234 1654 Ἀρχέστρατος,
3264 1588 3379 1626 non
3398 1564 3446 1627 'A
3455 1560 3693 1645 ρχιστρᾰτη,

2218 1670 2377 1744 quod
2401 1669 2608 1745 legitur
2632 1668 2695 1723 in
2722 1664 2895 1723 codd.
2932 1664 3145 1719 merito
3172 1668 3475 1734 suspectum
3502 1656 3605 1709 viro
3625 1652 3693 1706 do·

2220 1760 2492 1817 ctissime.

2298 1834 2501 1903 Athenss
2527 1862 2580 1915 7,
2599 1862 2663 1917 p.
2690 1843 2804 1899 322
2822 1881 2839 1909 ,
2870 1838 2916 1899 C
2938 1856 2953 1896 2
2978 1835 3247 1894 σινόδοντα
3270 1830 3317 1889 δ’
3338 1826 3478 1887 αὗτὸν
3504 1825 3599 1903 (τὸν
3619 1846 3693 1880 ow

2221 1932 2439 2009 όδοντα)
2474 1930 2615 2009 λέγει
2650 1927 2735 1987 διὰ
2772 1930 2865 1986 τοῦ
2909 1927 3046 1984 ἰῶτα
3089 1920 3303 2001 Δωρίων
3450 1916 3567 1975 Ἀντ.
3602 1914 3637 1969 δ’
3666 1912 3693 1969 ἐπ

2110 2016 2130 2029 ”
2221 2019 2569 2102 Ἀρχιστρᾶτῃ
2600 2015 2745 2099 (sic)

2320 2214 2413 2224 -
2448 2172 2553 2251 Τίς
2582 2163 2642 2238 δ’
2682 2169 2960 2262 ἐγχέλιον
2991 2160 3067 2232 ἃν
3102 2167 3169 2229 οὐ
3194 2160 3403 2254 φάγοι,

2322 2278 2359 2353 ἢ
2382 2280 2621 2370 κράνιον
2647 2266 3033 2359 σινόδοντος;

2226 2436 2313 2489 De
2344 2434 2633 2489 sinodonte
2670 2430 2824 2504 pisce
2848 2444 2902 2485 V.
2934 2426 3110 2482 etiam
3137 2422 3363 2478 Aristot.
3400 2418 3467 2476 H.
3494 2416 3553 2471 A.
3583 2410 3629 2479 8,
3660 2414 3693 2495 ⁴5

2228 2520 2443 2578 Plinius
2461 2522 2537 2578 H.
2563 2520 2635 2575 N.
2662 2516 2757 2587 37,
2786 2534 2879 2573 ιο.
2906 2512 3101 2571 Codd.
3124 2508 3220 2575 Τίς
3242 2504 3288 2565 δ’
3310 2506 3350 2564 ἑ.
3374 2501 3431 2562 ἂν
3452 2499 3595 2580 φάγοι,
3609 2508 3693 2563 ete,

2230 2612 2393 2684 quasi
2420 2607 2618 2665 odiosa
2652 2622 2744 2661 res
2764 2604 2839 2659 sit
2857 2602 3014 2659 vesci
3052 2598 3331 2674 anguilla,
3364 2594 3500 2669 pisce
3527 2588 3693 2645 delicat«

2232 2698 2342 2776 (cf.
2371 2692 2733 2773 Αὖλητρίδα).
2772 2690 2942 2747 Forte
2978 2687 3198 2745 excidit
3218 2684 3299 2754 οὗ,
3328 2682 3396 2738 de
3423 2698 3522 2754 quo
3545 2696 3588 2733 v.
3608 2688 3692 2727 ann«

2232 2785 2307 2841 ad
2323 2785 2501 2844 Thuc.
2529 2802 2583 2853 1,
2611 2781 2744 2852 133,
2764 2780 2966 2854 Eurip.
3000 2778 3246 2833 Philoct.
3268 2772 3453 2845 fragm.
3480 2783 3556 2837 11,
3578 2762 3692 2817 Hans.

2234 2872 2485 2934 Lucubr.
2528 2869 2789 2945 Thucyd.
2828 2878 2943 2925 etc.
2972 2866 3127 2923 Male
3154 2857 3475 2934 Schweigh„
3500 2846 3693 2909 mendum

2232 2965 2426 3020 fucans
2438 3007 2456 3035 ,
2483 2958 2763 3038 ἐγχέλειον.
3344 2993 3351 2998 ·

2632 3121 2765 3181 xx!
2778 3166 2791 3178 .
2841 3109 3389 3177 ΑΡΠΑΖΟΜΕΝΙΙ.

2315 3277 2523 3332 Athen.
2553 3292 2610 3348 9,
2632 3292 2695 3347 p.
2722 3277 2857 3340 401,
2878 3269 2923 3324 F
2953 3283 2969 3324 ε
2996 3261 3069 3322 ἵν’
3094 3252 3181 3322 oliv
3206 3259 3280 3336 μὴ
3314 3253 3397 3315 καὶ
3426 3251 3481 3310 σὺ
3500 3237 3693 3318 ζητῦνῖὶὶ

2238 3363 2463 3441 σύαγρον
2484 3359 2804 3440 ἀφαυανθῇς,
2830 3351 2965 3432 μάθε
2992 3349 3076 3410 ὅτι
3093 3350 3227 3411 Ἀντ.
3256 3346 3347 3423 μὲν
3365 3343 3413 3401 ἐν
3430 3323 3693 3418 ἎρπαζθμὲἾ

2236 3451 2398 3519 οὕτως
2424 3448 2694 3525 ὠνόμασε·
3691 3441 3692 3444 ’

2335 3577 2551 3650 Λαὸὼν
2586 3576 2862 3658 ἐπανάξω
2888 3577 3141 3666 σύαγρον
3176 3569 3255 3646 εἰς
3278 3567 3381 3634 τὴν
3412 3555 3573 3626 οἰκίαν

2334 3699 2445 3766 τῆς
2471 3686 2681 3762 νυκτὸς
2712 3687 2927 3760 αὐτῆς,
2956 3679 3063 3745 καὶ
3086 3679 3325 3755 λέοντα,
3363 3664 3456 3734 καὶ
3478 3661 3635 3728 λύκον·

2250 3859 2275 3884 ι
2310 3829 2725 3908 Improbabant
2747 3825 2871 3883 scil.
2905 3822 3178 3878 Atticistae
3208 3789 3693 3877 nemeaeus-spon&

2242 3933 2429 3982 centes
2448 3923 2541 3977 σ’ὗν
2562 3915 2739 3994 ἄγριον
2772 3934 2784 3969 z
2818 3933 2872 3966 v.
2907 3908 3167 3968 Lobeck.
3198 3905 3270 3961 ad
3295 3901 3484 3970 Phi-yn.
3509 3909 3559 3964 p.
3578 3881 3693 3937 382·

2242 4015 2293 4068 E
2309 4013 2393 4066 M.
2416 4003 2637 4074 Λαὸὼν,
2658 4013 2724 4058 ut
2742 4011 2967 4074 emptor
2982 3997 3201 4053 scilicet
3227 3989 3328 4048 tes.
3343 3983 3559 4050 Ἁλιευομ.
3580 3990 3617 4036 1,
3642 3961 3693 4020 13·

2763 4183 2955 4245 xxu.
3007 4173 3291 4240 APan.

2326 4349 2529 4406 Athen·
2560 4349 2617 4416 4,
2643 4359 2702 4415 P·
2752 4342 2895 4408 1102,
2928 4332 2977 4390 F
3032 4350 3047 4386 ε
3100 4316 3437 4398 διακωμῳδῶν
3460 4309 3499 4364 δ’
3538 4303 3639 4398 Ἀπ’·
3660 4283 3693 4342 (ἆ

2251 4428 2535 4496 Λακωνικὰ
2560 4427 2745 4486 δεῖπνα
2786 4423 2839 4478 ἐν
2877 4420 2953 4497 τῷ
2993 4406 3379 4490 ἐπιγραφομένῳ
3406 4393 3591 4476 δράματί
3630 4380 3693 4446 A?

2254 4547 2362 4602 χων
2390 4517 2544 4599 φησὶν
2574 4511 2755 4575 οὕτως·
3318 4535 3327 4542 .

597 4579 3683 4689 ,aeaeae-J--J

584 4733 617 4782 ⁵
656 4725 810 4780 devio
837 4719 1112 4794 profectus
1138 4717 1332 4773 itinere
1361 4721 1542 4770 tamen
1563 4705 1796 4765 similem
1817 4698 2075 4760 omnibus
2100 4713 2158 4753 se

1898 4784 2126 4858 [videbit
2143 4825 2159 4852 ,

659 4900 858 4972 pariter
880 4911 946 4952 ac
978 4895 1024 4950 si
1044 4935 1059 4962 ‚
1089 4899 1148 4946 ut
1173 4887 1404 4954 medici,
1431 4885 1556 4940 vitae
1577 4881 1732 4952 signa
1756 4869 2157 4934 considerabit,

661 5001 854 5050 renim,
875 4979 986 5055 quo
1005 4978 1278 5042 feruntur,
1311 4973 1432 5029 aliae
1450 4983 1634 5041 supra,
1668 4966 1894 5036 aliaeque
1914 4957 2086 5024 infra,

659 5084 826 5129 tensae
847 5112 862 5138 ‚
893 5065 1094 5139 quibus
1114 5061 1294 5120 omnis
1331 5055 1645 5115 mortalium
1669 5053 1777 5107 vita
1804 5049 2153 5122 gubernatur.
2266 5071 2271 5078 ·

1019 5147 1358 5208 PECUNIAE
1399 5138 1734 5200 ABLATIO.

729 5274 798 5285 —
829 5245 894 5299 Et
919 5251 1050 5300 tnnc

2250 4693 2451 4748 filicem
2475 4682 2708 4744 calcabis
2728 4721 2743 4742 ,
2774 4677 3071 4746 abluesque
3090 4711 3105 4736 ,
3126 4674 3188 4724 ut
3206 4664 3379 4722 decet,
3498 4721 3521 4740 ἱ

2256 5124 2731 5191 Emptumaprum
2762 5105 3028 5166 adducam
3052 5097 3271 5155 domum

2258 5210 2359 5264 hac
2386 5205 2498 5276 ipsa
2522 5208 2702 5264 nocte,
2728 5204 2783 5252 et
2806 5195 3019 5250 leonem
3037 5227 3053 5254 ,
3085 5185 3388 5254 lupumque·
