3809 5850
486 529 595 578 168

477 653 656 724 Rasp.
687 650 977 704 annotavit
994 666 1051 721 p.
1076 647 1176 720 63,
1196 645 1431 702 laudato
1452 648 1659 702 Avium
1672 665 1840 702 versu
1869 647 2040 717 1367.

478 741 542 794 V.
574 757 607 793 2
634 734 814 793 αὖαισι
840 735 1085 808 conjecit
1124 736 1427 790 Hermann.
1457 734 1666 806 Opusc.
1708 731 1765 805 5,
1803 754 1867 809 p.
1900 752 2008 808 291
2027 777 2038 786 .

485 852 509 874 σι
546 827 675 882 Fuit
720 823 1045 899 Laespodias
1078 823 1379 878 bellicosus
1406 819 1751 896 (Phrynich.
1792 823 2040 882 Comast.

482 915 515 969 3
539 915 581 987 )‚
614 915 879 986 idemque
904 912 1088 967 litium
1108 922 1165 966 et
1189 912 1598 966 calumniarum
1614 910 2047 966 studiosissimus

482 1003 500 1073 (
524 1003 752 1074 Philyll.
774 1001 991 1073 Plyntr.
1013 997 1059 1074 ).
1082 1000 1139 1053 Is
1160 999 1376 1073 olymp.
1406 1016 1507 1071 91,
1532 1015 1565 1052 2
1588 997 1753 1072 (ante
1767 997 1899 1056 Chr.
1915 1008 2042 1062 nat.

483 1097 515 1156 4
529 1107 551 1144 1
564 1091 630 1164 4)
653 1107 783 1144 cum
802 1085 1138 1160 Pythodoro
1163 1097 1219 1141 et
1240 1088 1547 1141 Demarato
1565 1084 1836 1140 exercitui
1855 1087 2046 1141 Attico

478 1178 779 1252 praefectus
805 1175 1148 1232 Laconicam
1179 1175 1348 1230 classe
1375 1174 1600 1248 invasit,
1640 1183 1777 1228 teste
1813 1173 2046 1244 Thucy-

482 1266 617 1321 dide
645 1265 701 1334 6,
732 1263 862 1320 105.
886 1262 969 1320 Cf.
994 1263 1175 1319 Thuc.
1204 1261 1265 1334 8,
1294 1261 1391 1332 86,
1415 1261 1515 1316 ubi
1544 1261 1759 1336 legatus
1784 1259 2050 1316 Lacedae-

482 1370 713 1409 monem
752 1353 952 1408 missus
986 1350 1194 1406 dicitur
1231 1367 1347 1406 una
1388 1369 1521 1405 cum
1553 1341 1959 1424 Aristophonte
1995 1359 2052 1405 et

482 1445 719 1500 Milesia.
750 1443 1027 1517 Spectant
1065 1441 1180 1496 huc
1235 1438 1577 1495 Plutarchus
1628 1439 1825 1512 Symp.
1873 1458 1934 1508 7,
1987 1437 2046 1507 8,

481 1550 544 1607 p.
579 1551 718 1602 712,
765 1533 837 1601 A,
861 1529 1220 1603 >grammatici
1262 1545 1378 1584 esse
1421 1528 1616 1583 dicens
1652 1523 1946 1602 ἐξηγεῖσθαι
1972 1523 2051 1592 τίς

482 1619 510 1674 δ
552 1613 875 1679 Λαισποδίας
914 1617 1043 1692 παρ’
1084 1612 1374 1684 Εὐπόλιδι,
1416 1626 1474 1670 et
1511 1615 1800 1688 Eunapius
1840 1613 2048 1672 Liban.

480 1726 541 1780 p.
578 1725 657 1780 99
708 1725 722 1759 ι
772 1701 1015 1769 παιδείας
1060 1698 1353 1779 ὑπερὸολὴν
1396 1701 1487 1758 καὶ
1523 1697 1862 1776 ἀναγνώσεως
1911 1697 2050 1758 ἔστιν

483 1792 645 1870 εὑρεῖν
667 1793 722 1848 ἐν
744 1790 848 1854 τοῖς
861 1787 1035 1865 λόγοις
1051 1786 1220 1854 λέξεσι
1240 1785 1778 1864 κατεγλωττισμέναις
1798 1785 2048 1864 ἐντυγχά-

482 1901 659 1939 νοντα.
720 1875 789 1935 τὰ
839 1879 963 1954 γοῦν
1007 1874 1298 1942 Εὐπόλιδος
1352 1873 1539 1952 δένδρα
1584 1871 1913 1932 Λαισποδίαν
1961 1872 2052 1932 καὶ

484 1965 765 2043 Δαμασίαν
805 1966 901 2024 οὔκ
941 1961 1007 2022 ἂν
1036 1965 1295 2043 παρῆκεν,
1320 1963 1365 2020 εἰ
1404 1961 1473 2021 τὰ
1514 1960 1746 2037 ὀνόματα
1788 1959 1922 2036 ἔγνω
1950 1963 2052 2020 τῶν

484 2052 731 2134 δένδρων,
750 2043 825 2121 οἷς
844 2056 935 2110 νῦν
959 2049 1097 2110 αὐτὰ
1120 2053 1365 2111 καλοῦσιν
1383 2051 1431 2108 οἳ
1460 2047 1740 2128 ἄνθρωποι.
1768 2073 1791 2100 ¹·
1814 2051 1867 2104 E
1888 2050 1972 2106 M.

1220 2162 1314 2222 38.

502 2257 513 2267 ⁸
563 2280 723 2336 Idem
752 2279 931 2336 schol.
960 2277 1113 2335 Nub.
1152 2293 1325 2346 1001,
1363 2276 1433 2332 de
1461 2275 1829 2351 Hippocratis
1876 2271 2006 2328 filiis
2034 2292 2050 2333 ι

485 2355 623 2422 οὗτοί
643 2365 743 2421 εἶσι
762 2360 1117 2438 Τελέσιππος,
1142 2363 1409 2440 Δημοφῶν
1428 2403 1445 2433 ,
1462 2360 1488 2384 *
1514 2360 1801 2439 Περικλῆς,
1826 2355 2052 2418 διαὸαλ-

484 2449 693 2527 λόμενοι
713 2450 784 2516 εἰς
802 2447 1017 2511 ὑωδίαν.
1048 2448 1138 2506 καὶ
1160 2446 1389 2514 Εὔπολίς
1412 2470 1567 2527 φησιν
1590 2449 1642 2506 ἕν
1668 2451 1730 2507 Δ.

584 2579 996 2673 ἱπποκράτους
1026 2607 1097 2647 τε
1126 2575 1338 2658 παῖδες
1368 2576 1693 2674 ἐμὸόλιμοί
1728 2607 1907 2667 τινες,

586 2685 877 2778 βληχητὰ
908 2688 1112 2768 τέκνα,
1144 2678 1462 2776 κούδαμῶς
1495 2697 1603 2752 τοῦ
1635 2698 1738 2752 σοῦ’
1772 2688 2020 2780 τρόπου.

391 2819 400 2827 ’
484 2831 774 2909 Περικλῆς.
812 2855 835 2880 α
869 2829 1042 2902 Quod
1069 2833 1129 2885 in
1154 2831 1517 2904 Hippocratis
1544 2828 1673 2886 filiis
1696 2832 1863 2887 etiam
1897 2833 2051 2888 Peri-

486 2922 600 2979 cles
622 2930 1121 2989 commemoratur,
1136 2919 1327 2992 magni
1346 2914 1585 2974 Periclis
1602 2917 1766 2989 filius,
1787 2938 1857 2976 ex
1874 2923 2052 3000 Aspa-

485 3012 567 3067 sia
606 3019 893 3083 susceptus
933 3007 1027 3082 (ν.
1070 3007 1143 3065 fr.
1182 3027 1220 3081 9
1248 3018 1305 3063 et
1350 3009 1495 3082 ιο),
1538 3006 1799 3083 profecto
1846 3010 2056 3065 mirum

466 3098 770 3163 ‹videatun
809 3120 834 3146 υ
868 3097 920 3150 E
947 3096 1040 3152 M.
1069 3097 1459 3169 Depravatum
1486 3106 1629 3169 puto
1657 3114 1888 3165 nomen,
1921 3114 2052 3151 ma—

482 3188 701 3259 limque
721 3182 1050 3259 Πατροκλῆς,
1071 3184 1161 3238 vel
1180 3183 1416 3257 aliquod
1432 3184 1633 3239 simile.
1651 3183 1803 3240 Illud
1822 3184 2054 3258 quidem

486 3274 653 3331 facile
676 3272 837 3327 abire
862 3271 1055 3346 potuit
1080 3270 1141 3325 in
1182 3269 1493 3344 Παρακλῆς,
1541 3282 1654 3329 etc.
1694 3295 1718 3321 «
1764 3266 2055 3348 Ἱπποκρά-

486 3382 604 3426 τους
620 3360 869 3416 nominis
890 3358 1135 3415 secunda
1155 3357 1517 3434 producatur
1535 3358 1739 3415 eodem
1756 3360 1910 3431 jure,
1939 3380 2054 3434 quo

484 3451 668 3525 prima
694 3448 852 3504 vocis
872 3443 1059 3516 τέκνα;
1089 3464 1268 3521 quare
1296 3459 1487 3502 noster
1514 3448 1889 3523 Tragicorum
1922 3466 2052 3524 gra·

488 3541 721 3594 vitatem
760 3536 970 3591 imitari
1008 3536 1164 3591 visus
1214 3546 1299 3590 est
1350 3536 1676 3593 Hermanno
1730 3536 1942 3610 Opusc.
1993 3536 2052 3605 5,

488 3646 552 3701 p.
592 3643 729 3699 290.
761 3620 1080 3698 Ἐμὸόλιμοι
1109 3622 1223 3677 dici
1264 3622 1531 3697 videntur
1560 3624 1910 3698 suppositicii
1934 3621 2056 3694 filii,

490 3733 597 3770 nec
652 3712 859 3768 similes
916 3711 1273 3783 Hippocrati.
1300 3711 1415 3765 Nec
1472 3710 1847 3784 Hippocrates
1900 3712 2055 3785 ipse,

491 3802 592 3858 sed
642 3798 744 3855 filii
786 3796 905 3869 ejus
944 3798 1137 3870 porcis
1178 3797 1679 3871 comparabantur.
1718 3799 2060 3853 Ravennatis

491 3890 643 3944 enim
672 3884 985 3941 scholiastae
1010 3885 1331 3939 testimonio
1360 3882 1381 3959 (
1406 3881 1709 3939 διεὸάλλετο
1742 3881 1795 3939 δὲ
1825 3879 1919 3940 σὺν
1939 3884 2056 3939 ἀὖ-

492 3974 600 4038 τοῖς
623 3973 694 4036 ὣς
720 3968 1064 4043 ἀπαίδευτος)
1096 3971 1155 4025 in
1183 3980 1507 4026 ceterorum
1534 3971 1756 4026 silentio
1784 3972 1929 4026 nihil
1954 3973 2056 4026 tri-

492 4059 787 4116 buendum
817 4068 916 4113 est.
945 4082 969 4107 υ
1000 4059 1051 4113 Ε
1074 4060 1165 4115 M.
1196 4054 1430 4127 suidas,
1472 4060 1749 4114 incertum
1782 4078 1900 4132 quo
1939 4078 2054 4115 au-

494 4158 675 4219 ctore,
704 4141 1029 4219 Ἐμὸόλιμος
1060 4164 1071 4198 :
1110 4140 1313 4211 ἀτελής.
1348 4144 1458 4217 Qui
1482 4146 1587 4201 hos
1617 4163 1807 4201 versus
1828 4148 2058 4221 respicit

493 4236 661 4291 etiam
676 4233 812 4289 alibi
824 4235 881 4288 in
898 4232 1024 4297 Τοῖς
1040 4228 1442 4308 Ἱπποκράτους,
1466 4234 1527 4287 in
1544 4226 1761 4296 Ὑώδεις
1771 4245 1828 4288 et
1849 4232 2054 4310 Βληχή.

492 4326 561 4381 L.
605 4322 782 4380 Dind.
825 4322 1106 4396 probante
1150 4322 1324 4377 Mein.
1379 4316 1762 4393 ἐκὸόλιμοι,
1790 4328 2045 4392 ejecticie‘,

494 4412 745 4477 abortivi,
776 4427 893 4483 quo
917 4428 1036 4465 non
1054 4408 1279 4464 videtur
1299 4426 1443 4482 opus
1478 4406 1614 4477 esse,
1637 4427 1669 4463 a
1694 4409 1907 4464 Pericle
1939 4410 2056 4465 haec

496 4497 649 4553 dicta
690 4496 1020 4569 conjiciens,
1068 4499 1246 4552 Versu
1296 4514 1330 4551 2
1382 4496 1511 4551 libri
1564 4496 1746 4553 schol.
1788 4507 1845 4551 et
1872 4496 2060 4553 Suidae

494 4583 641 4641 κοῦδ.
684 4587 775 4641 τοῦ
819 4605 906 4661 τρ.
952 4585 1330 4641 Probabiliter
1366 4584 1637 4641 Fritrsch.
1676 4583 1831 4657 apud
1877 4586 2046 4659 Rasp.

496 4692 555 4757 p.
593 4670 669 4726 26
696 4673 787 4727 τοῦ
826 4673 946 4727 σοῦ
968 4692 1051 4748 τρ.
1090 4672 1212 4727 Alia
1243 4667 1663 4737 correctionum
1687 4672 1936 4745 pericula
1965 4688 2046 4726 re-

498 4758 645 4814 ferre
672 4759 907 4833 longum
930 4770 1030 4816 est.
1071 4784 1093 4805 «ι
1128 4759 1490 4833 'I'elcsippum
1519 4769 1575 4815 et
1600 4759 2060 4832 Demophontem

498 4857 905 4901 commemorat
927 4848 1186 4903 Anaxilas
1204 4847 1421 4901 Polluc.
1454 4865 1513 4914 2,
1544 4846 1613 4911 34
1647 4866 1660 4899 :

577 4951 766 5028 ἹΙμεῖς
792 4954 847 5010 δέ
872 4976 931 5030 γε
954 4954 1249 5030 κτενίζομεν
1273 4954 1604 5015 Τελέσιππον
1632 4954 1903 5013 οἰκόσιτον·

502 5200 847 5273 Hippocratis
862 5199 961 5255 filii
985 5122 1341 5272 supposuit&

502 5288 749 5345 balantes
769 5287 941 5355 liberi,
966 5296 1021 5343 et
1048 5303 1395 5361 nequaquam
1422 5292 1501 5347 tui
1528 5291 1711 5347 moris.

1470 515 1885 575 COMOEDIAE
1929 514 2254 576 VETEms
2298 518 2708 590 RELlQUlAE.

2135 651 2542 726 Theopompus
2567 653 2732 712 Phot.
2755 671 2818 726 p.
2855 655 2992 724 484,
3017 653 3052 710 5
3081 674 3094 708 ε

2216 761 2431 822 Τούτων
2459 763 2706 822 ἁπάντων
2733 767 2761 822 ὁ
2791 764 3044 845 ῥαχιστὴς
3070 770 3360 847 Δημοφῶν.

2137 880 2474 954 Quanquam
2503 881 2754 938 dubitari
2790 893 3000 957 potest,
3037 901 3177 938 num
3219 883 3282 938 hi
3325 885 3446 958 ipsi
3501 885 3622 938 sint
3653 886 3729 940 illi

2141 969 2504 1042 Hippocratis
2529 967 2647 1024 fflii.
2675 993 2698 1020 ιι
2737 971 2791 1025 Ε
2818 971 2909 1025 Μ.

2220 1198 2410 1254 Schol.
2441 1197 2734 1272 Aristoph.
2773 1200 2924 1256 Nub.
2958 1218 3137 1267 1022,
3167 1200 3285 1268 τῆς
3311 1195 3361 1255 Ἀ
3381 1195 3730 1273 ντιμσῖχου

2140 1281 2700 1360 καταπυγοσύνης
2732 1305 2747 1340 2
2779 1275 2924 1351 οὗτος
2949 1287 3021 1350 ὣς
3059 1283 3288 1352 κίναιδος
3321 1284 3424 1341 καὶ
3473 1283 3730 1364 εὔμορφος

2141 1369 2231 1428 καὶ
2257 1369 2558 1445 θηλυμανὴς
2601 1373 2952 1449 κωμῳδεῖται·
2996 1370 3228 1451 δεύτερος
3271 1373 3303 1429 ὁ
3352 1370 3454 1430 ἐπὶ
3505 1373 3730 1448 πονηρίᾳ

2144 1455 2574 1538 κωμῳδούμενος·
2596 1456 2767 1537 τρίτος
2789 1461 2818 1516 ὁ
2851 1458 3114 1525 Ψακάδος
3139 1456 3450 1536 λεγόμενος·
3483 1459 3731 1538 τέταρτος

2143 1547 2173 1603 ὁ
2206 1544 2636 1623 τραπεζίτης,
2659 1535 2721 1602 οὗ
2754 1543 3022 1623 μέμνηται
3049 1548 3122 1606 E.
3147 1547 3200 1604 lv
3224 1549 3288 1605 Δ.

2880 1667 2978 1728 4ο.

2225 1773 2384 1828 Idem
2419 1771 2599 1830 schol.
2635 1769 2772 1830 Pac.
2803 1771 2944 1842 348,
2975 1774 3048 1830 de
3068 1775 3240 1829 variis
3265 1771 3730 1831 Phormionihus

2145 1859 2422 1915 disserens
2451 1877 2466 1919 t
2495 1856 2736 1933 πέμπτος
2757 1859 2976 1937 ἀρχαῖος
3004 1857 3264 1928 Ἀθηναῖος
3281 1903 3300 1934 ,
3329 1857 3484 1933 μετὰ
3509 1859 3726 1918 Σόλωνα

2145 1943 2320 2023 ἄρξας.
2353 1971 2377 1996 «ι
2404 1949 2489 2003 De
2514 1948 2628 2003 hoc
2654 1945 3002 2003 Phormione
3024 1949 3164 2003 mihi
3195 1948 3440 2021 quidem
3471 1950 3622 2003 nihil
3647 1951 3726 2002 in·

2147 2036 2351 2094 notuit.
2379 2059 2402 2085 υ
2432 2034 2604 2093 Mein.
2629 2037 2702 2090 Et
2716 2035 2850 2090 huic
2875 2034 3014 2110 quid
3035 2036 3122 2090 rei
3133 2045 3217 2091 est
3234 2055 3366 2091 cum
3393 2036 3732 2112 Eupolide?

2884 2154 2979 2213 4ι.

2225 2265 2414 2320 Schol.
2445 2264 2693 2320 vindob.
2713 2265 2950 2320 Luciani
2973 2264 3137 2321 Alex.
3163 2272 3194 2330 4
3227 2283 3244 2319 :
3273 2263 3303 2318 ὁ
3323 2259 3380 2319 δὲ
3411 2261 3728 2342 Εὗρύὸατος

2147 2351 2290 2423 κτλ.,
2313 2371 2440 2426 quae
2467 2351 2636 2427 posui
2659 2353 2720 2407 in
2740 2351 2810 2408 sr.
2836 2370 2874 2426 9
2895 2347 3305 2428 Ἀστρατεύτων.

2880 2471 2974 2532 42.

2227 2575 2426 2632 Suidas
2469 2592 2485 2633 ε
2535 2571 2829 2652 Ἀργύρειος
2873 2570 3110 2650 σταυρός·
3170 2571 3478 2652 ἀργυρίδιον
3523 2575 3616 2647 δὲ,
3663 2581 3726 2638 ὼς

2146 2662 2330 2736 ἡμεῖς,
2367 2664 2431 2720 Ε.
2459 2665 2526 2721 Δ.

2245 2773 2384 2869 Ἐγὼ
2411 2770 2484 2843 δὲ
2523 2774 2887 2869 συμψήσασα
2923 2768 3208 2869 τάργυρίδ
3211 2802 3319 2843 ιον.

2149 2905 2421 2961 Mendose
2448 2923 2685 2980 gramm.
2717 2904 2959 2962 Bekkcri
2984 2907 3096 2964 An.
3126 2923 3190 2982 p.
3223 2910 3363 2979 442,
3390 2908 3504 2965 ubi
3529 2911 3721 2969 eadem

2149 2993 2435 3069 leguntur,
2467 2989 2749 3071 συμψήσας
2775 2992 2896 3071 ἅργ.

2773 3212 2845 3278 43
2873 3246 2948 3255 -
2975 3212 3072 3277 46.

2231 3326 2468 3382 Antiatt.
2509 3344 2569 3399 p.
2620 3342 2718 3397 79,
2763 3342 2863 3392 22,
2909 3320 2960 3381 'A
2980 3322 3418 3401 ριστητικός;
3471 3326 3600 3383 ἀντὶ
3642 3332 3724 3383 τοῦ

2149 3410 2410 3490 ἔθοςέχων
2434 3413 2671 3489 ἀριστᾶν.
2704 3412 2770 3471 Ε.
2794 3414 2859 3471 Δ.
2881 3442 2960 3454 ·-
2978 3413 3136 3469 Idem
3159 3430 3223 3487 p.
3254 3411 3356 3487 95,
3383 3414 3444 3485 8,
3473 3412 3726 3492 Ἐγχώ-

2151 3522 2290 3578 ριος
2319 3498 2525 3577 ἀνὴρ,
2554 3496 2878 3578 ἐγχώιριον
2899 3506 3176 3577 πρᾶγμα
3213 3521 3230 3559 :
3263 3531 3336 3543 —
3359 3503 3427 3559 E.
3459 3505 3529 3559 Δ.
3567 3506 3723 3559 Idem

2149 3607 2207 3662 p.
2238 3587 2336 3661 98,
2360 3606 2458 3658 27,
2482 3584 2697 3657 “Hae-q
2714 3609 2802 3662 μα
2827 3605 2842 3646 :
2871 3583 2967 3656 τὴν
3003 3584 3213 3656 ἡδονήν.
3247 3586 3314 3645 Ε.
3354 3590 3421 3645 Δ.
3453 3614 3480 3639 α
3511 3594 3722 3647 Merito

2149 3675 2260 3731 hoc
2281 3688 2501 3732 notasse
2515 3674 3069 3759 videntur-Atticistae
3093 3695 3106 3729 z
3133 3676 3268 3731 talia
3285 3678 3436 3731 enim
3459 3678 3726 3733 substan·

2151 3764 2266 3820 tiva
2293 3764 2410 3820 fere
2433 3762 2752 3819 formantur
2775 3782 2809 3818 a
2831 3762 3020 3819 verbis
3047 3765 3373 3819 contractis.
3403 3788 3427 3814 υ
3457 3766 3510 3819 Ε
3531 3768 3628 3821 Μ.
3653 3798 3724 3809 -—

2151 3851 2314 3908 Idem
2337 3870 2398 3925 p.
2430 3870 2531 3927 99,
2566 3850 2643 3907 28
2671 3871 2685 3906 ι
2717 3847 2934 3925 Θηρία
2965 3847 3162 3915 ἀξιοῦσι
3183 3847 3253 3906 τὰ
3280 3848 3437 3929 ἄγρια
3457 3850 3726 3925 λέγεσθαι,

2149 3935 2310 3993 ἵππον
2339 3934 2393 3995 δὲ
2421 3934 2456 4007 ἢ
2486 3934 2698 4013 ἡμίονον
2717 3934 2748 3966 ⁸
2771 3934 3036 3997 πολιτικά.
3065 3936 3137 3997 Ε.
3167 3938 3235 3997 Δ.
3269 3939 3452 3995 Immo
3481 3938 3721 4013 πωλικά,

2150 4044 2269 4082 non
2294 4024 2560 4083 πολιτικά.

2569 4160 2578 4169 ·
2697 4138 2794 4197 vl.
2837 4135 3172 4197 ΔῘΑΙἸὩΝ.

2231 4257 2431 4310 Pollux
2465 4274 2521 4324 7,
2559 4254 2670 4311 ι68
2699 4274 2712 4307 :
2747 4253 2850 4309 τῶν
2881 4250 2935 4309 δὲ
2961 4249 3039 4307 ἔτι
3071 4248 3336 4329 νεωτέρων
3377 4272 3454 4313 τις
3493 4248 3724 4313 Εὔπολις

2151 4340 2240 4399 καὶ
2259 4339 2354 4409 τὴν
2377 4339 2570 4397 πύελον
2593 4339 2688 4409 τὴν
2703 4340 2758 4396 ἐν
2777 4340 2854 4418 τῷ
2881 4336 3144 4417 βαλανείῳ
3169 4338 3410 4416 μα’κτραν
3429 4337 3722 4413 ὠνόμασεν,

2151 4430 2221 4495 ὡς
2256 4430 2304 4485 οἱ
2331 4432 2442 4487 νῦν.
2474 4424 2614 4504 λέγει
2640 4430 2763 4503 γοῦν
2813 4428 2865 4485 ἐν
2913 4428 3209 4485 Διαιτῶντι·
3243 4453 3268 4475 ι
3313 4426 3406 4491 Εἰς
3443 4426 3722 4503 βαλανεῖον

2153 4514 2395 4573 εἰσελθὼν
2432 4512 2507 4591 μὴ
2529 4512 2893 4593 ζηλοτυπήσῃς
2913 4512 3002 4571 τὸν
3033 4510 3390 4587 συμὸαίνοντᾶ
3419 4534 3504 4569 σοι
3531 4514 3603 4577 εἰς
3627 4512 3720 4581 τὴν

2155 4603 2414 4681 μάκτραν.
2438 4630 2462 4653 ι
2483 4607 2568 4660 De
2585 4605 2674 4659 his
2693 4604 2939 4661 Meinek.
2965 4606 3105 4660 Hist.
3135 4604 3262 4660 crit.
3285 4602 3446 4658 Com.
3467 4622 3528 4675 p.
3565 4621 3584 4656 ι
3601 4602 3678 4656 3ο
3701 4620 3716 4659 2

2155 4719 2177 4743 α
2209 4692 2392 4750 Verba
2417 4692 2521 4747 τῶν
2548 4690 2602 4747 δὲ
2627 4689 2706 4747 ἔτι
2739 4712 2894 4749 νεωτ.
2923 4713 3000 4756 τις
3023 4690 3352 4749 Fabricium
3375 4690 3523 4747 adeo
3551 4690 3720 4745 decc·

2153 4792 2382 4856 pertint,
2417 4792 2480 4835 ut
2509 4781 2805 4838 Διαιτῶντα
2838 4778 3058 4849 juniori
3083 4778 3382 4854 Eupolidi,
3411 4780 3510 4852 qui
3539 4780 3720 4831 nullus

2155 4887 2405 4941 unquam
2429 4870 2554 4936 fuit,
2583 4868 2882 4923 tribueret.
2911 4870 3087 4921 Recte
3109 4866 3228 4920 haec
3257 4866 3434 4920 verba
3461 4867 3662 4920 absunt
3687 4882 3718 4917 a

2157 4958 2259 5013 Ms.
2290 4958 2584 5030 Jungcrm.
2623 4980 2648 5005 n
2683 4965 2786 5014 etc.
2834 4958 2958 5009 lloc
2994 4972 3104 5027 ego
3127 4972 3246 5007 non
3287 4951 3716 5021 affinnavcfim3

2898 5120 2989 5170 42.

2157 5206 2271 5275 ligo
2290 5211 2472 5259 autem
2498 5202 2726 5260 corrasis
2751 5200 3055 5260 nummulis
3063 5240 3170 5255 .....
