3809 5850
473 468 482 479 .
535 422 650 476 834

535 560 699 604 tomae
725 542 978 625 :31120262
1005 566 1133 623 φησι
1161 543 1348 621 λύχνον
1378 541 1688 610 Φιλύλλιος.
1718 548 1866 602 llinc
1891 548 2103 602 Por-so-

531 656 636 692 nus
662 635 811 692 Adv.
832 653 894 709 p.
933 641 1042 701 140
1075 634 1262 708 ipsum
1289 650 1516 689 versum
1543 634 1623 689 sic
1645 634 1931 707 supplevit
1958 654 1971 688 z

627 758 751 826 Καὶ
795 760 1017 850 λύχνον
1055 750 1306 848 δίμυξον
1344 756 1488 824 οἴσω
1526 755 1628 822 καὶ
1661 750 1997 849 θρυαλλίδ’,
2029 756 2100 829 ἢν

1959 852 2096 955 δέῃ.

531 988 699 1049 Conf.
723 988 1030 1065 Metagenis
1057 986 1248 1046 Φιλοθ.
1284 990 1344 1045 3.

1286 1137 1340 1189 7.

610 1225 816 1281 Athen.
850 1244 903 1299 1,
927 1244 990 1300 p.
1025 1226 1126 1299 31,
1157 1228 1208 1283 Α
1237 1242 1258 1284 2
1289 1223 1419 1303 φησὶ
1443 1220 1498 1281 δὲ
1523 1222 1615 1280 καὶ
1645 1222 1779 1282 Φιλ.

626 1336 780 1416 ὁτιὴ
817 1340 1054 1434 παρέξω
1081 1336 1358 1427 Λέσῧιον,
1389 1349 1565 1426 Χῖον,
1594 1342 1844 1433 σαπρὸν,

625 1447 881 1532 Θάσιον,
909 1442 1217 1532 Βίὸλινον,
1237 1440 1568 1531 Μενδαῖον,
1586 1450 1744 1513 ὥστε
1759 1451 2103 1539 κραιπαλᾶν

629 1546 884 1645 μηδένα.

531 1678 692 1736 Libri
709 1676 842 1739 Ὅτι
871 1693 1149 1757 corrupto
1189 1692 1374 1739 metro
1401 1693 1460 1739 et
1495 1680 1696 1755 μηδένα
1739 1700 1926 1760 κραιπ.
1971 1682 2107 1737 item

529 1766 772 1847 ἀμέτρως
813 1770 1166 1846 transpositis
1216 1771 1438 1841 verbis,
1479 1772 1640 1845 lapsu
1681 1768 1838 1827 haud
1879 1788 2013 1826 raro
2047 1771 2107 1825 in

530 1859 897 1919 carminibus.
937 1856 1154 1936 Σαπρὸν
1176 1901 1192 1929 ,
1219 1858 1382 1933 quod
1411 1861 1645 1916 accessit
1671 1877 1742 1915 ex
1780 1858 1916 1916 cod.
1946 1858 2017 1928 C,
2048 1860 2107 1913 in

530 1948 730 2003 ceteris
757 1947 875 2003 fere
914 1948 1278 2005 obliteratum
1296 1989 1313 2018 ‚
1355 1946 1571 2004 dictum
1605 1947 1822 2004 comice
1853 1966 1963 2021 pro
1990 1966 2106 2003 πα-

527 2032 693 2091 λαιόν.
723 2032 899 2092 Ὥστε
941 2056 1026 2113 κρ.
1079 2032 1312 2110 μηδένα,
1357 2046 1422 2091 ut
1454 2042 1635 2092 'nemo
1675 2034 2103 2091 convivantium

527 2122 858 2201 inebrietur,
883 2124 982 2197 qui
1001 2124 1142 2180 solet
1161 2122 1396 2181 effectus
1424 2142 1542 2181 esse
1564 2123 1682 2179 vini
1710 2124 1978 2181 recentis.

1287 2242 1345 2303 8.

607 2338 768 2398 Idem
799 2338 889 2411 15,
908 2358 971 2415 p.
999 2358 1134 2411 700,
1161 2342 1229 2411 Ε,
1251 2351 1310 2397 et
1331 2341 1488 2399 Eust.
1517 2341 1589 2397 ad
1605 2340 1808 2415 odyss
1831 2359 1892 2417 p.
1928 2338 2100 2412 1571,

530 2422 564 2480 5
599 2445 614 2481 ε
645 2426 780 2485 Φιλ.
815 2424 870 2483 δὲ
899 2427 990 2491 τὰς
1016 2426 1301 2502 λαμπάδας
1325 2428 1354 2485 δ
1370 2428 1450 2507 ᾷδ
1468 2450 1540 2493 ας
1562 2428 1734 2488 καλεῖ.

1287 2558 1343 2615 9.

607 2646 816 2733 Pollux
844 2668 903 2721 α,
931 2649 1041 2706 231
1076 2666 1092 2709 t
1123 2647 1215 2707 καὶ
1237 2648 1712 2725 ἐπιθυμήματα
1735 2649 1884 2729 παρὰ
1914 2650 2096 2729 Φ-ίῳ.

1269 2778 1362 2819 ιο.

604 2873 766 2932 Idem
789 2872 846 2944 6,
895 2871 1000 2930 161
1050 2892 1063 2928 :
1102 2870 1382 2949 ἡμίλουτος
1417 2870 1473 2930 δὲ
1505 2872 1760 2952 Κρατῖνος
1787 2872 1987 2952 εἴρηκε,
2011 2870 2101 2932 καὶ

526 2960 660 3022 Φιλ.
691 2957 1133 3035 ἡμίπλεκτον.

1266 3077 1358 3116 11.

607 3173 770 3230 Idem
793 3171 936 3248 7,3t
969 3191 984 3230 :
1013 3167 1321 3240 ἄπὸπηνίου
1339 3167 1400 3226 τὸ
1421 3167 1855 3239 πηνίσασθαι.
1887 3169 2022 3228 Φιλ.
2047 3167 2100 3225 δὲ
2135 3185 2141 3209 ²

525 3259 652 3319 αὐτὸ
681 3258 907 3340 εἴρηκεν.

1270 3373 1364 3412 12.

603 3469 840 3526 Photius
871 3487 932 3544 p.
967 3468 1104 3541 261,
1133 3466 1192 3539 3,
1227 3433 1621 3546 Μετάκερας
1645 3487 1658 3524 :
1683 3463 1742 3525 τὸ
1769 3463 2099 3547 εὔκρατον,ἢ

526 3555 588 3616 τὸ
606 3555 804 3638 ψυχρόν
817 3601 830 3615 .
855 3557 992 3618 Φιλ.

1274 3663 1363 3722 13.

603 3778 854 3837 Gramm.
883 3778 1198 3851 Bekkerip.
1221 3776 1360 3846 381,
1387 3773 1628 3847 6,Ἄλα
1662 3795 1676 3832 ι
1705 3773 1821 3831 ἀντὶ
1848 3779 1940 3832 τοῦ
1970 3775 2101 3840 ἅλας
2136 3839 2141 3868 =

524 3865 654 3924 tho..
679 3867 770 3922 Sic
787 3867 960 3922 Mein.
984 3882 1094 3939 pro
1121 3862 1263 3938 ἅλες,
1288 3874 1588 3934 annotans,
1607 3862 1896 3919 Atticistas
1911 3865 2098 3938 singu·
2136 3869 2141 3946 Ι

527 3956 643 4009 lare
672 3951 764 4016 ἃλς
791 3971 900 4026 pro
943 3950 1064 4017 ἅλες
1103 3950 1410 4007 damnasse.
1449 3949 1620 4022 Quod
1657 3949 1832 4005 habet
1877 3949 2100 4022 Suidas,

523 4039 588 4100 “A
605 4042 693 4118 λω
737 4062 752 4096 :
791 4037 906 4096 ἀντὶ
935 4043 1026 4096 τοῦ
1065 4037 1211 4108 ἅλες,
1253 4039 1453 4094 eodem
1474 4037 1652 4094 modo
1691 4036 2102 4095 restituendum

529 4127 824 4199 videatur3
865 4127 957 4183 vel
1011 4125 1374 4182 scribendum
1417 4135 1651 4182 auctore
1698 4124 1979 4183 Piersono
2027 4125 2102 4182 ad

524 4217 731 4271 Moerin
758 4234 819 4289 p.
869 4233 935 4286 17
968 4234 980 4268 :
1009 4209 1143 4272 Ἀλῶ
1177 4233 1190 4267 :
1230 4210 1343 4269 ἀντὶ
1370 4215 1462 4270 τοῦ
1501 4211 1708 4290 ἀλὲσω,
1738 4215 1896 4288 quod
1926 4217 2101 4271 Bern-

529 4303 785 4378 hardyus
831 4303 1066 4378 recepit.
1121 4302 1306 4358 Aliam
1347 4303 1630 4358 rationem
1661 4314 1881 4358 secutus
1924 4305 2096 4359 Mein.

525 4393 668 4450 llist.
704 4393 834 4449 crit.
874 4390 1038 4448 Com.
1081 4407 1143 4464 p.
1186 4387 1339 4464 259,
1377 4390 1578 4444 maluit
1605 4383 1768 4454 Ἅλας
1800 4407 1815 4448 :
1865 4389 1981 4446 ἀντὶ
2008 4394 2100 4447 τοῦ

524 4475 667 4543 ἅλες.
689 4504 713 4529 α
728 4483 813 4536 De
833 4479 940 4535 hac
961 4477 1168 4548 forma,
1194 4477 1398 4551 inquit,
1420 4477 1835 4537 Choeroboscus
1857 4478 2096 4536 Bekkeri

522 4567 740 4623 Anecd.
770 4586 832 4642 p.
870 4565 1016 4634 1314
1060 4583 1075 4623 ;
1105 4563 1165 4621 τὸ
1203 4561 1356 4634 ἅλας,
1393 4563 1754 4644 τὸ,οὖδετε’ρως
1793 4563 2091 4642 λεγόμενον,

524 4655 577 4710 ἐν
607 4657 671 4732 τῇ
701 4652 946 4734 συνηθείᾳ
972 4653 1204 4720 σπανίως
1232 4652 1444 4732 εὕρηται
1467 4654 1554 4732 [ἐν
1575 4653 1795 4734 χρήσει,
1819 4656 1981 4730 quod
2004 4673 2105 4711 co-

525 4905 592 4960 Et
613 4902 896 4961 lucernam
920 4903 1138 4962 duobus
1155 4825 1442 4978 enygliniis
1461 4913 1641 4977 aptam

519 4999 578 5046 et
595 4989 927 5063 ellychnium
955 4989 1204 5059 asseram,
1236 4991 1280 5046 si
1301 5000 1381 5047 est
1406 5006 1558 5063 opuS.

1275 5083 1328 5132 7.

1522 409 1937 472 coMOEmAE
1979 410 2309 473 VETERIS
2354 412 2760 487 RELIQUIAE.

2196 546 2303 603 dex
2322 546 2495 603 habet
2524 548 2583 603 h.
2614 549 2679 617 l.,
2706 547 2933 603 videtur
2955 547 3297 623 adscriptum
3322 550 3389 605 ab
3414 552 3592 626 aliquo,
3610 560 3682 627 qui

2192 636 2505 708 explicaret
2536 636 2709 691 verba
2738 635 2791 691 ἐν
2814 637 2882 711 τῇ
2910 634 3179 714 συνηθείᾳ.
3210 638 3299 693 Sic
3328 649 3499 694 autem
3520 642 3599 697 ista
3620 644 3679 697 in·

2198 732 2549 797 ter-pungunt
2596 742 2611 778 t
2672 721 2733 779 τὸ
2770 721 2879 779 οὐδ.
2908 724 3023 797 λεγ.
3060 723 3115 781 ἐν
3148 726 3214 801 τῇ
3242 746 3375 796 συν.,
3416 747 3501 785 σπ.
3532 727 3617 804 εὕρ.
3643 730 3679 785 ἐν

2192 830 2281 886 χρ.
2303 809 2512 887 Both]
2542 808 2756 889 εὕρηται
2793 808 2849 867 δὲ
2876 810 3021 887 παρὰ
3050 810 3280 873 Λυκάονι
3316 814 3388 891 τῷ
3416 814 3615 892 Τρωαδεῖ
3634 816 3679 895 (3)

2193 886 2299 955 οἷον
2332 924 2353 948 ι
2387 896 2446 957 τὸ
2482 897 2573 965 ἃλς
2614 900 2756 976 (leg.
2790 896 2953 977 ἅλας)
2977 900 3165 967 εὐῶδες
3190 898 3227 971 ἢ
3268 900 3472 966 δυσῶδες
3508 905 3678 981 ὀρύσσε-

2193 1006 2301 1045 ται.
2324 1012 2349 1038 υ
2378 986 2469 1043 καὶ
2495 984 2655 1044 πάλιν
2683 1012 2709 1040 σι
2746 984 2938 1054 ἅλατος
2966 986 3238 1065 μέδιμνον.
3264 1014 3289 1041 ¹·
3316 992 3587 1065 Stephanus
3606 996 3681 1067 By·

2196 1085 2344 1134 zant.
2394 1095 2456 1134 v.
2508 1072 2767 1153 Ἀλήσιοι,
2812 1095 2872 1151 p.
2924 1094 3024 1153 97,
3066 1078 3113 1135 B
3159 1097 3175 1137 :
3220 1074 3325 1135 ἔστι
3380 1076 3460 1135 καὶ
3503 1078 3677 1148 Ἀλήσιον

2196 1160 2371 1220 πεδίον
2398 1165 2493 1232 τῆς
2521 1160 2773 1242 Ἠπείρου
2792 1208 2810 1237 ,
2841 1159 2929 1221 ἵνα
2956 1162 3222 1241 πήγνυται
3238 1162 3363 1223 πολὺ
3388 1162 3518 1232 ἅλας.
3538 1169 3677 1223 Schol.

2194 1249 2465 1308 Nicandri
2486 1252 2655 1311 Ther.
2696 1252 2812 1328 692
2850 1249 3061 1311 ιπᾶσον
3096 1251 3273 1313 ἅλατι.
3303 1252 3461 1329 Apud
3486 1257 3674 1311 Nioeum

2193 1339 2308 1395 vol.
2338 1358 2359 1394 1
2376 1382 2392 1411 ,
2412 1358 2471 1413 Ρ.
2496 1337 2608 1405 456
2644 1340 2737 1399 ed.
2764 1340 3005 1399 Bekker.
3028 1360 3138 1416 pro
3166 1340 3533 1398 ἀλλαντοπῶλα
3544 1344 3676 1398 codex

2195 1427 2238 1481 Β
2282 1426 2453 1483 habet
2488 1424 2846 1486 ἄλατόπωλοι.
2888 1433 3082 1503 Atque
3122 1430 3201 1485 sic
3245 1432 3403 1485 etiam
3435 1432 3620 1504 pluralis
3638 1433 3675 1485 in

2192 1516 2501 1588 proverbio
2527 1510 2747 1574 Ἅλασιν
2772 1513 2853 1573 ὕει
2880 1536 2973 1593 ap.
2999 1518 3233 1573 Suidam
3252 1538 3306 1577 ν.
3330 1515 3475 1583 Ἀλας
3498 1517 3675 1591 Θυμίτις,

2194 1602 2303 1658 nisi
2336 1600 2392 1659 id
2414 1604 2603 1678 potius
2634 1603 2855 1663 ἀλλᾶσιν
2882 1605 3251 1663 scribendum
3276 1616 3370 1665 est.
3395 1630 3417 1655 ι

2858 1782 3103 1840 xxxv.

2707 1946 3247 2023 POLYZELUS.

2275 2109 2601 2184 Polyzclus,
2630 2109 3017 2184 Atheniensis,
3050 2120 3111 2167 et
3134 2109 3249 2185 ipse
3272 2109 3489 2182 antiquae
3507 2126 3669 2164 comm-

2194 2197 2300 2252 diae
2320 2208 2493 2273 poeta
2512 2196 2621 2252 fuit
2652 2196 2743 2271 (v,
2767 2196 3069 2271 Δημοτυνδ.
3095 2198 3168 2255 fr.
3192 2196 3224 2252 5
3244 2194 3284 2271 ),
3302 2197 3391 2253 sed
3412 2198 3474 2252 ad
3494 2198 3669 2250 mediam

2192 2286 2489 2361 vergentis.
2514 2286 2721 2341 Praeter
2740 2283 2993 2344 Διονύσου
3013 2296 3073 2342 et
3094 2286 3315 2343 Μουσῶν
3327 2282 3477 2362 γονὰς,
3496 2304 3669 2357 quarum

2193 2375 2501 2449 fragmenta
2536 2382 2875 2447 supersunt,
2904 2375 3131 2449 scripsit
3166 2375 3328 2430 etiam
3352 2370 3667 2449 Ἀφροδίτης,

2194 2474 2248 2518 et
2270 2464 2314 2519 si
2340 2462 2605 2519 Eudociae
2628 2458 2792 2538 fides,
2820 2456 2879 2518 'A
2901 2482 3023 2540 ρεω
3041 2484 3066 2527 ς
3092 2482 3191 2539 γον
3208 2458 3294 2527 άς.

2572 2624 2623 2683 1.
2670 2621 3361 2683 ΔΗΜΟΤΥΝΔΑΡΕΩΣ.

2280 2786 2303 2810 α
2356 2764 2423 2816 ln
2458 2762 2569 2816 boc
2592 2759 2849 2815 dramate
2874 2770 3070 2814 actum
3110 2776 3227 2815 esse
3252 2757 3323 2812 de
3352 2753 3525 2829 populi
3548 2750 3667 2805 Attici

2192 2852 2543 2906 restitutione
2598 2850 2657 2903 in
2706 2849 2989 2923 integrum
3009 2887 3028 2916 ,
3078 2848 3381 2921 suspicatur
3424 2840 3579 2897 Kuhn.
3616 2836 3665 2889 ad

2192 2937 2487 2994 Pollucem
2533 2957 2627 3007 ιο,
2672 2939 2768 3006 76,
2788 2955 2822 2993 e
2870 2939 3043 2993 titulo
3088 2937 3449 3008 conjecturam
3482 2929 3665 3001 capiens,

2192 3027 2475 3101 siquidem
2500 3025 2863 3100 Tyndareum
2890 3027 3201 3100 AEsculapii
3232 3035 3347 3082 arte
3366 3029 3417 3078 et
3438 3017 3625 3075 consilio
3642 3032 3663 3066 a

2192 3117 2431 3170 mortuis
2450 3116 2843 3172 resuscitatum
2867 3114 3083 3174 serunt.
3110 3117 3234 3170 Hoc
3256 3119 3462 3184 sumpto
3486 3103 3663 3160 fabulam

2193 3205 2409 3278 olymp.
2438 3209 2538 3278 94,
2570 3221 2605 3257 2
2639 3201 2809 3278 (ante
2852 3203 2987 3260 Chr.
3034 3213 3155 3260 nat.
3188 3201 3323 3275 1002)
3348 3207 3505 3254 actam
3534 3201 3662 3266 putes,

2192 3309 2309 3366 quo
2346 3309 2520 3360 anno,
2556 3309 2751 3347 everso
2771 3291 3005 3366 triginta
3025 3294 3405 3366 Tyr-annorum
3424 3284 3661 3340 dominatu,

2190 3381 2395 3456 populi
2414 3379 2719 3455 imperium
2756 3379 3081 3433 restitutum
3110 3390 3211 3436 est.
3248 3379 3329 3432 De
3352 3369 3593 3447 Tyndareo
3612 3363 3661 3416 ab

2195 3471 2393 3526 Inferis
2421 3477 2695 3525 revocato
2718 3467 2917 3525 Kuhn.
2954 3465 3151 3523 laudat
3178 3465 3461 3524 Lucianum
3484 3460 3551 3512 De
3572 3452 3659 3506 salz.

2194 3556 2291 3627 45,
2318 3567 2375 3613 et
2406 3558 2649 3612 Plinium
2686 3553 2760 3612 Η.
2795 3555 2868 3610 N.
2913 3573 3014 3628 29,
3068 3572 3133 3629 ¹3
3172 3553 3353 3626 potuit
3384 3543 3659 3602 vetustiorem

2192 3657 2516 3715 auctorem,
2564 3643 2845 3716 Panyasin
2892 3643 3052 3716 apud
3090 3641 3314 3699 Sextum
3354 3626 3657 3710 Empir.Adv.

2190 3751 2427 3809 gramm.
2468 3750 2523 3805 1,
2564 3749 2650 3797 ια,
2692 3755 2717 3780 ν
2750 3739 2861 3786 etc.
2897 3730 2945 3784 Ε
2972 3729 3065 3788 Μ.

2958 3861 2981 3897 1
2996 3884 3009 3897 .

2271 3938 2655 3995 PhotiusLex.
2682 3956 2747 4012 p.
2772 3936 2913 4010 613,
2942 3936 3158 4006 4,Τῶν
3183 3933 3373 4012 τριῶν
3394 3923 3568 3985 κακῶν
3586 3917 3655 3972 ἓν·

2191 4023 2469 4105 λεγόμενόν
2496 4048 2546 4082 τι
2572 4023 2700 4092 ἐστί.
2830 4027 2997 4080 ταῦτα
3022 4019 3078 4080 δὲ
3104 4011 3231 4078 εἶναι
3252 4017 3461 4094 λέγουσιν
3484 4007 3659 4081 ἃθῐιὲῑ·

2192 4114 2349 4191 μένης
2380 4116 2669 4192 (princeps
2696 4114 2925 4188 triginta
2952 4107 3364 4187 'tyrannos-um)
3386 4100 3515 4182 ὥρισε
3538 4110 3657 4168 προθ-

2190 4203 2489 4282 τιμήματα.
2530 4201 2831 4274 Πολύζηλος
2848 4199 3262 4277 Δημοτυνδάρεῳ

2288 4329 2482 4412 Τριῶν
2514 4329 2713 4386 κακῶν
2750 4325 2809 4386 ἕν
2836 4327 2895 4414 γ’
2928 4317 3028 4386 οὖν
3076 4308 3262 4385 eil-{eff
3302 4317 3445 4394 αὐτῷ
3474 4330 3527 4367 τι
3550 4298 3653 4363 παι·

3466 4407 3653 4494 ἀνάγκῖι

2289 4531 2325 4604 ἢ
2358 4531 2402 4610 ’ς
2446 4531 2620 4614 ξύλον
2658 4533 2959 4620 ἑφέλκειν,
2989 4529 3025 4602 ἢ
3064 4537 3218 4595 πιεῖν
3254 4528 3481 4600 κώνειον,
3502 4512 3655 4679 {33:¹⁵0-

3554 4633 3657 4677 οντα

2129 4823 2141 4979 ⁴
2186 4818 2415 4874 laboret.
2942 4877 2949 4887 ι

2638 4899 3297 4960 DEMOTYNDAREUS

2952 5001 2999 5048 ι,
3398 4964 3647 5046 [piendum.

2190 5079 2377 5134 Trium
2403 5079 2566 5148 igitur
2586 5079 2851 5134 malorum
2882 5077 2931 5133 ei
2972 5075 3259 5133 necessario
3280 5079 3429 5125 unum
3454 5063 3523 5114 est
3550 5061 3649 5105 acu·

523 5167 661 5238 Quia
684 5163 934 5237 praebebo
971 5173 1164 5236 putens
1189 5168 1261 5230 (ι’.
1289 5182 1334 5220 e.
1363 5170 1547 5231 retus)
1568 5166 1848 5232 Lesbium,
1870 5166 2087 5232 Chium,
2135 5150 2142 5224 Ῑ
2192 5173 2251 5219 ιιι
2272 5164 2350 5220 vel
2376 5163 2445 5220 ad
2468 5164 2674 5235 lignum
2696 5164 2961 5231 trahatur,
2986 5161 3065 5220 vel
3087 5161 3301 5216 cicutam
3320 5150 3463 5210 bibat,
3485 5137 3547 5196 vel
3565 5146 3649 5206 1²¹⁰·

515 5251 804 5320 Thasium,
829 5249 1131 5319 Biblinum,
1160 5250 1496 5318 Mendaeum,
1520 5260 1580 5307 ut
1601 5267 1762 5307 nemo
1781 5251 2003 5324 crapula

3524 5229 3537 5292 1
3550 5221 3647 5274 deus
