3809 5850
382 469 416 518 ὃ
1373 452 1700 512 COMOEDl
1715 452 1782 509 ΑΞ
1825 447 2150 510 vl-:Tssffls
2192 445 2605 518 RELlQUlAE.

1109 585 1214 642 VI.

941 723 1390 794 TOLYNUS.

469 887 656 960 Etym.
713 887 791 941 M.
837 902 900 959 p.
943 884 1087 956 761,
1135 892 1232 953 47,
1276 879 1555 940 Τολύνειον
1596 881 1704 956 (ita
1751 881 1951 954 Mein.;

385 976 521 1030 libri
555 968 837 1048 Τολῦνιον)
889 991 904 1027 t
951 969 1012 1028 τὸ
1046 967 1368 1043 καλούμενον
1410 967 1712 1047 Κρατίνιιον
1765 964 1953 1043 μέτρον

385 1059 782 1130 πολυσύνθετσν,
827 1056 932 1115 ἀπὸ
977 1061 1068 1115 τοῦ
1115 1054 1401 1134 Μεγαρέως
1444 1057 1495 1115 Τ
1498 1055 1710 1113 ολύνου’
1751 1053 1863 1112 ἔστι
1897 1053 1955 1111 δὲ

385 1145 782 1227 προγενέστερος
811 1145 1088 1225 Κρατίνου.
1117 1150 1204 1202 De
1235 1156 1420 1202 metro
1447 1146 1712 1203 Cratineo
1743 1163 1802 1202 v.
1834 1147 1953 1200 He-

387 1238 586 1312 phaest.
643 1246 701 1292 et
736 1238 1050 1293 Hermann.
1071 1237 1300 1310 ssDoctr.
1337 1245 1503 1292 metr.
1565 1253 1626 1310 p.
1665 1231 1803 1290 582.
1839 1231 1955 1288 Sed

387 1324 701 1382 Meinekius
736 1325 880 1380 Hist.
923 1324 1056 1379 crit.
1095 1341 1246 1380 com.
1275 1341 1336 1396 p.
1389 1321 1463 1376 38
1486 1363 1503 1394 ,
1542 1347 1566 1372 ιι
1601 1321 1892 1390 Fortasse,
1922 1344 1947 1370 ιι

389 1413 608 1484 inquit,
636 1436 660 1460 ι
683 1421 986 1486 corruptus
1009 1421 1094 1465 est
1131 1410 1484 1484 grammatici
1516 1408 1700 1478 locus,
1750 1419 1808 1464 et
1842 1427 1953 1482 pro

385 1495 662 1558 Τολύνειον
686 1497 1054 1555 scribendum
1092 1491 1424 1565 Τελλήνειον.
1466 1496 1752 1552 zenobius
1777 1497 1951 1552 Prov.

395 1608 447 1656 1,
491 1587 562 1654 45
597 1608 608 1642 :
642 1584 852 1654 Τέλλην
882 1583 1112 1656 αὐλητὴς
1141 1581 1344 1662 ἐγένετο
1377 1581 1467 1641 καὶ
1505 1583 1678 1658 μελῶν
1700 1579 1954 1654 ποιητὴς,

385 1673 602 1748 παίγνιά
643 1695 700 1730 τε
731 1671 1012 1730 κατέλιπεν
1049 1669 1410 1749 εὐρυθμότατα
1445 1668 1536 1728 καὶ
1567 1667 1726 1749 χάριν
1761 1667 1951 1747 ἔχοντα

389 1763 658 1834 πλείστην,
686 1757 779 1818 καὶ
805 1759 1110 1836 σκώμματα
1133 1756 1464 1837 κομψότατα.
1505 1759 1578 1817 In
1611 1778 1744 1815 eum
1779 1768 1959 1814 exstat

387 1852 736 1926 epig-ramma
788 1849 1060 1907 Leonidae
1111 1848 1438 1916 Tarentini,
1485 1847 1720 1902 Anthol.
1772 1845 1950 1901 Palat.

387 1941 515 2008 vll,
543 1957 680 2012 719,
711 1955 782 1993 ex
819 1957 936 2011 quo
970 1935 1374 2012 perantiquum
1399 1943 1632 2008 poetam
1658 1933 1826 1990 fuisse
1861 1933 1951 1986 in-

389 2027 665 2100 telligitur
701 2043 716 2078 z

471 2110 739 2178 Τέλληνος
762 2107 877 2168 τόδε
909 2108 1074 2188 (libri
1105 2120 1381 2185 corrupto
1409 2117 1594 2165 metro
1617 2103 1725 2163 ὅδε.
1751 2100 1958 2180 Both.)

937 2231 1161 2310 τύμὸος·
1189 2230 1298 2311 ἔχω
1327 2229 1374 2288 δ’
1401 2228 1502 2288 ὑπὸ
1541 2229 1701 2308 βώλιῖ
1725 2226 1959 2307 πρέσὸον

549 2322 726 2393 τῆνον,
751 2319 839 2378 τὸν
862 2321 1071 2399 πρῶτον
1093 2318 1284 2396 γνόντα
1303 2315 1673 2394 γελοιομελιῖν.

395 2445 732 2500 Ceterorum
759 2443 1138 2517 scriptorum,
1171 2441 1272 2516 qui
1297 2441 1582 2498 Tellenem
1609 2453 1960 2496 commemo·

393 2542 560 2601 rant,
614 2533 740 2587 loca
785 2532 1015 2606 collegit
1061 2530 1436 2586 Ruhnkenius
1487 2529 1664 2604 Epist.
1723 2528 1852 2582 crit.
1905 2527 1959 2597 I,

396 2637 456 2692 p.
513 2619 644 2676 118.
688 2643 712 2668 υ
763 2619 899 2673 Haec
940 2618 1045 2673 etsi
1078 2635 1196 2671 non
1227 2618 1418 2690 inepta
1459 2625 1541 2671 est
1583 2611 1961 2690 conjectura,

398 2715 586 2760 tamen
615 2704 973 2760 dissimilium
1016 2703 1158 2760 mihi
1193 2701 1462 2757 videntur
1501 2701 1710 2756 horum
1755 2711 1960 2774 poeta·

395 2810 525 2846 rum
565 2793 828 2860 nomina,
877 2809 1047 2864 quam
1089 2809 1216 2864 quae
1261 2789 1424 2844 sacile
1462 2789 1909 2863 permisceantur
1944 2809 1958 2844 ι

396 2881 590 2954 itaque
616 2880 898 2953 Tolynum
931 2897 1052 2933 non
1089 2895 1384 2953 aspernor.

480 3120 552 3173 ni
585 3116 700 3172 fere
724 3116 954 3170 fuerunt
978 3126 1164 3190 poetae
1181 3156 1200 3185 ,
1230 3133 1374 3188 quos
1410 3133 1783 3190 praecursores
1809 3116 1967 3172 dicas

399 3224 544 3262 νει-π
570 3215 628 3259 et
657 3202 920 3277 perfectae
949 3202 1085 3258 artis
1116 3221 1131 3258 ε
1159 3212 1321 3259 ancta
1343 3204 1494 3258 enim
1521 3204 1730 3258 miriun
1755 3204 1814 3259 in
1841 3222 1964 3257 mo·

399 3292 538 3347 dum
577 3292 838 3347 libertate
873 3291 1170 3365 popularis
1215 3291 1438 3364 imperii
1467 3290 1824 3365 audaciaque
1853 3291 1963 3346 de·—

399 3396 776 3455 magogorum
812 3378 979 3434 simul
1009 3378 1142 3435 totis
1178 3378 1397 3433 viribus
1432 3378 1727 3455 insurgens
1775 3380 1966 3453 poesis

401 3470 616 3524 comica
641 3484 760 3523 non
785 3466 962 3524 modo
997 3466 1178 3523 malos
1208 3464 1678 3540 turbulentosque
1705 3466 1969 3523 homines

399 3556 722 3633 exagitabat
768 3554 857 3631 (v.
895 3556 1097 3616 Horat.
1147 3557 1329 3614 Serm.
1359 3556 1406 3625 1,
1439 3562 1494 3625 4,
1545 3572 1569 3610 1
1603 3584 1686 3598 -
1717 3552 1813 3629 5),
1862 3572 1967 3611 ve-

401 3664 525 3701 rum
543 3684 560 3713 ,
589 3662 706 3718 quo
730 3644 880 3699 cives
907 3643 980 3699 ad
1009 3644 1193 3699 omnis
1223 3642 1529 3697 honestatis
1565 3640 1816 3697 studium
1845 3660 1964 3697 am-

399 3730 764 3803 plectendum
801 3730 1106 3803 excitaret,
1137 3744 1364 3783 omnem
1405 3728 1726 3783 divinarum
1758 3728 1967 3784 huma·

400 3834 722 3890 uarumque
759 3834 948 3872 rerum
993 3815 1194 3871 orbem
1223 3816 1528 3889 percurrit.
1567 3816 1729 3871 Hanc
1759 3818 1967 3871 summi

401 3900 560 3958 floris
587 3912 807 3957 aetatem
844 3902 978 3959 inde
1019 3902 1091 3957 ab
1131 3900 1458 3977 olympiade
1507 3902 1852 3976 octogesiina
1895 3902 1970 3959 ad

404 3991 822 4065 nonagesimam
836 4001 1052 4045 sextam
1070 3990 1406 4064 pertinuisse
1417 3991 1609 4045 statuit
1627 3990 1962 4051 Meinekius.

403 4078 522 4133 Sed
542 4082 598 4131 ae'n
615 4082 813 4131 vitium
847 4076 944 4151 (ut
971 4076 1192 4133 Horatii
1219 4076 1408 4131 verbis
1435 4086 1584 4145 utar,
1611 4080 1682 4135 A.
1715 4080 1779 4137 P.
1816 4078 1965 4155 282)

405 4166 632 4221 llbertas
679 4166 896 4219 excidet
923 4176 982 4219 et
1021 4168 1139 4219 vim
1182 4164 1433 4235 Dignam
1478 4164 1602 4237 Iege
1651 4170 1794 4239 regi.
1847 4170 1971 4223 Lex

405 4264 488 4308 est
538 4264 773 4326 accepta
791 4292 808 4321 ,
839 4250 1143 4326 chorusque
1184 4252 1442 4327 Turpiter
1480 4252 1712 4309 obticuit
1747 4256 1971 4314 sublato

395 4348 526 4411 jure
553 4340 808 4399 nocendi.
855 4340 1126 4415 Inprimis
1163 4340 1258 4395 ille
1305 4337 1581 4415 significat
1617 4342 1830 4417 legem,
1873 4362 1969 4399 ar-

406 4428 616 4483 chonte
657 4426 998 4500 Morychide
1039 4428 1210 4483 latam
1239 4428 1454 4503 olymp.
1478 4426 1576 4499 85,
1617 4448 1672 4499 1,
1709 4448 1824 4505 qua
1850 4432 1972 4504 pri-

403 4534 560 4570 mum
581 4526 814 4571 cautum
831 4525 913 4572 est
935 4512 1011 4589 μὴ
1033 4512 1306 4593 κωμῳδεῖν
1330 4514 1602 4590 ὀνομαστὶ,
1632 4536 1757 4591 quae
1783 4528 1970 4576 tamen

405 4604 496 4659 lex
516 4621 586 4658 eo
609 4604 1004 4659 tantummodo
1023 4604 1266 4659 valuisse
1301 4604 1530 4660 videtur
1551 4605 1838 4661 Meinekio
1856 4648 1872 4674 ,
1896 4627 1971 4664 ne

403 4702 587 4767 poetae
617 4692 856 4761 comici,
893 4711 1062 4766 quem
1087 4693 1518 4759 insectarentur,
1551 4710 1682 4747 eum
1703 4694 1969 4749 nomina·-

408 4780 506 4834 tim
538 4779 942 4853 ignominiosas
967 4790 1158 4854 partes
1187 4788 1450 4853 agentem
1480 4780 1538 4833 in
1567 4797 1792 4833 scenam
1825 4798 1969 4853 pro-

407 4867 700 4923 ducerent.
735 4866 977 4939 (Iisdem
1005 4866 1358 4941 temporibus
1384 4865 1554 4921 etiam
1583 4866 1742 4921 illam
1787 4867 1971 4941 legem

407 4956 682 5029 perlatam
712 4974 824 5011 esse
853 4954 1151 5029 suspiceris
1171 4994 1186 5023 ,
1218 4970 1331 5026 qua
1359 4970 1434 5007 ne
1467 4952 1596 5025 quis
1624 4955 1973 5026 Areopagita

408 5042 703 5098 comoediis
741 5040 1057 5097 scribendis
1111 5058 1344 5115 operam
1399 5039 1563 5095 daret
1615 5040 1973 5113 prohibitum

407 5141 488 5185 cst
537 5150 552 5185 τ
603 5150 660 5188 v.
711 5131 857 5185 Plut.
913 5129 1141 5185 Bellone
1192 5148 1261 5184 an
1313 5148 1455 5202 pace
1503 5137 1691 5200 praest.
1759 5127 1966 5187 Athen.

407 5235 464 5289 p.
495 5215 630 5288 348,
672 5218 732 5274 C.
769 5219 818 5271 E
849 5214 1062 5290 Mein.)
1105 5216 1244 5271 Inde
1275 5226 1460 5271 autem
1508 5214 1581 5269 ab
1629 5214 1972 5288 olympiadis

2048 599 2123 655 9²
2172 598 2323 635 anno
2382 597 2401 634 ι
2460 578 2647 633 soluta
2696 577 3087 648 democratia,
3141 579 3603 651 saevientibusque

2047 669 2305 744 Triginta
2336 667 2503 736 viris,
2530 676 2651 720 tum
2696 676 2930 736 coorto,
2958 665 3118 738 quod
3145 667 3457 720 maximum
3498 685 3609 720 mo⁴

2046 767 2301 812 mentum
2326 753 2561 823 habuit,
2598 753 2754 808 bello
2794 754 3279 828 Peloponnesiaco
3321 771 3412 808 res
3448 755 3610 809 Athe-

2046 843 2323 900 niensium
2350 827 2615 918 publicae⁰
2641 859 2708 898 ac
2740 843 2973 916 privatae
3018 841 3167 899 adeo
3200 839 3425 896 afflicte
3452 851 3609 914 sunt,

2048 943 2113 986 ut
2152 941 2409 1004 sumptus
2446 929 2519 986 ad
2562 930 2802 1000 choros,
2838 947 2968 984 cum
3000 930 3285 1004 tragicos,
3336 939 3455 984 tum
3502 947 3611 983 co—

2049 1020 2267 1088 micos,
2299 1018 2557 1094 quamvis
2595 1018 2781 1072 minus
2816 1015 3177 1092 splendidos,
3220 1033 3341 1071 non
3379 1017 3615 1091 amplius

2047 1116 2411 1184 suppeterent
2442 1105 2679 1163 civibus.

2126 1194 2239 1254 Sed
2261 1193 2560 1249 redeamus
2595 1192 2668 1248 ad
2699 1203 2917 1248 aetatem
2961 1193 3145 1263 illam,
3191 1209 3365 1265 quam
3408 1192 3527 1246 dixi
3562 1193 3615 1245 in

2047 1280 2473 1354 superioribus,
2508 1277 2843 1334 illustratam
2885 1277 3210 1334 clarissimis
3258 1279 3611 1336 comicorum

2050 1371 2310 1445 ingeniis,
2334 1370 2572 1438 Cratini,
2598 1369 2863 1438 Cratetis,
2889 1369 3264 1436 PherecratiS‚
3290 1369 3611 1441 Eupolidis,

2048 1454 2403 1531 aliorumque
2422 1497 2439 1526 ‚
2471 1455 2545 1512 de
2582 1457 2789 1530 quibus
2818 1454 2938 1527 jam
2980 1454 3181 1511 ordine
3207 1455 3611 1531 exponendum

2048 1555 2149 1602 est.

2764 1781 2895 1840 Vll.

2605 1913 3079 1982 CRATlNUS.

2130 2067 2419 2123 platonius
2452 2067 2539 2123 De
2576 2065 2803 2122 diverso
2844 2063 3079 2139 ingenio
3128 2063 3459 2140 principum
3512 2085 3618 2122 co-

2051 2153 2275 2211 moediae
2300 2155 2507 2210 veteris
2528 2153 2892 2221 Graecorum,
2922 2169 3058 2226 pag.
3085 2169 3193 2208 xiv
3227 2149 3321 2210 ed.
3366 2151 3570 2209 Didot.
3601 2175 3611 2206 :

2058 2241 2339 2322 Κρατῖνος,
2374 2243 2402 2298 ὁ
2440 2241 2533 2310 τῆς
2571 2241 2805 2300 παλαιᾶς
2844 2237 3126 2318 κωμῳδίας
3158 2235 3379 2309 ποιητὴς
3420 2241 3619 2314 (Calli-

2052 2329 2235 2386 medis
2262 2327 2437 2398 iilius,
2486 2327 2709 2384 tribulis
2735 2328 2829 2396 τῆς
2860 2322 3107 2396 Οἶνηΐδος
3136 2325 3301 2404 φυλῆς
3327 2338 3385 2382 et
3408 2330 3619 2383 taxiar-

2054 2417 2193 2474 chus
2263 2413 2573 2472 secundum
2652 2413 2886 2472 Suidam
2956 2425 3013 2470 et
3080 2415 3611 2491 paroemiographos

2052 2522 2111 2563 v.
2144 2502 2359 2564 Ἐπειοῦ
2387 2501 2730 2582 δειλότερος),
2763 2497 2856 2558 ἅτε
2880 2497 2945 2570 δὴ
2973 2498 3065 2558 καὶ
3094 2498 3159 2558 τὰ
3181 2503 3273 2558 τοῦ
3300 2499 3614 2579 Ἀρχιλόχου

2054 2591 2295 2664 ζηλώσας
2343 2593 2456 2667 (ita
2492 2591 2909 2664 Hemsterhus.,
2955 2591 2995 2648 i.
3024 2609 3075 2647 e.
3112 2613 3137 2642 ιι
3181 2591 3398 2664 quippe
3448 2591 3619 2645 etiam

2054 2679 2385 2736 Archilochi
2412 2679 2661 2735 carmina
2701 2679 3022 2747 aemulams3
3073 2701 3097 2727 n
3151 2675 3378 2732 codices
3414 2675 3622 2731 vitiose

2057 2762 2149 2824 ἅτε
2186 2767 2249 2835 δὴ
2286 2765 2425 2824 κατὰ
2454 2761 2547 2831 τὰς
2584 2763 2731 2844 Ἀρχ.
2773 2761 3033 2841 ζητήσεις)
3067 2761 3320 2841 αὐστηρὸς
3358 2762 3455 2837 μὲν
3507 2769 3622 2828 ταῖς

2054 2854 2335 2933 λοιδορίαις
2388 2849 2558 2910 ἐστίν·
2604 2853 2663 2910 οὗ
2718 2850 2856 2931 γὰρ,
2911 2849 3090 2929 ὥσπερ
3138 2853 3166 2907 ὁ
3212 2849 3623 2931 Ἀριστοφάνης,

2056 2940 2348 3022 ἐπιτρέχειν
2382 2939 2479 3012 τὴν
2506 2938 2663 3019 χάριν
2699 2946 2805 3005 τοῖς
2828 2937 3121 3013 σκώμμασι
3147 2938 3319 3009 ποιεῖ,
3348 2936 3409 2995 τὸ
3444 2960 3623 3017 φορτι·

2057 3029 2146 3087 κὸν
2175 3033 2269 3101 τῆς
2298 3027 2651 3102 ἐπιτιμήσεως
2674 3026 2759 3085 διὰ
2787 3024 2981 3097 ταύτης
3006 3026 3223 3106 (intell.
3253 3029 3346 3097 τῆς
3374 3025 3621 3105 χάριτος)

2058 3118 2303 3195 ἀναιρῶν,
2333 3115 2453 3173 ἀλλ’
2494 3116 2709 3190 ἅπλῶς,
2752 3112 2843 3171 καὶ
2892 3112 3029 3171 κατὰ
3060 3111 3155 3183 τὴν
3194 3114 3489 3192 παροιμίαν
3528 3138 3624 3191 γυ-

2062 3206 2166 3280 μνῇ
2218 3206 2282 3281 τῇ
2332 3203 2535 3281 κεφαλῇ
2590 3198 2763 3272 τίθησι
2810 3199 2904 3268 τὰς
2951 3199 3290 3281 βλασφημίας
3332 3200 3472 3259 κατὰ
3518 3206 3626 3259 τῶν

2059 3289 2485 3370 ἁμαρτανόντων.
2510 3292 2590 3348 Ut
2612 3291 2962 3367 decrepitum
2992 3302 3053 3347 et
3076 3302 3417 3366 nugatorem
3441 3310 3627 3367 quum

2057 3382 2263 3437 risisset
2316 3399 2447 3437 eum
2494 3380 2899 3454 Aristophanes
2945 3382 3050 3453 Eq.
3098 3378 3214 3452 493
3256 3396 3445 3451 seqq„
3494 3398 3627 3452 quae

2056 3469 2252 3524 fabula
2297 3478 2425 3524 acta
2452 3478 2537 3523 est
2563 3468 2781 3543 olymp.
2833 3468 2929 3537 88,
2966 3474 3026 3538 4,
3056 3467 3307 3522 irritatus
3342 3466 3629 3539 ejusmodi

2061 3556 2315 3612 dicteriis
2378 3556 2639 3612 Cratinus
2685 3567 2955 3629 sequente
2999 3573 3153 3610 anno
3198 3551 3431 3623 Πυτίνην
3474 3558 3629 3611 miro

2060 3644 2313 3700 omnium
2356 3643 2632 3719 applausu
2684 3643 2905 3713 docuit,
2944 3642 3045 3699 sed
3087 3642 3246 3698 brevi
3288 3653 3420 3717 post
3448 3644 3627 3699 vitam

2056 3730 2259 3789 sinivit.
2305 3732 2591 3788 Lucianus
2628 3732 2688 3786 in
2750 3732 3003 3787 Macrob.
3048 3730 3120 3786 25
3166 3747 3183 3787 z
3231 3728 3486 3808 Κρατῖνος
3532 3728 3626 3799 δὲ,

2058 3820 2086 3876 ὁ
2120 3820 2213 3889 τῆς
2242 3816 2523 3898 κωμῳδίας
2558 3816 2811 3889 ποιητὴς,
2842 3814 2979 3875 ἑπτὰ
3018 3813 3147 3896 πρὸς
3178 3815 3284 3881 τοῖς
3313 3814 3625 3887 ἐνενήκοντα

2059 3904 2224 3964 ἔτεσιν
2251 3902 2436 3963 ἕδίωσε
2455 3948 2471 3976 ,
2494 3904 2585 3962 καὶ
2613 3906 2687 3985 τῷ
2724 3904 2862 3962 τέλει
2902 3908 2992 3963 τοῦ
3024 3898 3136 3983 βίου
3157 3900 3365 3970 διδάξας
3388 3900 3483 3973 τὴν
3512 3904 3628 3961 Πυ-

2058 3992 2223 4065 τίνην,
2240 3990 2330 4049 καὶ
2351 3990 2589 4066 νικήσας,
2606 3990 2719 4067 μετ’
2741 3993 2799 4050 οὔ
2818 3990 2951 4049 πολὺ
2969 3988 3237 4050 ἐτελεύτα.
3258 3994 3449 4063 Quum
3474 3994 3625 4048 hanc

2058 4082 2308 4138 fabulam
2337 4099 2467 4136 eum
2510 4074 2639 4157 πρὸς
2664 4080 2743 4156 τῷ
2784 4077 2923 4135 τέλει
2957 4080 3047 4136 τοῦ
3094 4076 3205 4155 βίου
3242 4078 3501 4135 docuisse
3536 4080 3625 4134 di-

2060 4180 2151 4225 eat
2174 4172 2345 4241 Luc.‚
2366 4186 2433 4224 ex
2460 4186 2531 4223 eo
2567 4167 2816 4224 Meinek.
2853 4166 3075 4242 colligit
3097 4167 3301 4222 obiisse
3329 4167 3623 4223 Cratinum

2060 4258 2273 4331 olymp.
2318 4255 2415 4331 89,
2467 4274 2525 4329 1,
2569 4254 2929 4330 proindeque
2962 4256 3177 4310 natales
3210 4254 3329 4325 ejus
3374 4254 3627 4309 incidere

2059 4344 2117 4396 in
2148 4344 2361 4415 olymp.
2399 4340 2498 4399 65.
2532 4344 2795 4399 Ceterum
2835 4342 2935 4395 uni
2980 4342 3203 4409 Suidae,
3240 4340 3479 4396 sortasse
3518 4342 3623 4396 de-

2006 4466 2012 4475 ·
2061 4441 2229 4505 cepto
2276 4430 2469 4486 verbis
2510 4428 2905 4506 Aristophanis
2954 4430 3197 4485 Acharn.
3240 4426 3380 4502 800,
3430 4448 3624 4505 κεκαρ·

2060 4514 2211 4592 μένος
2234 4512 2443 4593 μοιχὸν,
2468 4517 2629 4573 audit
2656 4516 2915 4573 παιδικῶν
2945 4512 3253 4590 ἡττημένος,
3279 4514 3469 4571 verius
3492 4517 3626 4572 altc-

2058 4624 2187 4661 rum
2212 4604 2373 4679 quod
2397 4604 2563 4675 dicit,
2580 4600 2889 4682 φιλοπότης,
2914 4606 3131 4679 quippe
3150 4602 3626 4678 firmatumipsius

2052 4694 2200 4769 jocis
2226 4694 2286 4748 in
2307 4689 2529 4768 Πυτίνῃ,
2547 4692 2943 4768 Aristophanis
2958 4703 3147 4747 autem
3164 4691 3491 4747 testimonio
3514 4693 3619 4765 Eq.

2063 4781 2174 4851 373
2205 4792 2263 4837 et
2285 4782 2419 4836 Pac.
2452 4779 2569 4835 666
2610 4798 2773 4853 seqq.
2804 4780 3005 4835 Priore
3024 4779 3159 4833 loco
3178 4788 3355 4853 poeta
3380 4777 3427 4833 εἰ
3452 4775 3511 4834 σὲ
3540 4776 3619 4850 μὴ

2062 4867 2231 4939 μισῶ,
2262 4862 2508 4941 γενοίμην
2544 4864 2598 4921 ἐν
2644 4862 2905 4942 Κρατίνου
2954 4864 3166 4940 (intell.
3207 4860 3381 4941 οἰκίᾳ)
3406 4862 3625 4934 κώδιον,

2062 4973 2185 5025 quae
2215 4956 2297 5009 sic
2343 4956 2753 5028 interpretatur
2778 4952 2985 5010 Suidas
3025 4972 3038 5007 z
3076 4950 3333 5030 Κρατίνου
3376 4949 3565 5008 κώδιον
3610 4971 3623 5009 :

2061 5038 2246 5097 κώδιόν
2286 5040 2397 5097 ἔστι
2436 5038 2496 5097 τὸ
2536 5038 2651 5115 ἅμα
2689 5046 2795 5106 τοῖς
2829 5036 2984 5117 ἐρίοις
3024 5035 3193 5115 δέρμα
3223 5037 3623 5111 σκευαζόμενον.

2060 5128 2129 5191 ὡς
2166 5124 2449 5203 ἐνουρητὴν
2492 5124 2547 5183 δὲ
2583 5124 2673 5183 καὶ
2714 5124 2935 5202 μέθυσον
2978 5124 3251 5184 διαὸάλλει
3294 5124 3384 5182 τὸν
3420 5126 3625 5203 Κρατῖ-

2061 5236 2237 5274 νον....
2274 5213 2515 5291 γενοίμην
2552 5204 2660 5289 οὖν,
2692 5214 2869 5293 φησὶν,
2912 5214 2981 5279 εἷς
3018 5209 3111 5283 τὴν
3150 5210 3319 5271 οἰκίαν
3360 5212 3622 5291 Κρατίνου
