3809 5850
1368 360 1903 425 NicomAcnUs.
3139 378 3246 428 ’117

214 499 503 589 μάγειρος,
537 498 641 561 οὐκ
682 489 865 563 οἷσθ’.
904 498 959 579 β.
996 492 1255 585 Εἵσομαι
1292 486 1363 563 δέ
1390 500 1481 587 γ’,
1521 489 1592 559 ἂν

1369 604 1582 696 λέγῃς·

216 708 401 802 τὸγὰρ
425 701 825 803 παραλαὸόντ’
854 705 999 795 ὄψον
1023 710 1422 800 ἠγορασμένον

212 816 420 907 πρότερ’
451 805 781 881 ἀποδοῦναι
825 811 1205 881 σκευάσαντα
1242 821 1543 905 μουσικῶς

116 942 175 987 ιο
214 912 453 987 διακόνου
474 914 591 991 ’στ’
612 924 679 987 οὐ
704 929 815 987 τοῦ
838 918 1199 1012 τυχόντοςα.
1224 914 1547 1012 Ηράκλεις,

213 1031 239 1091 ὁ
265 1023 518 1118 μάγειρός
546 1025 691 1109 ἐσθ’,
722 1030 757 1091 ὁ
784 1028 1015 1102 τέλειος
1035 1073 1056 1110 ,
1089 1028 1265 1118 ἑτέρα
1295 1019 1583 1104 διάθεσις.

214 1130 419 1207 Πολλὰς
437 1133 653 1223 τέχνας
679 1124 891 1207 λάὸοις
918 1126 989 1195 ἂν
1016 1123 1281 1213 ἐνδόξους
1308 1130 1491 1219 πάνυ,

213 1234 281 1300 ὧν
303 1237 397 1302 τὸν
428 1236 641 1329 μαθεῖν
672 1234 1029 1329 βουλόμενον
1062 1236 1245 1331 ὀρθῶς
1276 1241 1381 1303 οὐκ
1408 1239 1496 1303 ἔνι

212 1344 427 1419 ταύταις
445 1342 791 1435 προσελθεῖν
819 1342 1005 1425 εὐθὺς,
1028 1342 1171 1408 ἀλλ’
1192 1344 1351 1419 ὅπως
1376 1368 1449 1435 γε
1468 1330 1587 1427 δεῖ,

117 1444 171 1513 15
212 1444 555 1543 ᾗζωγραφίᾳ
586 1456 648 1543 γ’
671 1445 765 1516 ἄν·
797 1446 993 1519 ταύτὰ
1018 1447 1121 1517 καὶ
1148 1460 1497 1543 μαγειρικῆς

210 1556 457 1649 πρότερον
471 1555 677 1648 μαθεῖν
692 1546 910 1632 δεῖτῆς
918 1558 1131 1645 τέχνης
1148 1557 1246 1621 ἑτέ
1250 1581 1347 1647 ρας
1355 1557 1592 1648 τέχνας,

210 1659 277 1726 ὧν
300 1656 503 1729 εἰδέναι
528 1688 621 1729 σοι
652 1667 927 1755 κρεῖττον
956 1658 1029 1734 ἦν
1051 1658 1189 1752 πρίν
1220 1686 1327 1751 μοι
1352 1666 1591 1743 λαλεῖν,

210 1768 613 1862 ἀστρολογικὴν
637 1817 660 1852 ,
684 1771 1093 1861 γεωμετρικὴν
1117 1814 1138 1849 ,
1175 1764 1464 1855 ἰατρικήν.

209 1875 327 1939 Τῶν
356 1873 561 1964 ἰχθύων
578 1871 695 1967 γὰρ
716 1870 829 1951 τἀς
845 1864 1131 1964 δυνάμεις
1148 1871 1252 1939 καὶ
1273 1870 1386 1950 τὰς
1405 1876 1593 1965 τύχας

111 2000 173 2044 20
212 1982 433 2047 ἐντεῦθεν
462 1978 632 2064 εἴσει,
666 1978 1199 2070 παρακολουθήσας
1228 1978 1492 2072 χρόνοις,

211 2084 327 2151 πότ’
354 2080 535 2177 ἄωρός
554 2080 673 2153 ἐσθ’
692 2088 965 2171 ἕκαστος,
990 2082 1029 2157 ἢ
1050 2084 1186 2153 πόθ’
1212 2089 1448 2177 ὥριμος·

210 2199 311 2257 τῶν
336 2184 553 2267 ἡδονῶν
580 2188 697 2284 γὰρ
730 2188 973 2284 μεγάλα
1000 2189 1083 2261 τὰ
1111 2183 1153 2257 δ
1159 2194 1344 2265 ιασττς
1348 2216 1541 2283 ματα·

210 2296 367 2363 ἐνίοτε
396 2296 685 2391 κρείττων
718 2297 1001 2392 γίγνεται
1028 2297 1227 2365 θύννου
1258 2293 1430 2383 βόαξ.

212 2406 261 2489 β.
292 2394 470 2471 ἷεῑστω·
490 2413 875 2497 γεωμετρικῇ
894 2394 963 2471 δὲ
984 2400 1087 2469 καὶ
1102 2403 1197 2471 σοὶ
1216 2408 1469 2497 πρᾶγμα
1492 2404 1555 2473 τί
1572 2426 1591 2489 ;

108 2504 173 2575 25
209 2536 261 2576 α.
303 2510 669 2579 Τούπτάνιον
714 2514 894 2599 ἡμεῖς
936 2517 1189 2602 σφαῖραν
1248 2506 1399 2578 εἶναι
1430 2511 1593 2578 τιθέ·

1468 2616 1591 2685 εθα.

208 2716 233 2747 ⁸
254 2732 409 2789 τοῦτο
434 2714 737 2789 διελέσθαι
762 2720 865 2787 καὶ
891 2720 1071 2789 τόπον
1097 2715 1340 2788 λαὲόνθ’
1370 2642 1475 2787 ἔνια

210 2827 411 2919 μερίσαι
436 2824 577 2895 κατ’
611 2822 771 2905 εἶδος
804 2837 917 2905 τῆς
943 2829 1162 2919 τέχνης
1184 2820 1459 2905 ἐπιδέξια
1478 2878 1497 2911 ,

208 2937 397 3006 ἐκεῖθεν
416 2931 651 3006 ἐνταῦθ’
679 2935 815 3004 ε’στὶ
849 2938 1342 3030 μετενηνεγμένα.
1376 2933 1405 2964 ⁴*

212 3043 265 3122 β.
310 3041 493 3122 Οὗτος
509 3093 527 3128 ,
582 3045 953 3132 πέπεισμαι,
1006 3041 1111 3108 καὶ
1161 3042 1245 3106 τὰ
1274 3037 1463 3107 λοιπὰ
1512 3044 1599 3131 μὴ

824 3143 833 3149 ’
1389 3133 1599 3216 λάλει..

108 3241 172 3311 30
210 3273 259 3316 α.
284 3251 423 3346 Περὶ
438 3264 545 3332 τῆς
564 3252 837 3346 ἰατρικῆς
858 3243 943 3318 δέ·
976 3261 1099 3317 τῶν
1123 3247 1237 3348 γὰρ
1259 3251 1601 3344 βρωμάτων

180 3429 387 3502 differat,
412 3436 611 3492 nescis.
637 3435 694 3490 b.
721 3433 885 3490 Scibo
907 3441 1110 3502 autem,
1132 3436 1180 3490 si
1202 3435 1437 3492 dixeris:

178 3531 427 3594 acceptum
442 3525 589 3580 enim
606 3566 621 3588 ,
646 3521 795 3594 quod
814 3531 1061 3595 emptum
1090 3525 1147 3581 iu
1169 3524 1289 3584 foro
1308 3527 1597 3606 fuit‚opso·

178 3607 302 3677 prius
322 3612 515 3670 musice
536 3618 789 3684 paratum
810 3650 827 3678 ,
846 3612 975 3670 dare
1408 3618 1597 3686 [nium

104 3697 151 3746 10
176 3709 267 3750 non
286 3703 363 3752 est
379 3697 614 3770 cujusvis
642 3699 896 3756 ministri.
924 3715 971 3757 a.
1002 3702 1263 3758 Hercules
1278 3745 1295 3772 ,

176 3781 409 3852 perfectus
430 3797 642 3856 coquus
665 3782 767 3840 alia
792 3792 875 3842 est
900 3786 1239 3844 constitutio.

176 3867 346 3924 Multas
365 3875 507 3925 artes
530 3869 775 3926 invenias
795 3871 951 3927 valde
970 3872 1204 3930 illustres
1218 3913 1234 3941 ‚

172 3952 227 4007 ad
253 3969 377 4026 quas
399 3964 543 4012 recte
568 3954 815 4012 discendi
839 3957 1069 4030 cupidus
1098 3975 1209 4016 uon
1233 3969 1413 4034 potest

174 4041 327 4095 statim
342 4041 621 4116 accedere,
641 4041 739 4098 sed
756 4050 820 4098 ut
834 4042 951 4100 fleri
969 4053 1208 4116 oportet,

102 4127 147 4176 15
174 4127 603 4196 quemadmodum
629 4127 699 4185 ad
718 4131 983 4200 picturam
1004 4149 1021 4186 2
1038 4133 1285 4190 similiter
1300 4135 1459 4191 etiam
1472 4143 1599 4191 unte

175 4214 515 4284 coquinat-iam
530 4216 673 4273 'aliae
698 4224 841 4272 artes
862 4216 1139 4276 discendae
1156 4229 1293 4277 sunt
1309 4263 1323 4288 ‚

174 4313 291 4369 quas
316 4309 368 4358 te
390 4303 585 4360 melius
602 4301 711 4360 fuit
734 4303 873 4359 scire
906 4306 1219 4378 priusquam
1250 4323 1337 4364 me
1359 4309 1597 4382 compel-

171 4461 529 4518 astronomiam
549 4501 565 4528 ,
584 4462 949 4534 geometriam
962 4505 979 4530 ,
1008 4463 1355 4522 medicinam.
1392 4400 1409 4464 [
1430 4394 1567 4452 lam
1582 4437 1596 4462 ⁹

172 4545 381 4601 Piscium
402 4547 547 4604 enim
574 4549 714 4604 vires
741 4556 797 4605 et
815 4548 1153 4608 conditiones

100 4633 143 4682 ιο
172 4631 279 4686 inde
308 4633 497 4698 scibis.
520 4633 813 4692 observatis
834 4637 1177 4708 temporibus
1192 4680 1207 4707 ‚

168 4718 363 4790 quando
412 4720 857 4794 intempestivus,
898 4731 953 4779 et
981 4723 1201 4797 quando
1243 4723 1598 4796 tempestivus

1181 4811 1447 4884 {quisque
1468 4818 1552 4867 est
1584 4829 1596 4866 ε

169 4893 347 4965 quippe
368 4893 705 4966 voluptatum
729 4911 925 4968 magna
952 4905 1084 4954 sunt
1106 4895 1419 4963 intervallzu

168 4978 417 5036 interdum
446 4980 659 5053 thynno
679 4990 901 5054 praestat
918 4983 1043 5039 box.

168 5063 199 5119 b
250 5068 365 5123 Esto
409 5067 555 5138 Quid
575 5077 755 5126 autem
782 5071 858 5126 rei
890 5070 1055 5127 etiam
1080 5069 1179 5126 tibi
1206 5077 1289 5127 est
1315 5085 1441 5126 cum
1468 5084 1597 5140 geo·

1347 5158 1603 5226 [uictriai'

1829 491 2210 586 πνευματικὰ
2229 542 2250 579 ,
2287 492 2394 559 καὶ
2426 486 2752 563 δύσπεπτα
2767 548 2786 579 ,
2814 496 2927 569 ,καῖ
2953 500 3250 591 τιμωρίαν

1828 605 2027 693 ἔχοντ’
2053 597 2160 669 ἔνι’
2183 602 2373 685 ἔστιν,
2401 606 2468 668 οὐ
2483 607 2728 699 τροφήν·
2761 596 3024 671 δειπνεῖν
3046 600 3114 672 δὲ
3132 611 3251 684 πᾶς

1826 711 2163 804 τάλλότρια
2203 705 2418 805 γίγνετ’
2448 704 2722 805 ὀξύχειρ,
2753 714 2902 801 κούκ
2933 716 3196 809 ἐγκρατῆ
3199 740 3246 791 ς.

1825 817 1973 894 Τοῖς
2003 810 2080 893 δὴ
2099 816 2386 895 τοιούτοις
2419 818 2726 908 βρώμασιν
2753 815 2836 884 τὰ
2869 818 3154 911 φάρμακα

1684 915 1775 993 35
1828 916 2050 1011 εὕρητ’·
2082 920 2300 989 ἐκεῖθεν
2335 919 2636 1014 μεταφορὰ
2661 913 2724 987 δ’
2754 921 2916 993 ἐστὶν
2949 926 3190 1014 τέχνης.

1828 1017 1962 1098 ᾔδη
1997 1026 2072 1095 τὸ
2103 1022 2258 1118 μετὰ
2283 1036 2386 1091 νοῦ
2411 1024 2604 1095 καὶτὸ
2636 1030 2988 1120 συμμέτρως
3017 1031 3158 1121 ἕχον

1825 1128 1994 1223 παρὰ
2019 1140 2322 1210 τακτικῆς
2339 1184 2358 1217 ,
2387 1134 2624 1199 ἕκαστα
2653 1145 2769 1200 ποῦ
2798 1136 3136 1215 τεθήσεται·
3241 1132 3248 1175 ²

1828 1236 2060 1329 ἀριθμῷ
2090 1239 2166 1304 τὸ
2186 1237 2414 1315 πλῆθος
2451 1230 2678 1304 εἰδέναι
2707 1252 3081 1335 μαγειρικῆς.
3241 1310 3246 1317 ,

1828 1336 2044 1423 Οὐδεὶς
2067 1342 2258 1437 ἕτερός
2275 1368 2370 1411 σοι
2393 1344 2538 1435 πρὸς
2557 1346 2660 1437 ἐμὲ
2674 1350 3244 1440 καταγραφῆσεται.

1682 1448 1777 1534 [ιο
1832 1452 1897 1535 β.
1951 1448 2160 1544 Μικρὰ
2222 1441 2538 1517 διάκουσον
2589 1453 2649 1517 ἐν
2713 1453 2874 1543 μέρει
2924 1454 3146 1544 κάμοῦ.
3187 1480 3250 1519 α.

1827 1663 1890 1748 β.
1961 1660 2036 1723 Σὺ
2087 1652 2276 1752 μηδὲν
2326 1658 2555 1755 ἐνόχλει
2603 1663 2758 1756 μήτε
2803 1661 3022 1729 σαυτὸν
3075 1559 3248 1758 ῒιῖίὲ

3114 1772 3256 1863 ἐμὲ,

1827 1873 2226 1967 ἀπραγμόνως
2257 1866 2328 1941 δὲ
2353 1866 2394 1941 δ
2399 1876 2616 1968 ιεγένου
2655 1879 2770 1953 τὴν
2796 1876 3026 1968 ἡμέραν
3043 1926 3060 1943 .

1682 2036 1749 2093 V.
1792 2032 1825 2090 5
1854 2034 1968 2091 et6
1987 2037 2158 2113 vulgo
2186 2035 2282 2094 οὐκ
2308 2034 2482 2113 ᾤμην.
2517 2040 2571 2115 β.
2603 2034 2778 2103 Ἴσως.
2803 2038 3034 2097 Grotius
3049 2039 3167 2101 οὐκ.
3196 2061 3250 2099 α.

1682 2111 1759 2181 Ἦ
1784 2120 1912 2199 μήν.
1943 2125 2239 2180 Jacobsius
2271 2120 2353 2183 οὔ.
2397 2145 2448 2181 α.
2491 2122 2600 2184 Καὶ
2629 2122 2764 2203 μήν.
2794 2128 3006 2185 Verum
3034 2138 3118 2186 est
3147 2120 3252 2210 ’ᾨ-

1685 2232 1813 2287 μην.
1843 2212 2015 2269 naesit
2043 2211 2139 2269 οὔκ
2171 2231 2202 2269 e
2238 2230 2404 2268 versu
2441 2210 2500 2271 5.
2533 2216 2600 2267 V.
2633 2214 2671 2271 6
2699 2224 2755 2269 et
2781 2233 2812 2285 7
2846 2212 3102 2293 μαγείρου
3128 2214 3250 2271 δια-

1686 2296 1831 2379 φέρει
1867 2296 2115 2379 μάγειρος
2161 2300 2482 2375 Schweigh.
2512 2298 2675 2357 Libri
2704 2296 2942 2380 διαφέρει
2977 2300 3250 2379 μάγειρος,

1684 2400 1892 2464 praeter
1915 2390 2038 2461 VL,
2059 2389 2158 2463 qui
2187 2385 2418 2467 διαφέρει
2450 2386 2690 2446 διακόνου
2736 2388 2996 2468 μάγειρος.
3031 2391 3252 2447 Deinde

1686 2478 1865 2536 Mein.
1885 2472 1950 2533 ἂν
1966 2496 2078 2553 pro
2098 2474 2182 2549 ἤν.
2202 2478 2339 2533 Post
2357 2496 2414 2535 v.
2439 2496 2470 2549 7
2493 2476 2627 2535 cod.
2647 2476 2692 2532 C
2715 2476 2793 2532 ita
2809 2478 2995 2552 pergit
3017 2496 3032 2535 z
3063 2474 3252 2535 ἔπειτα.

1686 2560 1926 2643 αὐχήσεις
1968 2565 1999 2620 ὃ
2050 2562 2300 2643 μάγειρος
2349 2560 2540 2635 εἰδέναι
2584 2560 2645 2621 τὸ
2701 2560 3063 2643 ἠγορασμένον
3123 2560 3250 2642 ὄψον

1687 2650 1954 2720 σκευάζειν
2001 2654 2262 2727 μουσικῶς
2282 2693 2299 2723 ,
2343 2651 2498 2731 ληρεῖ
2536 2648 2618 2709 ὅτι
2667 2649 2770 2733 πρὸ
2811 2653 2906 2723 τῆς
2947 2653 3254 2730 μαγειρικῆς

1684 2738 1873 2817 τέχνης
1893 2737 2143 2819 πρότερον
2171 2740 2354 2815 μαθεῖν
2393 2738 2474 2795 δεῖ
2497 2738 2676 2816 ἑτέρας
2701 2736 2922 2819 τέχνας,
2947 2740 3252 2817 ἀστρολογι-

1687 2824 1783 2897 κὴν
1804 2869 1825 2903 ,
1850 2825 2118 2907 ἰατρικὴν,
2143 2826 2262 2886 κτλ.
2293 2822 2471 2883 Versu
2495 2846 2532 2903 9
2553 2826 2688 2882 dedi
2719 2824 2951 2906 πρότερ’,
2987 2829 3025 2884 i.
3051 2846 3105 2884 e.
3127 2824 3251 2905 πρό-

1686 2937 1835 2993 τερα,
1860 2910 2126 2994 ’πρότερον
2181 2910 2514 2971 σκευάσαντα
2545 2935 2696 2988 μουσ.
2724 2916 2938 2972 Vitiose
2977 2914 3109 2972 libri
3137 2911 3240 2971 πό·-

1684 3001 1817 3080 τερ’.
1837 3008 1904 3066 V.
1940 3022 2010 3059 10
2049 3003 2127 3058 sic
2159 3003 2478 3078 Schweigh.
2523 3006 2707 3080 Vulgo
2736 3002 2976 3064 διακόνου
3008 3001 3111 3060 ’στὶ
3135 3006 3252 3066 τοῦ.

1686 3091 1833 3150 eod.
1864 3095 1916 3148 A
1947 3087 2242 3148 διακόνουσ’
2267 3085 2473 3148 τούτου.
2502 3092 2568 3147 V.
2605 3109 2628 3146 ι
2647 3109 2668 3145 1
2699 3115 2722 3139 ιι
2751 3091 3022 3146 sententia
3045 3091 3250 3147 verho-

1686 3197 1815 3234 rum
1861 3189 1945 3235 est
1984 3173 2184 3235 τελείου
2237 3176 2492 3254 μαγείρου
2549 3173 2706 3253 ἑτέρα
2747 3174 2860 3234 ἐστὶ
2915 3175 3158 3245 διάθεσις.
3215 3203 3244 3227 »ι

1687 3269 1872 3325 Mein.
1919 3268 1990 3325 V.
2040 3271 2110 3336 14
2161 3265 2336 3340 siligo
2383 3263 2500 3320 ἀλλ’
2540 3259 2806 3342 ἔμπροσθε
2855 3263 3010 3342 (ἀλλ’
3047 3263 3246 3342 ἔμπρο-

1688 3437 1757 3488 2⁵
1794 3447 1846 3488 a.
1877 3431 2132 3490 culinam
2150 3445 2252 3488 nos
2277 3429 2505 3503 globum
2529 3445 2646 3487 esse
2665 3430 2964 3488 sumimus.

1800 3731 2638 3750 οοοοοοοοοοοοοοο

1794 3779 1847 3836 b.
1872 3780 1948 3836 Mi
1971 3779 2139 3836 homo
2160 3819 2176 3848 ‚
2205 3791 2502 3851 persuasus
2519 3789 2644 3834 sum
2673 3789 2852 3848 neque
2878 3775 2968 3832 dic
2985 3773 3214 3848 reliqua.

1688 3873 1756 3925 30
1792 3885 1842 3925 a.
1873 3871 1956 3925 De
1977 3865 2242 3924 medicina
2265 3873 2448 3922 tamen
2483 3883 2496 3919 :
2526 3863 2928 3921 esculentorum
2955 3863 3100 3919 enim

1793 3957 2020 4013 flamoso
2036 3996 2052 4021 ,
2076 3962 2131 4011 et
2148 3952 2388 4011 difficilia
2411 3959 2698 4017 cononem,
2724 3949 3128 4022 cruciatusque,

1792 4059 1905 4100 non
1931 4040 2290 4109 nutrimenti,
2317 4039 2508 4113 plena,
2539 4043 2672 4106 sunt
2707 4035 2996 4109 quaedam3
3042 4042 3099 4092 et
3133 4037 3250 4107 qui·

2727 4123 2734 4134 ’
2996 4125 3014 4195 Ι
3023 4139 3259 4198 cumque

1796 4215 1972 4274 aliena
2019 4213 2296 4288 epulatur,
2319 4210 2481 4270 alacri
2527 4226 2694 4268 mauu
2735 4216 2840 4277 est,
2871 4225 2978 4268 nec
3007 4210 3256 4268 modera-

1792 4374 2017 4432 Talibus
2039 4373 2300 4430 nimirum
2317 4369 2456 4428 cibis
2475 4367 2872 4426 medicamenta
3113 4299 3253 4366 [ms.

1692 4469 1760 4520 35
1798 4464 2146 4532 invenerunt,
2165 4467 2222 4518 et
2243 4459 2374 4516 hinc
2401 4459 2509 4516 alio
2537 4473 2625 4514 ars
2647 4457 2912 4514 translata
2941 4463 3040 4512 εει.

1798 4555 1923 4608 Jam
1942 4548 2306 4621 intelligenter
2329 4545 2574 4621 peratum
2599 4553 2654 4602 et
2679 4544 3094 4616 symmetricum

1799 4637 2017 4694 tactiees
2042 4650 2181 4712 opus
2208 4642 2288 4691 est
2304 4673 2320 4702 ‚
2345 4646 2452 4706 qua
2489 4633 2630 4688 scias
2652 4671 2668 4698 ,
2699 4631 2794 4688 ubi
2824 4645 3060 4702 quaeque
3085 4627 3252 4682 collo-

2885 4718 2904 4782 [
2924 4713 3094 4770 canda
3117 4713 3254 4778 sint;

1799 4823 2090 4866 numerum
2115 4807 2254 4864 scire
2277 4803 2575 4862 multarum
2613 4819 2798 4862 rerum
2832 4801 3176 4876 coquinariae.

1798 4900 1974 4953 Nemo
1997 4893 2136 4952 alius
2161 4893 2262 4950 tibi
2289 4890 2360 4949 ad
2385 4907 2474 4948 me
2496 4890 2845 4947 inscribetur.

1692 4989 1762 5039 4ο
1799 4982 1855 5039 b.
1886 4985 2064 5038 Pauca
2093 4995 2240 5036 nunc
2261 4977 2389 5038 audi
2412 4978 2574 5034 etiam
2596 4993 2692 5048 pro
2713 4991 2834 5032 mea
2857 4981 3024 5047 parte.
3051 4988 3100 5029 a.
3135 4971 3250 5028 Dic.

1802 5068 1855 5124 b.
1883 5071 1968 5122 Tu
1988 5082 2090 5122 nec
2111 5073 2164 5121 te
2184 5065 2364 5137 ipsum
2381 5103 2394 5124 .
2421 5078 2522 5117 nec
2553 5075 2640 5116 me
2667 5060 2890 5116 molesta
2913 5076 2928 5090 ·

1800 5154 2000 5227 quippe
2025 5161 2141 5212 toto
2163 5151 2250 5208 die
2271 5149 2408 5210 nibil
2437 5148 2614 5220 egisti.
