3809 5850
1521 434 2031 498 AN'HPHANES.

298 602 389 613 —-·
410 558 485 630 ὲν
512 560 919 657 Λακεδαίμονι

250 672 513 763 γέγονας·
544 670 783 737 ἐκείνων
815 678 937 737 τῶν
975 670 1173 763 νόμων
1214 673 1527 763 μεθεκτέον

252 775 430 845 ἐστίν.
469 768 600 843 Βοίδ
608 770 683 854 ιζ’
716 775 815 843 ε’πὶ
851 768 1095 843 δεῖπνον
1118 780 1175 855 ἐς
1203 775 1285 843 τὰ
1317 778 1574 869 φιλίτια·

252 882 510 949 ἀπόλαυε
538 892 647 949 τοῦ
673 877 882 975 ζωμοῦ
914 878 947 913 ⁴²
974 882 1160 975 φόρει·
1193 886 1331 960 τοὺς
1368 886 1670 969 βύστακας

172 984 205 1053 5
251 994 327 1079 μὴ
362 989 747 1083 καταφρόνει,
782 980 929 1081 μηδ’
956 985 1103 1083 ἕτερ’
1140 983 1413 1067 ἐπιζήτει
1450 988 1647 1067 καλὰ,

250 1098 304 1160 ἐν
337 1102 461 1173 τοῖς
498 1090 559 1163 δ’
596 1094 832 1161 ἐκείνων
864 1096 1057 1161 ἔθεσιν
1092 1090 1207 1161 ἴσθ’
1235 1096 1538 1188 ἀρχαϊκός.

166 1224 319 1278 Versu
340 1221 370 1277 3
391 1218 589 1301 φιλίτια
607 1240 717 1297 pro
734 1219 957 1300 φειδίτια
970 1221 1165 1299 Toup.
1188 1222 1427 1281 Emend.
1450 1222 1505 1293 3,
1526 1242 1589 1299 p.
1616 1242 1713 1300 79.

167 1314 221 1364 V.
248 1320 277 1377 4
299 1312 639 1386 tautologice
661 1311 916 1367 scribunt
935 1308 1079 1389 ῥόφει
1098 1322 1332 1369 auctore
1348 1313 1715 1369 Ruhnkenio.

169 1400 337 1454 Malim
364 1418 499 1457 sane
540 1396 762 1479 φάρῳ,
792 1401 835 1456 i.
872 1418 922 1455 e.
967 1397 1221 1478 φάρυγγι,
1256 1412 1323 1457 ut
1368 1402 1717 1477 Lycophron

174 1486 295 1557 154,
324 1488 638 1543 secundum
673 1488 865 1561 Etym.
914 1486 988 1545 M.
1027 1507 1091 1564 p.
1126 1486 1273 1563 788,
1326 1487 1401 1544 3ο
1437 1507 1450 1540 :
1485 1484 1714 1566 εὔσαρκα

170 1576 263 1645 (sic
306 1576 603 1651 legendum
644 1594 757 1653 pro
790 1572 1035 1652 ἅσαρκα)
1069 1572 1351 1651 μιστύλασ’
1398 1572 1714 1650 ἐτύμὸευσεν

168 1658 314 1739 φᾶρῳ.
340 1662 636 1732 Βύστακας,
658 1664 897 1739 proprie
922 1672 1213 1737 mystaces,
1238 1662 1339 1719 sed
1356 1662 1451 1721 hlc
1484 1680 1519 1719 a
1546 1664 1715 1720 simili

168 1746 411 1821 πώγωνας,
451 1752 665 1808 barbas
676 1790 695 1821 ,
738 1770 878 1825 quas
914 1752 1220 1827 promissas
1260 1752 1489 1808 alebant
1538 1753 1712 1809 Laee-

170 1838 411 1897 daemonii.
450 1841 703 1916 Hesych.
728 1837 983 1898 Βύστακα
1018 1858 1031 1896 :
1058 1834 1309 1917 πώγωνα.

548 1988 775 2048 ΧΧΠΙ.
824 1987 1303 2047 ΑΣΚΛΗΠῙΟΣ.

234 2116 422 2175 Athen.
456 2136 551 2187 ιι,
578 2134 645 2191 p.
669 2114 818 2186 485,
844 2117 889 2172 Β
917 2135 931 2170 2
956 2110 1095 2173 Ἀντ.
1124 2110 1169 2170 δ’
1198 2113 1254 2169 ἐν
1283 2109 1589 2189 Ἀσκληπιῷ

246 2230 359 2305 Τὴν
390 2222 458 2297 δὲ
494 2238 703 2323 γραῦν,
742 2232 855 2303 τὴν
888 2228 1245 2295 ἀσθενοῦσαν
1278 2226 1455 2309 πάνυ,
1490 2225 1711 2308 πάλαι,

1218 2337 1330 2407 τὴν
1391 2334 1707 2423 βρυτικῆν,

250 2438 410 2531 ῥιζίον
455 2440 679 2537 τρίψας
716 2468 778 2508 τι
830 2440 1061 2533 μικρὸν,
1118 2431 1407 2515 δελεάσας
1461 2462 1531 2503 τε
1580 2465 1712 2531 γεν-

1576 2572 1709 2639 νικῃ

249 2654 311 2719 τὸ
338 2657 581 2749 μέγεθος
605 2704 629 2738 ,
662 2652 837 2746 κοίλῃ
885 2659 1215 2745 λεπαστῇ,
1260 2658 1427 2718 τοῦτ’
1474 2650 1707 2723 ἐποίησ’

1459 2781 1710 2823 εκπιειν.

178 2908 195 2930 ·ι
222 2886 472 2960 Loquitur
521 2888 595 2946 de
641 2888 903 2957 medico,
960 2886 1061 2962 qui
1104 2884 1381 2942 fallaciter
1413 2886 1713 2960 aegrotanti

178 2975 369 3032 aniculae
388 2977 750 3054 vaegrandem
782 2977 902 3031 vini
930 2971 1187 3052 (βρύτου,
1210 2975 1271 3034 h.
1299 2992 1353 3031 e.
1380 2971 1607 3050 κριθίνου
1633 2972 1713 3031 οἵ·

180 3081 279 3132 νου,
304 3077 362 3120 nt
394 3069 643 3141 explicat
670 3066 876 3120 Athen.
920 3082 1014 3137 10,
1051 3082 1109 3137 p.
1141 3068 1278 3132 447,
1304 3063 1371 3117 Β.
1412 3061 1499 3120 Cf.
1531 3062 1710 3138 Soph.

180 3148 513 3227 Triptolemo,
544 3157 627 3212 fr-
669 3173 690 3209 1
709 3173 732 3209 1
768 3164 825 3210 et
854 3172 922 3208 ια
940 3195 957 3222 ,
980 3171 1042 3227 p.
1070 3151 1182 3207 2¹6
1207 3161 1413 3207 nostrae
1432 3150 1524 3206 ed.
1548 3153 1713 3228 Frag-

182 3253 457 3300 mentorum
500 3243 757 3319 Tragici.
812 3240 1021 3318 Both.)
1065 3242 1337 3315 lepastam
1370 3240 1711 3314 propinans,

184 3328 471 3386 medicatam
512 3335 819 3408 potionem
868 3330 1099 3386 haurire
1137 3329 1272 3385 fecit
1310 3328 1625 3388 mulierem.
1678 3355 1703 3380 a

188 3414 223 3466 Ε
244 3417 353 3478 (3115.
386 3446 409 3469 a
430 3417 695 3498 Βρυτικὴν
718 3460 737 3486 ,
784 3421 926 3491 121)ἰὶ
962 3429 1347 3492 appetentem,
1400 3417 1548 3488 bryti
1572 3431 1711 3491 potu

188 3504 383 3570 impense
416 3512 757 3582 gaudentem
788 3527 803 3563 :
839 3503 1323 3581 quemadmodum
1350 3523 1385 3561 a
1412 3501 1566 3570 πότος
1595 3506 1711 3562 for-

188 3604 335 3648 matur
356 3595 589 3666 ποτικὸς,
616 3597 848 3653 bibendi
869 3596 1104 3670 cupidus
1143 3591 1343 3668 (Alcaei
1374 3610 1525 3648 com.
1560 3593 1704 3650 Gan.

188 3673 214 3726 8
230 3675 263 3751 )‚
294 3699 321 3736 a
340 3681 483 3756 νόμος
506 3681 719 3756 νομικὸς
734 3726 749 3752 ,
770 3685 955 3756 legum
982 3687 1190 3757 peritus
1221 3679 1510 3756 (Alexidis
1527 3681 1707 3740 Galat.

190 3761 263 3839 4),
284 3779 331 3823 et
347 3771 587 3828 similiter
606 3773 681 3828 ab
711 3771 835 3827 aliis
861 3771 1003 3840 alia,
1024 3771 1103 3825 sie
1134 3764 1371 3846 βρυτικὸς
1390 3767 1505 3823 dici
1524 3778 1711 3841 potest

3271 451 3386 502 :255

1814 601 1894 655 γει
1919 575 2033 636 ἀντὶ
2059 580 2147 635 τοῦ
2175 576 2368 655 ἔγημα.
2413 604 2436 629 ι
2463 579 2690 635 Scilicet
2732 581 2804 636 de
2838 582 3248 655 intemperante
3277 583 3384 638 ‹lo-

1815 678 1940 723 tatae
1983 668 2180 723 uxoris
2225 668 2468 741 imperio
2515 668 2976 741 conquerebatur
3006 672 3240 725 maritus
3293 671 3385 725 ille

1812 755 2008 811 infelix
2035 775 2048 809 ι
2072 756 2246 829 igitur
2267 754 2460 811 medio
2488 752 2761 830 γήμασθαι
2783 768 2934 812 recte
2959 778 3091 814 usus
3113 770 3196 814 est
3219 760 3382 815 Anti·

1810 846 2038 919 phanes.
2099 846 2228 899 Pari
2277 845 2538 899 acumine
2587 845 2846 901 Clemens
2902 848 3066 905 Alex.
3123 847 3273 903 Paed.
3323 846 3381 921 3,

1812 953 1873 1007 p.
1908 933 2041 1005 226,
2061 934 2104 987 B
2129 931 2218 991 ed.
2251 934 2373 990 Col.
2400 934 2694 1009 conjungit
2715 933 3052 1009 γαμουμένας
3069 931 3160 992 καὶ
3181 935 3385 1012 γαμού-

1812 1040 1909 1084 σας
1935 1019 2184 1096 γυναῖκας
2201 1065 2216 1091 ,
2247 1022 2566 1095 similiaque
2590 1022 2808 1078 habent
2847 1023 3111 1079 Valcken.
3149 1024 3222 1079 ad
3249 1030 3382 1079 Am·

1810 1128 1971 1169 mon.
2001 1128 2060 1185 p.
2088 1108 2195 1184 59,
2223 1111 2460 1167 Porsen.
2494 1108 2568 1165 ad
2595 1110 2852 1168 Medeam
2883 1110 3018 1177 264.
3063 1136 3086 1160 n
3123 1113 3173 1167 E
3195 1114 3282 1169 M.

2277 1305 2462 1365 XXV.
2516 1306 2908 1367 ΑΥΛΗΤΗΣ.

1892 1506 1916 1532 ι
1939 1480 2184 1554 Λύλητὴν
2203 1484 2384 1542 nostri
2397 1502 2546 1541 unus
2566 1488 3378 1561 commemoravit-Athenaeus3

1808 1572 1910 1627 sed
1933 1590 2052 1628 non
2079 1574 2268 1649 inepta
2287 1586 2373 1630 est
2393 1576 2624 1631 Mem-sii
2656 1574 2927 1631 Biblioth.
2962 1578 3076 1635 Att.
3106 1596 3169 1652 p.
3204 1586 3376 1649 1410,

1808 1672 1866 1716 et
1913 1660 2322 1722 Hemsterhusii
2360 1662 2434 1719 ad
2473 1664 2700 1718 Plutum
2729 1682 2790 1737 p.
2824 1661 2936 1719 365
2971 1667 3277 1736 sententia,
3306 1668 3379 1723 ad

1808 1748 2045 1805 eandem
2065 1750 2216 1807 hanc
2238 1750 2488 1807 fabulam
2555 1752 2801 1807 ertinere
2820 1752 2924 1806 ista
2947 1752 3252 1825 Plutarchi,
3267 1756 3376 1810 Vit.

1810 1837 2204 1893 Demosthenis
2230 1856 2359 1913 cap.
2384 1844 2417 1904 4
2454 1856 2468 1892 :
2539 1858 2568 1892 ν
2592 1835 2646 1895 δὲ
2676 1838 2706 1893 ὁ
2741 1835 3007 1908 Βάταλος,
3029 1840 3100 1905 ὡς
3132 1836 3229 1914 μὲν
3256 1838 3380 1899 ἔνιοί

1808 1944 1984 1999 φασιν,
2025 1922 2258 1995 αὐλητὴς
2298 1926 2401 1983 τῶν
2439 1922 2772 2002 κατεαγότων
2817 1924 2943 2001 (καὶ
2981 1925 3268 2003 δραμάτιον
3310 1930 3380 1995 εἰς

1806 2015 1987 2070 τοῦτον
2017 2012 2290 2092 κωμῳδῶν
2332 2011 2488 2071 αὐτὸν
2537 2010 2844 2092 Ἀντιφάνης
2887 2014 3223 2090 πεποίηκεν)·
3253 2015 3378 2075 ἔνιοι

1807 2099 1865 2157 δέ
1896 2122 2031 2167 τινες
2061 2104 2132 2167 ὡς
2166 2104 2385 2172 ποιητοῦ
2412 2098 2642 2180 τρυφερὰ
2687 2103 2777 2158 καὶ
2813 2099 3057 2180 παροίνια
3093 2102 3378 2183 γράφοντος

1806 2192 1899 2245 τοῦ
1929 2188 2173 2247 Βατάλου
2203 2186 2518 2265 μέμνηνται.
2551 2190 2854 2265 (Similiter
2879 2190 3058 2245 schol.
3103 2192 3379 2249 AEschinis

1806 2280 1869 2334 C.
1893 2280 2035 2333 Tim.
2059 2278 2093 2353 §
2129 2278 2270 2349 126,
2291 2290 2348 2335 et
2373 2296 2612 2355 gramm.
2637 2276 2876 2335 Bekkeri
2909 2280 3123 2335 Anecd.
3151 2300 3209 2355 p.
3235 2300 3372 2351 22¹,

1806 2368 1908 2439 qui
1943 2368 2090 2423 inter
2113 2362 2221 2424 alia
2254 2388 2266 2423 :
2294 2364 2350 2431 ὃς
2376 2364 2466 2424 καὶ
2488 2364 2785 2426 Βαττάλεια
2819 2368 2987 2422 ταῦτα
3011 2364 3229 2445 ἐξεῦρεν.
3261 2373 3378 2427 Hc-

1806 2454 1996 2528 dylus‚
2014 2467 2184 2530 poeta
2197 2454 2637 2533 AlexandrinuS,
2659 2456 2856 2512 Athen.
2876 2462 2930 2524 4,
2955 2456 3084 2525 176,
3107 2459 3180 2526 D,
3203 2476 3379 2513 anno·

1807 2553 1962 2599 tante
1991 2546 2160 2603 Mein.
2188 2564 2203 2599 ι
2229 2540 2380 2614 ηὔλει
2409 2540 2464 2599 δὲ
2493 2538 2734 2613 Γλαύκης
2763 2544 3131 2617 μεμεθυσμένα
3159 2543 3377 2619 παίγνια

1809 2628 2094 2702 Μουσέων,
2139 2629 2228 2688 καὶ
2263 2628 2352 2688 τὸν
2391 2630 2444 2687 ἐν
2478 2627 2723 2709 ἀκρήτοις
2767 2628 3043 2688 Βάτταλον
3083 2630 3373 2699 ἡδυπότην.

1806 2720 1973 2779 Both.
1997 2720 2015 2795 )
2047 2723 2246 2795 ltaque
2263 2720 2489 2777 Batalus
2516 2720 2610 2775 ille
2633 2760 2650 2789 ,
2677 2738 2848 2793 quem
2875 2724 3014 2778 Ant.
3043 2722 3375 2796 exagitavit,

1808 2808 2018 2865 tibicen
2047 2810 2152 2865 fuit
2173 2811 2235 2864 in
2272 2820 2581 2865 extremam
2626 2808 2922 2865 mollitiem
2963 2808 3251 2883 profusus.
3297 2842 3376 2853 --

1805 2897 2080 2954 Libanius
2107 2896 2262 2973 apud
2287 2895 2562 2954 photium
2589 2897 2738 2953 Bibl.
2782 2896 2918 2967 266,
2940 2916 3001 2971 p.
3035 2894 3148 2974 495
3175 2899 3331 2956 Bekk
3357 2920 3370 2960 ι

1805 2983 2078 3064 ἱστόρηταί
2109 3008 2185 3052 τις
2215 2982 2456 3066 Ἐφέσιος
2490 2983 2732 3050 Βάταλος
2777 2983 3008 3057 αὐλητὴς
3032 2985 3299 3062 γενέσθαι,
3321 2987 3376 3054 ὃς

1806 3077 2010 3153 πρῶτος
2029 3073 2331 3150 ὑποδήμασι
2352 3073 2660 3152 γυναικείοις
2687 3071 2776 3132 ἰπὶ
2794 3075 2888 3144 τῆς
2906 3077 3096 3143 σκηνῆς
3115 3073 3375 3153 ἐχρήσατο

1806 3163 1893 3219 καὶ
1915 3162 2098 3238 με’λεσι
2125 3161 2430 3238 κατεαγόσι,
2451 3162 2542 3220 καὶ
2563 3160 2694 3227 ὅλως
2713 3161 2809 3231 τὴν
2831 3160 3019 3239 τέχνην
3037 3161 3373 3237 ἐμαλάκισεν·

1807 3251 1894 3330 ἀφ’
1921 3241 1982 3308 οὗ
2009 3249 2124 3318 τοὺς
2143 3249 2386 3316 ἐκλύτους
2409 3249 2500 3309 καὶ
2515 3249 2790 3328 ἀνάνδρους
2815 3249 3081 3316 Βατάλους
3114 3251 3374 3326 ἰπονομοί·

1806 3339 1968 3404 ζουσι.
1999 3340 2192 3396 Schol.
2234 3339 2514 3396 AEschinis
2540 3341 2579 3399 1.
2609 3342 2648 3399 l.
2675 3357 2690 3397 ε
2721 3337 2951 3415 βαίταλον
2984 3337 3252 3414 (nomine
3282 3359 3376 3415 ap·

1806 3428 2106 3500 pellativo)
2132 3423 2490 3504 καταπῦγωνα
2514 3423 2605 3482 καὶ
2639 3421 2880 3500 μαλακόν
3011 3423 3290 3482 ὑποπόδιον
3320 3423 3373 3483 δὲ

1805 3513 2018 3570 διπλοῦν
2039 3513 2143 3570 ὑπὸ
2169 3512 2256 3570 τὸν
2281 3511 2440 3580 δεξιὸν
2463 3511 2602 3571 πόδα
2623 3511 2849 3592 ἔχοντες,
2871 3510 2994 3571 ὅταν
3019 3511 3219 3570 αὗλῶσι
3239 3555 3256 3582 ,
3279 3534 3372 3569 κα·

1802 3601 2142 3679 τακρούουσιν
2173 3601 2285 3677 ἅμα
2320 3601 2396 3680 τῷ
2418 3601 2538 3660 ποδὶ
2558 3599 2618 3659 τὸ
2641 3599 2942 3669 ὑποπόδιον,
2972 3597 3058 3658 τὸν
3083 3599 3278 3678 ῥυθμὸν
3299 3604 3374 3680 τῷ

1805 3689 1947 3768 αὐτῷ
1978 3691 2152 3768 (male
2189 3692 2320 3747 libri
2343 3688 2402 3748 τὸ
2429 3688 2591 3765 αὐτὸ)
2620 3685 3043 3755 συναποδιδόντες
3061 3730 3078 3760 ,
3105 3685 3134 3744 ὃ
3157 3688 3374 3746 καλοῦσι

1806 3777 2058 3854 βάταλον.
2093 3781 2330 3836 Photius
2378 3783 2519 3837 Lex.
2561 3799 2624 3854 p.
2683 3779 2823 3846 180,
2858 3797 2956 3852 21,
3009 3774 3310 3854 Κρουπέζαι
3356 3802 3366 3834 :

190 3848 249 3918 is,
287 3859 369 3928 ‘1¹¹3
404 3859 551 3934 bfYti
590 3871 745 3936 1²0tu
784 3861 1033 3933 impense
1083 3857 1413 3914 delectatur·
1446 3879 1469 3904 ”
1524 3855 1575 3910 Ε
1624 3855 1707 3911 Μ·
1803 3863 1982 3932 ξύλινα
2011 3864 2360 3941 ὑποδήματα,
2391 3867 2440 3924 οἱ
2482 3865 2535 3922 δὲ
2577 3863 2861 3944 κρόταλον,
2901 3861 2930 3921 ὃ
2959 3863 3374 3942 ἐπιψοφοῧσιν·οἱ

190 3936 327 3997 verm
369 3963 387 4000 ¹
428 3945 479 4002 δὲ
503 3949 806 4004 Jacob-‘tius
846 3964 955 4020 pro
985 3942 1073 4013 δὴ,
1108 3964 1165 4000 V·
1198 3963 1233 3999 ²
1275 3942 1519 4001 casaub·
1554 3953 1710 3999 ¹⁸ect0
1804 3953 2066 4025 αὐληταὶ,
2099 3954 2158 4012 τὸ
2187 3955 2434 4032 βάταλον.
2478 3958 2564 4013 De
2602 3954 2978 4012 scabellorum
3019 3971 3120 4009 usu
3150 3954 3225 4012 cf.
3267 3956 3372 4012 Ca-

190 4033 355 4109 Υῑνῖῑκῇ
378 4053 480 4108 pro
506 4037 807 4113 γεννητικῇ.
837 4031 1173 4091 Dindorfius
1208 4029 1383 4110 ῥίζιον.
1413 4033 1482 4088 V.
1515 4029 1547 4085 3
1578 4031 1707 4086 libri
1800 4044 1962 4099 saul),
1995 4045 2070 4100 ad
2098 4045 2330 4101 sueton,
2357 4043 2538 4118 (ζωῆς,
2573 4042 2668 4108 54,
2702 4067 2727 4092 „
2764 4043 2910 4101 ΕΜ,

194 4113 413 4192 ἐποίησεν,
432 4125 583 4198 quod
604 4125 857 4181 correxit
874 4121 1106 4178 Jacobs.

634 4269 850 4330 xx1v.
897 4267 1207 4327 ΑΣΩΤΟΙ.

256 4397 457 4456 Antiatt.
489 4417 544 4474 p.
576 4400 675 4476 86,
729 4408 822 4470 14,
852 4397 1025 4472 Γαμῶ
1046 4387 1087 4468 ’ἡ
1120 4393 1249 4473 γυνὴ
1282 4393 1459 4472 λέγει,
1507 4393 1565 4450 οὔ
1606 4401 1714 4464 γα·”

200 4481 375 4552 l20'3l1-22.
402 4483 531 4547 Ἀντ.
554 4485 813 4553 Ἀσώτοις.
852 4487 966 4564 ἔγη
985 4483 1212 4560 μαίμην
1240 4482 1363 4561 (δὲ)
1395 4483 1423 4538 ὁ
1454 4477 1587 4558 ἀνὴρ
1608 4477 1709 4536 λέ-

1880 4132 2083 4188 Athen.
2123 4139 2214 4203 14,
2259 4151 2318 4206 p.
2370 4131 2518 4198 618,
2559 4133 2643 4186 Β;
2678 4126 2899 4196 ἀστείως
2937 4127 2992 4186 δὲ
3035 4126 3198 4197 αὐτὴν
3247 4127 3374 4203 (τὴν

1801 4216 2113 4293 συναυλίαν)
2145 4217 2277 4276 Ἀντ.
2309 4214 2535 4295 φανερὰν
2569 4215 2744 4286 ποιεῖ,
2789 4217 2842 4272 ἐν
2887 4217 2963 4294 τῷ
3017 4215 3237 4292 Αὐλητῇ
3281 4214 3376 4272 λέ·

1798 4330 1904 4384 γων

1898 4484 1960 4526 α.
1999 4457 2194 4523 Ποίαν
2233 4456 2438 4546 φράσω
2473 4453 2612 4546 γὰρ,
2641 4455 2694 4519 εἰ
2737 4444 2830 4538 δὲ,
2863 4457 2976 4526 τὴν
3009 4453 3324 4518 συναυλίαν

758 4675 847 4729 PR
854 4673 1083 4729 AETOR.

310 4783 817 4844 —hoedaemonem

204 4865 387 4921 venisti:
416 4873 783 4946 participandae
802 4892 929 4934 cum
952 4876 1059 4933 illis
1082 4875 1180 4933 tibi
1206 4883 1335 4932 sunt

208 4945 335 5038 lenes.
360 4959 433 5014 lto
450 4963 720 5032 epulatum
750 4964 818 5020 ad
848 4965 1090 5037 philitia3

206 5041 376 5098 jusculo
399 5043 583 5104 fruaris
608 5057 859 5120 gutture3
884 5050 955 5107 de
982 5049 1164 5106 barbis

212 5122 295 5176 noli
317 5143 479 5188 curare
494 5177 507 5200 ‚
530 5151 703 5208 neque
728 5139 827 5194 alia
849 5147 1073 5194 venusta
1098 5137 1312 5210 require
1332 5179 1345 5202 ‚

214 5218 352 5278 Slsque
377 5221 597 5277 moribus
620 5223 828 5281 illorum
852 5227 1131 5298 antiquus·

2351 4638 2837 4696 AESCULAPIUS.

1800 4737 1985 4788 Anum
2008 4730 2138 4786 olim
2161 4743 2386 4802 prorsus
2413 4725 2776 4790 debilitatam,
2801 4723 2946 4796 bryti
2975 4722 3228 4796 cupidam
3246 4763 3260 4786 ,

1800 4818 2043 4876 radicula
2063 4818 2188 4872 trita
2211 4859 2225 4880 ,
2247 4829 2528 4887 quumque
2551 4813 2725 4886 ipsam
2746 4813 2874 4868 satis

1749 4904 1755 4998 Ι
1801 4921 2000 4980 magno
2030 4905 2225 4978 poculo
2245 4918 2379 4959 cavo
2404 4902 2704 4958 allexissem
2726 4941 2740 4968 ,
2763 4899 2982 4956 ebibere
3005 4899 3150 4955 illam
3172 4897 3294 4952 feci.

2438 5026 2724 5082 TIBICEN
2736 5067 2746 5075 .

1868 5149 1919 5187 a.
1953 5132 2182 5197 Oualem
2228 5131 2374 5185 enim
2408 5128 2624 5196 dicam,
2669 5125 2992 5198 siquidem,
3042 5124 3188 5178 hunc
3215 5121 3362 5177 tibia·

3208 5215 3361 5279 [rum

3095 5350 3160 5397 23.
