3809 5850
1582 431 1980 518 umecta-s.

226 557 385 623 Καὶ
412 565 901 651 γλωττοκομεῖον
923 555 1089 650 (οὖν,
1116 563 1176 626 ἐν
1203 557 1290 652 ᾧ)
1312 565 1725 646 βαλανεύεται.

105 688 411 743 [inmissa
440 689 539 742 illa
574 687 738 743 facile
781 687 1095 746 exciderint
1133 707 1147 746 :
1192 689 1263 745 cf.
1302 692 1532 767 Lysipp.
1572 711 1724 750 com.

3275 466 3389 516 613

1826 567 2000 640 paulo
2043 581 2207 644 post,
2251 571 2396 629 hanc
2446 573 2909 638 fabulam-actam
2962 601 3074 640 esse
3123 588 3384 644 animad-

1756 677 1765 682 ·
1823 651 2284 718 vertit⁴MeineL
2335 662 2422 718 De
2464 660 2495 718 δ
2557 673 2613 720 et
2649 686 2682 720 κ
2734 671 3028 741 permixtis
3075 692 3132 730 ν.
3175 671 3384 734 cratin.

110 772 399 850 Βάκχαις
413 782 473 846 Ε,
491 775 693 832 eodem
716 776 954 847 loco,et‚
974 789 1241 833 monente
1264 780 1455 848 Mein„
1480 779 1727 838 Lobeclt.
1823 741 2040 800 Thratt‘
2073 763 2130 803 ²·
2157 748 2223 804 v·
2248 747 2281 803 3
2313 771 2336 796 ‘¹
2362 747 2660 828 Μωροχλῆς
2689 755 2932 810 valesius
2951 757 3026 812 ad
3057 756 3387 839 Hfffl'oerat·

110 862 201 918 ad
230 859 468 937 Pht-yn.
493 881 552 937 p.
582 863 679 936 98.

634 972 741 1033 111.
784 973 1241 1034 ΔΑΚΤΥΛΙΟΣ.

209 1083 442 1142 Athen.
482 1103 540 1155 7,
570 1103 628 1158 p.
650 1083 789 1158 295,
818 1086 886 1153 Β,
910 1084 979 1141 de
1002 1086 1165 1160 galeo
1196 1088 1353 1160 pisce
1382 1105 1395 1144 2
1430 1088 1562 1162 Ἰἰμ.
1598 1087 1643 1144 δ’
1672 1090 1725 1146 ἐν

108 1167 433 1248 Δακτυλίῳ
460 1169 589 1250 φησὶ
1321 1257 1323 1259 ‚

232 1287 506 1363 Γαλεοὺς
544 1281 849 1378 (καλοὺς)
885 1283 985 1353 καὶ
1022 1281 1308 1371 βατίδας,
1356 1292 1471 1355 ὅσα
1504 1315 1571 1356 τε
1605 1301 1725 1358 τῶν

1540 1407 1723 1486 γενῶν

230 1499 301 1559 ἐν
329 1489 675 1588 ὀξυλιπάρῳ
715 1497 1015 1589 τρίμματι
1038 1493 1411 1578 σκευάζεται.

120 1610 363 1664 [terum
392 1611 637 1684 apponit
658 1611 929 1685 Athen.9,
954 1630 1013 1686 p.
1040 1609 1177 1684 385,
1209 1615 1259 1667 A
1274 1654 1291 1686 ‚
1313 1613 1389 1668 ob
1408 1609 1721 1691 ὀξυλιπάρου

118 1696 523 1754 nientionem.
571 1700 851 1772 Utroque·
879 1700 1009 1754 loco
1058 1699 1195 1754 libri
1232 1697 1511 1778 Δακτύλῳ,
1560 1703 1722 1777 quod

118 1789 399 1843 correxit
419 1787 667 1847 Casaub.
696 1792 871 1845 Versu
908 1807 930 1844 1
958 1789 1159 1845 similia
1186 1785 1423 1863 γαλειοὺς
1450 1801 1507 1845 et
1530 1789 1721 1858 καλοὺς

123 1874 224 1946 (v.
260 1875 485 1931 Cratini
508 1877 715 1932 Incert.
756 1875 865 1946 178
884 1873 1028 1953 etc.)
1059 1876 1221 1932 alteri
1245 1876 1437 1933 offecit
1458 1883 1713 1939 alterum.

120 1961 281 2032 Τῶν,
312 1963 353 2021 i.
384 1981 430 2019 e.
453 1959 671 2018 τούτων.

667 2073 767 2132 iv.
801 2074 1055 2133 ΔΗΑοΣ
1094 2071 1179 2152 (τ).

212 2186 429 2242 Athen.
462 2184 523 2261 8,
548 2205 609 2262 p.
646 2185 779 2255 341,
804 2187 851 2242 E
884 2207 897 2241 ε
924 2183 1015 2243 καὶ
1055 2181 1364 2264 Ὑπερείδης
1394 2184 1451 2244 δὲ
1478 2190 1505 2244 ὃ
1536 2143 1711 2268 ῥ’ήτωρ

126 2271 401 2352 ὀψοφάγος
424 2262 512 2348 ἦν,
541 2271 611 2338 ὥς
639 2293 767 2352 φησι
785 2273 923 2349 Τιμ.
960 2275 989 2330 δ
1010 2271 1243 2347 κωμικὸς
1260 2275 1313 2331 ἐν
1338 2272 1499 2353 Δήλῳ
1520 2276 1623 2350 (sic
1652 2277 1713 2332 li-

1823 847 1881 903 p.
1921 848 2054 904 129,
2077 835 2126 888 A
2160 841 2218 888 et
2237 835 2280 889 B
2301 835 2463 892 libris
2491 837 2970 916 confirmantibus».
3009 847 3231 921 Reliqui
3267 849 3393 920 Μη-

1822 915 2070 993 τροκλῆς,
2097 919 2144 978 C
2169 919 2470 998 Μυροκλῆς.
2495 924 2576 982 cf.
2601 927 2903 988 Ruhnken.
2926 933 3065 988 Hist.
3092 937 3216 992 crit.
3240 951 3385 996 orat.

1818 1022 1885 1076 p.
1914 1025 2011 1080 79.
2047 1031 2072 1056 ι
2109 1008 2158 1062 E
2191 1009 2276 1066 M.
2305 1011 2448 1065 Eum
2468 1008 2794 1071 Alexander
2817 1017 3152 1096 depoposcit
3175 1025 3236 1079 in
3263 1045 3388 1100 poc-

1819 1110 1951 1148 nam
1987 1094 2299 1152 secundum
2326 1100 2762 1160 Demosthenem
2794 1114 2851 1160 et
2886 1107 3212 1170 Arrianum.
3253 1115 3320 1173 V.
3353 1114 3385 1170 5

1817 1181 1897 1236 sic
1937 1181 2114 1266 codd.
2131 1185 2264 1256 VL3
2291 1189 2464 1242 ceteri
2501 1175 2594 1244 εἶτ’
2619 1187 2819 1269 εἴληφε.
2846 1195 3069 1253 Deinde
3098 1219 3148 1254 τι
3193 1219 3301 1275 pro
3329 1224 3384 1258 τε

1818 1268 1992 1324 Mein.
2026 1281 2082 1326 et
2115 1273 2302 1330 Dobr.
2334 1275 2515 1331 Demo
2541 1289 2813 1352 cognatus
2857 1283 3089 1355 quidam
3125 1287 3236 1343 fuit
3268 1291 3384 1346 De-

1816 1357 2124 1414 mosthenis
2171 1381 2184 1414 :
2225 1379 2392 1434 quem
2441 1383 2570 1418 cum
2614 1366 2954 1426 Callisthene
3001 1373 3103 1444 (de
3149 1393 3264 1448 quo
3309 1379 3386 1434 ad

1816 1443 2053 1519 Antiph.
2079 1443 2340 1522 Ἆλιευομ..
2377 1469 2426 1519 1,
2461 1451 2561 1524 ια’)
2589 1455 2888 1530 Antipater
2903 1459 3010 1514 sibi
3033 1461 3182 1516 tradi
3193 1463 3378 1534 jussit,

1816 1542 1955 1589 teste
1993 1535 2141 1592 Plut.
2188 1539 2292 1613 Vit.
2336 1541 2631 1598 Demosth.
2672 1561 2732 1616 p.
2769 1542 2909 1620 856,
2951 1547 3012 1603 E.
3058 1546 3131 1607 V.
3180 1569 3218 1622 9
3249 1552 3380 1608 libri

1811 1619 1903 1698 ὂψ.
1955 1617 2055 1698 γὰρ
2101 1619 2268 1692 ὥστε,
2319 1625 2418 1680 sed
2467 1627 2744 1701 glossema
2803 1637 3077 1709 expunxit
3140 1639 3377 1700 Casaub.

1803 1732 1844 1782 ,a
1872 1705 2040 1766 Ὥστε
2170 1709 2388 1790 Σύρους,
2412 1715 2452 1772 i.
2478 1733 2530 1785 e,
2555 1727 2617 1771 ut
2635 1717 2762 1787 lari,
2787 1720 3028 1794 piscium
3055 1725 3377 1798 avidissimi,

1808 1884 2167 1943 abstinebant
2206 1905 2221 1946 :
2263 1907 2316 1947 v.
2361 1908 2494 1946 ann.
2528 1891 2606 1947 ad
2635 1894 2933 1952 Menandri
2963 1897 3161 1976 fragm.
3192 1922 3252 1977 p.
3297 1912 3368 1971 44

1808 1972 1902 2030 ed.
1929 1992 2016 2048 pr.
2047 2001 2070 2024 υ
2103 1977 2150 2030 Ε
2187 1977 2279 2035 Μ.
2308 1977 2395 2038 ef.
2425 1978 2594 2038 Ovid.
2620 1980 2769 2039 Fast.
2795 2002 2850 2054 2,
2875 1991 2987 2057 474
3013 2006 3132 2062 seq.

2247 2084 2320 2145 V.
2363 2087 2462 2146 ΔΗ
2471 2088 2932 2153 ΜΟΣΑΤΥΡΟῙ.

1892 2219 1917 2244 α
1969 2195 2336 2275 Δημοσάτυροι
2375 2199 2490 2257 dici
2517 2203 2784 2262 videntur
2824 2207 3128 2286 demagogi
3169 2216 3370 2287 populi

1806 2285 2048 2358 turpiter
2079 2285 2422 2360 obsequiosi,
2455 2307 2598 2364 quos
2640 2291 3031 2368 δημοπιθήκους
3071 2287 3213 2356 ἀίκίε
3243 2305 3370 2356 Ari—

124 2361 299 2438 bri),
332 2359 671 2438 διηγούμενος
705 2359 822 2426 τοὺς
848 2358 997 2439 παρὰ
1026 2357 1285 2438 Ἁρπάλου
1314 2361 1707 2440 δωροδοκήσαν-
1801 2371 1992 2445 stoph.
2022 2373 2167 2430 Ran.
2205 2372 2376 2444 1085,
2405 2385 2466 2432 et
2491 2378 2824 2453 simpliciter
2851 2380 3097 2453 πιθήκους
3127 2386 3370 2462 Phryni-

126 2468 251 2516 τας·
275 2447 467 2528 γράφει
484 2449 532 2506 δ’
558 2445 741 2522 οὕτως,

232 2584 291 2624 α.
330 2557 703 2648 Δημοσθένης
742 2557 1019 2622 τάλαντα
1042 2560 1402 2630 πεντήκοντ’
1431 2561 1579 2648 ἔχει.

238 2667 297 2746 β.
328 2663 683 2753 Μακάριος,
719 2660 877 2753 εἴπερ
908 2655 1286 2753 μεταδίδωσι
1316 2656 1555 2755 μηδενί.

215 2796 297 2835 a,
338 2767 469 2835 Καὶ
490 2773 830 2862 Μοιροκλῆς
859 2765 1065 2860 εἴληφε
1096 2768 1337 2862 χρυσίον
1368 2773 1541 2838 πολύ.

235 2878 296 2959 β.
322 2869 585 2952 ’Ᾱνόητος
605 2879 638 2941 ὀ
662 2865 871 2951 διδοὺς
886 2925 903 2957 ,
924 2877 1177 2965 εὐτυχὴς
1204 2866 1263 2941 δ’
1291 2880 1323 2942 ὁ
1346 2871 1701 2969 λαμὸάνων.

138 2976 181 3046 5
234 3006 294 3048 α.
320 2979 549 3073 Εἴληφε
566 2980 671 3047 καὶ
700 2983 915 3071 Δήμων
936 3006 999 3046 τι
1017 3030 1036 3065 ,
1068 2981 1173 3047 καὶ
1191 2982 1630 3061 Καλλισθένης.
1648 3040 1661 3054 .
1680 3038 1695 3053 .

168 3148 179 3165 ,
236 3090 299 3169 β.
337 3084 605 3163 Πένητες
636 3082 809 3169 ἦσαν,
826 3090 983 3153 ὥστε
1014 3089 1367 3181 συγγνώμην
1394 3090 1548 3177 ἔχω·

232 3217 297 3256 α.
336 3182 389 3257 ὁ
415 3197 472 3256 τ’
506 3193 563 3255 ἐν
593 3190 832 3283 λόγοισι
868 3182 1062 3267 δεινὸς
1090 3184 1417 3284 Ῠπερείδης
1443 3194 1594 3285 ἔχει’.

236 3302 301 3381 β.
339 3297 491 3373 Τοὺς
514 3294 897 3388 ἰχθυοπώλας
926 3295 1096 3373 οὗτος
1112 3301 1259 3387 ἡμῖν
1290 3304 1599 3381 πλουτιεῖ,

231 3400 577 3493 ὀψοφάγος,
604 3407 758 3471 ὥστε
780 3402 929 3480 τοὺς
947 3402 1160 3495 λάρους
1192 3398 1340 3470 εἶναι
1375 3408 1598 3497 Σύρους.

138 3528 351 3584 Titulus
373 3526 685 3585 abhorrens
718 3528 791 3585 ab
832 3540 1163 3604 argumento
1182 3570 1198 3600 ,
1234 3547 1340 3586 nec
1376 3530 1699 3591 verosimile

139 3624 217 3669 est
242 3612 451 3683 Δήλιος.
480 3616 673 3670 Malim
697 3613 931 3684 Κηλὸς,
963 3615 1023 3675 h.
1052 3634 1103 3673 e.
1126 3612 1374 3686 εὔκηλος,
1395 3614 1694 3695 ἀδιάφορος,

140 3704 493 3777 antiquillus,
530 3704 843 3771 delenit-m,
888 3704 1117 3777 qualern
1140 3704 1487 3761 se-ostendit
1518 3705 1693 3763 altera

136 3792 332 3847 harum
356 3809 755 3866 personarum,
782 3791 958 3847 altera
1004 3794 1151 3849 irata
1202 3793 1527 3864 oratoribus
1552 3810 1693 3849 cor-

140 3881 313 3954 ruptis
356 3879 427 3935 ab
486 3880 753 3953 Harpalo·
800 3881 1037 3954 aliisque
1091 3880 1333 3937 ducibus
1386 3880 1693 3939 Alexandri

141 3968 214 4027 Μ.
284 3965 563 4043 Harpalus
632 3967 897 4041 quidem,
962 3968 1263 4043 praefectus
1338 3966 1483 4039 ejus,
1562 3986 1693 4023 cnm

140 4058 369 4113 maxima
412 4066 579 4131 parte
626 4074 803 4130 opum
838 4056 1131 4131 Babylone
1178 4055 1495 4131 aufugit·in
1531 4056 1689 4111 Grae-

144 4146 292 4214 ciam,
323 4144 521 4217 ibique
564 4156 687 4199 acta
729 4156 811 4199 est
845 4143 965 4217 ejus
1008 4162 1177 4204 causa
1218 4145 1439 4219 olymp.
1496 4143 1625 4213 113,
1656 4164 1689 4199 a

146 4236 289 4305 {ante
325 4232 462 4293 Chr.
514 4243 629 4289 nat.
682 4232 861 4307 326);
902 4252 1021 4307 quo
1062 4236 1239 4309 igitur
1270 4244 1549 4307 tempore,
1602 4234 1693 4289 vel

713 4402 1085 4459 ANNULUS.
1208 4418 1211 4423 ·

146 4504 325 4561 Galeos
353 4502 697 4575 (pulchros),
735 4510 789 4558 et
821 4500 1063 4572 batidas,
1097 4510 1152 4560 et
1183 4512 1451 4575 quotquot
1493 4504 1687 4560 horum

1397 4595 1686 4662 [generum

148 4677 189 4732 in
215 4676 363 4733 acido
380 4691 444 4733 ac
462 4676 649 4749 pingui
672 4676 799 4748 jure
816 4684 1093 4747 parantur.
1112 4728 1115 4733 .

706 4816 945 4872 DELUS
985 4816 1087 4881 (?).

204 4939 249 4979 a.
281 4922 665 4979 Demosthenes
686 4921 849 4978 babet
874 4922 1266 4995 quinquaginta
1296 4920 1515 4978 talentas

208 5008 261 5063 b.
290 5010 509 5071 Beatus.
526 5007 679 5065 siliis
704 5008 948 5081 impertit
974 5008 1271 5066 neminem.

208 5112 254 5151 a.
296 5097 471 5152 Etiam
494 5094 782 5153 Moerocles
808 5096 1043 5154 multum
1068 5099 1187 5154 auri
1212 5100 1439 5171 accepit.

210 5184 256 5236 b.
280 5187 529 5251 insanus,
554 5184 649 5256 qui
668 5184 796 5251 dan
829 5182 991 5251 felix,
1025 5186 1119 5256 qui
1139 5186 1321 5241 sumit.

156 5275 183 5321 5
217 5284 258 5324 a.
289 5271 500 5341 Accepit
536 5279 589 5326 et
615 5274 787 5326 Demo
821 5269 1060 5341 aliquid,
1093 5278 1145 5325 ct
1166 5271 1584 5329 Callisthenes..
1614 5308 1625 5321 -

1801 2457 1942 2513 chus
1961 2477 2051 2533 ap.
2070 2458 2245 2519 schol.
2272 2465 2377 2519 Av.
2419 2481 2508 2518 11.
2542 2487 2566 2514 υ
2606 2467 2784 2526 Mein.

1881 2545 2089 2604 Athen.
2122 2553 2182 2616 4,
2222 2567 2286 2623 p.
2344 2547 2470 2622 165,
2513 2551 2590 2621 F,
2643 2553 2716 2609 de
2766 2556 3069 2632 Ctesipr
3110 2561 3388 2617 Chabrias·

1799 2631 1964 2689 filim:
1996 2631 2204 2709 'rip-‚8³
2232 2636 2285 2692 ἕν
2313 2636 2712 2718 Δημοσατύροις
2735 2641 2891 2720 φησὶν

1992 2787 2090 2800 —-
2133 2743 2304 2817 Οὐδ’
2339 2756 2370 2817 ὀ
2420 2747 2682 2847 Χαῖρίου
2727 2756 3096 2838 Κτήσιππος
3134 2764 3366 2855 ἐπιτρὶς

3085 2865 3362 2961 κείρεται,

1894 2963 1954 3025 ἐν
1983 2967 2116 3039 ταῖς
2144 2964 2373 3055 γυναιξὶ
2403 2968 2677 3058 λαμπρὸς
2695 3018 2714 3053 ,
2753 2972 2861 3035 οὐκ
2891 2973 2949 3035 ἐν
2989 2967 3309 3064 ἀνδράσιν,

1795 3088 1974 3142 Versu
2011 3107 2034 3142 ι
2081 3090 2278 3163 scripsi
2321 3066 2539 3168 ’ἐπι-τρίς.
2585 3092 2744 3148 Libri
2773 3062 2976 3151 vitiose
3023 3094 3099 3153 ἔτι
3138 3097 3247 3177 τρὶς
3273 3103 3362 3157 vel

1794 3172 1950 3251 τρεῖς.
1993 3198 2016 3224 α
2045 3176 2131 3232 De
2161 3176 2424 3253 Ctesippo
2461 3198 2518 3238 v.
2566 3182 2867 3238 Menandri
2906 3184 3043 3260 Org.
3085 3186 3156 3245 fr.
3210 3208 3261 3246 1.
3293 3191 3362 3249 In

1791 3262 2030 3337 perditis
2059 3272 2230 3337 atque
2271 3264 2606 3323 effeminatis
2647 3264 3378 3333 hominibus-memoratur·

1794 3351 1964 3405 etiam
1992 3349 2288 3407 aLibanio
2328 3351 2488 3411 Orat.
2530 3372 2624 3429 19,
2667 3374 2729 3431 p.
2767 3354 2902 3427 500,
2925 3359 2999 3429 D,
3037 3370 3095 3415 et
3127 3362 3380 3420 AEliano‘

1792 3438 1867 3494 H.
1894 3440 1962 3493 A.
1993 3435 2059 3511 3,
2095 3443 2190 3503 [ια.
2217 3437 2303 3497 cf.
2345 3441 2524 3497 Wolf.
2573 3444 2797 3518 proleg.
2853 3446 2930 3502 ad
2966 3448 3359 3508 Demosthenis

1790 3528 1955 3599 Lept.
1994 3544 2053 3599 p.
2101 3523 2198 3583 53.
2249 3544 2282 3583 a
2325 3528 2378 3583 Ε
2421 3531 2510 3588 Μ.
2555 3530 2834 3606 Leptinen
2882 3538 3167 3595 accusavit
3227 3558 3238 3592 :
3297 3558 3352 3596 v.

1788 3614 1993 3671 Athen.
2027 3632 2202 3689 12,p.
2238 3612 2374 3685 552,
2401 3626 2511 3674 etc.

2164 3726 2264 3785 v1.
2310 3725 2970 3791 ΔΙΟΝΥΣΙΑΖΟΥΣΑῙ.

1866 3842 2072 3899 Athen.
2103 3841 2168 3912 6,
2188 3860 2252 3917 p.
2281 3842 2393 3899 223
2415 3842 2562 3913 ,.B:
2603 3843 2737 3919 Τιμ.
2784 3846 2832 3903 δ.’
2872 3848 2902 3903 ὁ
2938 3848 3350 3926 κωμῳδιοποιὸς,

1786 3925 1928 3985 κατὰ
1953 3923 2129 3985 πολλὰ
2146 3926 2416 4006 χρησίμην
2441 3920 2766 4010 εἶναιλέγων
2793 3934 2870 4013 τῷ
2887 3932 2990 4014 βίῳ
3012 3932 3350 4015 τὴν-τραγῳ-

1785 4012 1898 4072 δίαν
1916 4058 1931 4086 ,
1960 4012 2114 4091 φησὶν
2152 4017 2205 4072 ἐν
2232 4016 2713 4095 Διονυσιαζούσαις,
2789 4058 2798 4067 -

1933 4096 1985 4177 1³2
2016 4116 2129 4178 τᾶν
2154 4162 2174 4199 ,
2214 4110 2489 4196 ἄκουσον,
2511 4112 2587 4182 ἄν
2619 4116 2682 4183 τί
2709 4144 2798 4185 σοι
2827 4122 3036 4212 μέλλω
3067 4124 3296 4217 λέγεινὶ

1932 4214 2235 4309 ἄνθρωπός
2261 4221 2393 4286 ἐστι
2422 4216 2574 4300 ζῶον
2606 4222 2888 4291 ἐπίπονον
2919 4228 3128 4317 φύσει,

1850 4399 1908 4456 b.
1942 4405 2210 4473 pauperes
2239 4412 2425 4469 erant,
2448 4414 2511 4460 ut
2538 4406 2834 4477 ignoscam.

1852 4502 1901 4544 a.
1927 4488 1996 4543 Et
2023 4488 2206 4559 gravis
2226 4495 2412 4547 orator
2435 4492 2736 4564 Hyperides
2757 4492 2938 4553 habet.

1853 4574 1905 4629 b.
1932 4573 2038 4629 llic
2069 4575 2300 4648 piscium
2319 4574 2626 4634 venditores
2654 4578 2815 4636 nobis
2841 4578 3066 4650 ditabit,

1850 4676 2122 4733 opsonans
2149 4662 2224 4719 ita
2241 4699 2258 4729 ‚
2283 4670 2348 4719 ut
2373 4664 2469 4721 lari
2493 4666 2604 4721 sint
2619 4666 2782 4739 Syri..

2307 4768 2809 4827 DEMOSATYRL

1776 4878 1847 4934 Et
1866 4890 2048 4932 nonne
2077 4875 2328 4933 Chabriae
2351 4876 2498 4933 filius
2521 4878 2814 4951 Ctesippus
2844 4888 2926 4935 ter
2943 4878 3224 4947 tondetur,

1776 4964 1922 5020 inter
1945 4963 2176 5019 feminas
2192 4963 2518 5036 conspicuus
2535 5004 2549 5027 ‚
2579 4980 2690 5023 non
2719 4967 2862 5023 inter
2885 4967 3066 5023 viros?

1880 5073 2260 5141 MULIERES
2305 5084 2824 5141 BACCHANABIA
2873 5086 3228 5141 AGENTES.

1882 5190 2032 5244 Bone
2056 5187 2155 5256 vir,
2185 5184 2312 5243 audi
2331 5228 2346 5255 ‚
2366 5187 2410 5242 si
2426 5186 2519 5242 tibi
2544 5186 2747 5260 aliquid
2773 5185 2978 5243 dicam!

1882 5273 2049 5331 homo
2075 5273 2274 5331 animal
2292 5273 2552 5331 miserum
2583 5282 2663 5331 est
2689 5283 2886 5331 natura
2905 5314 2922 5341 ,
