3809 5850
1494 414 1589 473 ΡΗ
1598 411 2056 475 ERECRATES.

138 572 157 595 ι
186 543 541 635 pintan-esitus
574 546 786 602 Moral.
825 564 888 621 p.
914 544 1051 619 349,
1082 548 1160 615 Α,
1193 547 1497 601 medullam
1527 548 1587 601 in
1617 546 1713 601 de·
1808 566 1936 623 qua
1954 548 2193 605 ridicula
2205 549 2442 624 pai-odia
2465 552 2524 605 in
2542 568 2662 606 rem
2690 521 2916 625 turpem
2941 552 3178 610 detorsit
3202 552 3369 611 Pher.

140 635 497 689 licatioribus
528 634 679 689 cibis
712 644 1129 689 commemorat
1158 652 1173 689 ε
1211 651 1391 706 quare
1419 634 1717 690 verisimile

142 734 241 792 est,
270 740 401 779 eam
430 724 497 777 in
542 720 815 777 secundis
846 723 1081 793 nensis,
1123 738 1266 795 quas
1301 721 1465 778 Pher.
1496 722 1719 777 descri-

142 812 256 881 bit,
284 810 613 885 appositam
651 807 838 867 fuisse.
871 834 897 857 ι
932 810 983 865 E
1018 810 1105 864 M.
1153 809 1495 884 Apollonius
1534 810 1713 885 Soph.

146 894 399 962 Μυελός
432 918 449 952 z
484 893 675 975 τροφή.
702 893 796 953 καὶ
836 892 1035 953 ὀστέα
1071 896 1445 971 μυελόεντα
1482 898 1715 973 (Odyss-

145 1006 203 1060 9,
230 986 346 1063 ²93
374 984 397 1063 )
429 1006 443 1041 z
476 982 677 1065 τροφὴν
705 981 915 1063 ἔχοντα.

908 1119 965 1169 7·

218 1214 485 1271 Stobaeus
511 1214 709 1271 Floril.
746 1212 879 1288 116,
924 1232 1017 1283 ια,
1066 1233 1200 1271 cum
1242 1215 1507 1273 lemmate
1540 1215 1719 1294 Φερε-

134 1300 381 1379 κράτους.

284 1416 445 1489 Εἰκῆ
483 1412 545 1507 μ’
581 1417 799 1507 ἐπῆρας
818 1464 837 1495 ,
870 1414 1019 1481 ὄντα
1048 1416 1479 1497 τηλικουτονὶ,

284 1528 551 1598 πολλοῖς
586 1521 845 1613 ἐμαυτὸν
888 1525 1197 1615 ἐγκυλῒσαι
1230 1522 1599 1615 πράγμασιν.

286 1623 431 1721 Ἐγὼ
464 1626 610 1721 γὰρ,
640 1620 889 1718 ὦνδρες,
918 1624 1071 1701 ἡνίκ’
1109 1624 1148 1700 ἦ
1181 1630 1490 1720 νεώτερος,

282 1726 541 1801 ἐδόκουν
567 1733 698 1825 μὲν,
730 1732 997 1825 ἐφρόνουν
1030 1726 1091 1799 δ’
1132 1728 1328 1815 οὐδὲν,
1360 1733 1501 1799 ἀλλ’
1524 1733 1715 1799 ἅπαν.

1504 1838 1586 1904 τά
1615 1864 1719 1930 μοι

184 1940 227 2011 5
282 1943 453 2011 κατὰ
481 1944 679 2037 χειρὸς
707 1940 779 2016 ἦν
818 1940 901 2009 τὰ
924 1942 1235 2036 πράγματ’
1285 1944 1717 2036 ἐνθυμουμένῳ·

286 2061 395 2117 νῦν
430 2044 494 2115 δ’
528 2045 666 2143 οἷρτι
702 2074 807 2141 μοι
847 2050 922 2115 τὸ
948 2060 1131 2143 γῆρας
1160 2049 1424 2123 ἐντίθησι
1463 2060 1616 2118 νοῦν.

132 2181 509 2237 Postremum
566 2196 795 2233 versum
844 2177 1009 2235 affert
1052 2180 1221 2235 etiarn
1264 2180 1587 2235 Priscianus
1626 2178 1717 2249 18,

130 2286 193 2342 p.
238 2275 357 2334 224
414 2287 428 2321 ε
478 2266 558 2324 Φ.
604 2263 839 2343 Χείρωσι
882 2266 1029 2341 (sic)
1076 2267 1189 2326 Νῦν
1236 2298 1318 2311 -
1360 2270 1503 2325 νοῦν.
1540 2269 1719 2323 Versu

134 2374 167 2411 2
198 2357 387 2429 vulgo
420 2350 708 2425 πολλάκις,
743 2354 845 2409 sed
866 2353 1079 2419 πολλοῖς
1116 2354 1367 2412 codices.
1422 2350 1717 2412 Εἷσκυλίειν

136 2444 273 2497 item
302 2443 555 2497 notione
580 2442 975 2517 metaphorica
1004 2441 1152 2498 dixit
1167 2436 1458 2518 Aristoph.
1491 2444 1712 2499 Thoem.

152 2538 273 2597 7:4-
312 2532 389 2589 V.
434 2528 469 2585 3
514 2516 551 2597 ἦ
595 2548 705 2603 pro
743 2518 807 2598 ἦν
850 2528 1139 2597 Dindorfi,
1182 2530 1370 2585 attice.
1413 2531 1481 2587 V.
1530 2534 1561 2593 4
1598 2528 1714 2585 ἀλλ’

150 2614 453 2687 ἅπαντα,
504 2619 613 2673 sed
650 2623 845 2673 omnia
896 2620 1083 2675 simul.
1136 2618 1323 2673 Minus
1368 2628 1523 2673 recte
1586 2618 1717 2673 libri

152 2704 277 2761 ἀλλὰ
312 2702 517 2763 πάντα.
569 2706 907 2781 Exagitatur
964 2706 1053 2761 his
1098 2706 1290 2762 verbis
1336 2722 1514 2779 prava
1552 2704 1712 2761 πολυ·

150 2789 529 2869 πραγμοσύνη,
562 2805 629 2849 ut
668 2793 1087 2851 Pseudhercule
1122 2793 1291 2866 hujus
1325 2794 1542 2867 nostri,
1585 2794 1716 2848 Ari-

148 2883 327 2958 stoph.
353 2882 615 2940 Acharn-
638 2879 778 2953 788,
801 2893 861 2938 et
877 2879 1029 2942 Plut.
1055 2901 1193 2959 909·
1213 2884 1425 2941 Contra
1443 2886 1551 2940 Av.
1576 2880 1714 2951 446,

150 2971 175 3024 ὁ
194 2966 597 3050 πολυπράγμων
617 3013 637 3041 ,
658 2977 757 3026 vir
774 2973 965 3026 multis
1001 2977 1060 3026 in
1098 2973 1259 3028 rebus
1282 2983 1569 3033 versatus,
1610 2989 1717 3044 op·

150 3059 379 3132 ponitur
396 3058 477 3136 τῷ
500 3057 735 3132 ἀμαθεῖ,
762 3064 1037 3134 imperito.

218 3285 414 3344 Schol.
443 3291 549 3343 Ar.
578 3289 729 3342 Ran.
769 3284 919 3342 1308
953 3304 967 3344 ε
1012 3284 1348 3344 διεὸάλλοντο
1390 3286 1473 3343 ἐπ’
1505 3281 1719 3365 αἰσχρό-

148 3393 255 3440 τητι
274 3376 323 3430 οἱ
348 3371 571 3432 Δίσὸιοι
604 3374 744 3450 (leg.
776 3375 833 3430 αἱ
868 3371 1126 3450 Maean)
1152 3373 1242 3432 καὶ
1271 3375 1325 3432 ἐν
1352 3376 1427 3455 τῷ
1446 3375 1519 3441 εἰς
1544 3375 1719 3453 Φερε-

146 3459 337 3537 κράτην
370 3460 750 3540 ἀναφερομένῳ
786 3461 1015 3540 Χείρωνι

234 3603 293 3644 α.
342 3580 539 3643 Δῶσει
583 3571 654 3643 δέ
687 3603 783 3644 σοι
822 3586 1105 3670 γυναῖκας
1142 3577 1295 3646 ἑπτὰ
1332 3571 1653 3657 Λεσὸίδας.

240 3687 299 3764 β.
328 3683 539 3748 Καλόν
565 3708 636 3776 γε
662 3675 852 3778 δῶρον
882 3680 1017 3751 ἕπτ’
1045 3685 1209 3778 ἔχειν
1243 3687 1665 3778 λαικαστρίαςέ

154 3807 401 3868 Eustath.
439 3809 517 3866 ad
558 3810 725 3870 Iliad.
770 3830 827 3885 p.
858 3817 969 3882 74¹
992 3855 1008 3880 ,
1041 3829 1139 3880 aa,
1176 3810 1339 3867 addit
1365 3813 1435 3876 ὡς
1472 3810 1716 3870 τοιούτων

152 3893 307 3952 οὔτῶν
342 3899 453 3954 τῶν
494 3895 741 3954 Λεσὸτῶν
780 3900 1061 3974 γυναικῶν.
1095 3899 1253 3956 Idem
1281 3917 1450 3956 versu
1486 3919 1509 3956 1
1547 3898 1605 3957 δέ
1637 3921 1718 3960 σοι

156 3982 169 4036 ι’
184 3985 351 4042 schol.
383 3983 445 4042 δέ
468 3985 615 4062 τις),
656 3997 713 4042 et
742 3983 1003 4052 Δεσὸίδας
1024 4006 1133 4061 pro
1165 3985 1427 4059 Λεσὸίας,
1456 3999 1523 4044 ut
1546 3990 1714 4048 Iliad.

154 4087 205 4138 9,
242 4090 351 4143 ²7⁰
382 4093 399 4129 :

218 4183 369 4244 δόσει
400 4184 452 4244 δ’
474 4185 613 4244 ἑπτὰ
642 4194 897 4262 γυναῖκας
918 4184 1165 4263 ἀμύμονα
1188 4185 1295 4267 ἔργ’
1327 4184 1519 4252 εἰδυίας

218 4272 481 4339 Αεσὸίδας
494 4315 513 4344 ,

905 4448 958 4497 7.

235 4533 473 4587 Temen
502 4545 597 4586 me
618 4528 886 4597 incitasti,
919 4529 1091 4586 virum
1114 4529 1209 4586 tali
1236 4536 1396 4586 aetate
1413 4569 1429 4594 ‚

236 4626 299 4673 ut
322 4615 525 4672 multis
554 4631 643 4672 me
665 4615 941 4686 implicem
960 4619 1213 4688 negotiis,

236 4701 537 4777 Equidem.
566 4716 603 4758 ο
628 4701 752 4769 viri,
783 4717 955 4774 quum
980 4717 1154 4759 essem
1181 4703 1391 4776 junior,

234 4789 467 4844 videbar
492 4787 629 4844 mihi
656 4803 847 4860 sapere
862 4829 879 4855 ‚
904 4789 999 4844 sed
1026 4788 1161 4845 nihil
1188 4789 1489 4861 sapiebam,
1522 4791 1713 4843 cuncta

184 4875 207 4922 5
233 4883 479 4930 tractam
496 4914 514 4941 ‚
539 4887 667 4944 quae
688 4873 745 4929 in
774 4881 1023 4931 mentem
1052 4875 1361 4933 veniebant.
1515 4873 1711 4941 [simul

236 4963 403 5016 Nune
426 4973 561 5018 vero
588 4965 845 5016 senectus
872 4959 1119 5016 immittit
1142 4967 1402 5017 mentem.

148 5081 156 5116 Ι
874 5077 877 5080 ’
902 5053 951 5102 8.

64 5066 141 5178 ..d
212 5147 251 5185 a.
288 5131 571 5204 Dabitque
599 5129 701 5185 tibi
722 5130 998 5196 mulieres,
1028 5141 1235 5204 septem
1256 5131 1449 5188 Lesbia

214 5217 255 5273 b.
290 5221 631 5276 Praeelamm
662 5235 791 5276 vero
817 5218 1027 5276 donum
1050 5226 1257 5293 septem
1288 5218 1621 5292 prostibula!

348 5329 649 5365 'Rucuma
674 5327 954 5365 conmonuit
984 5329 1060 5365 GR.

1886 770 2082 831 Schol.
2101 772 2348 827 Platonis
2377 680 2616 828 Benaci-³.
2644 791 2704 846 p.
2739 772 2845 841 371
2889 793 2902 826 ε
2931 772 3095 831 ἐνίοτε
3115 773 3161 831 δ’
3197 774 3256 831 ἐκ
3279 780 3370 833 τοῦ

1806 859 2050 935 περιττοῦ
2074 856 2407 933 προστίθεται
2434 856 2628 935 (ἄττα)
2645 900 2660 925 ,
2689 860 2760 923 ὥς
2785 860 2836 915 ἐν
2859 860 2929 919 Χ.
2959 860 3037 918 Φ.

1907 986 2046 1057 Τοῖς
2078 972 2230 1045 δέκα
2271 980 2600 1059 ταλάντοις
2637 977 2800 1047 ἄλλα
2826 985 3194 1075 προστιθεὶς,
3225 988 3333 1077 ἔφη
3351 1038 3372 1070 ,

1908 1082 2071 1152 ἅττα
2107 1091 2510 1161 πεντήκοντα.

1808 1216 1996 1289 Etym.
2021 1217 2098 1273 M.
2122 1235 2182 1291 p.
2216 1216 2346 1286 167,
2377 1216 2476 1289 43,
2503 1216 2748 1273 eundem
2777 1218 2969 1274 locum
2994 1221 3206 1296 citans,
3229 1240 3374 1297 prae-

1806 1302 1907 1358 bet
1923 1300 2058 1359 ἀλλὰ
2080 1305 2270 1380 προθῇς
2291 1300 2390 1381 ἔφη
2419 1300 2568 1361 ἄττα.
2590 1302 2840 1362 Gramm.
2863 1306 3104 1363 Bekkeri
3126 1328 3186 1383 p.
3217 1308 3323 1377 461
3355 1330 3365 1363 :

1807 1390 1911 1445 τῶν
1932 1388 1984 1446 δὲ
2011 1390 2261 1463 κωμικῶν
2286 1412 2362 1455 τις
2389 1388 2448 1447 τὸ
2477 1389 2596 1447 ἅττ
2613 1412 2646 1447 α
2683 1390 2772 1449 ἐπὶ
2796 1391 3017 1469 ἀριθμοῦ
3041 1392 3234 1461 ἔταξεν.

2167 1534 2384 1595 XVIH.
2411 1533 3014 1597 ΨΕΥΔΗΡΑΚΛΗΣ.

1887 1688 2098 1745 Athen.
2125 1686 2184 1757 3,
2213 1705 2274 1762 p.
2313 1703 2445 1756 12²,
2472 1688 2520 1741 Ε
2550 1705 2562 1738 :
2598 1681 2736 1741 κατὰ
2765 1681 2866 1761 γὰρ
2890 1682 2978 1742 τὸν
3007 1685 3373 1765 Φερεκράτους

1806 1772 2204 1855 Ψευδηρακλέα

1904 1902 2085 1969 Εἴποι
2126 1925 2218 1977 τις
2252 1895 2324 1965 ἂν
2363 1908 2490 1965 τῶν
2525 1898 2682 1964 πάνυ
2703 1890 3136 1981 δοκησιδεξίων
3155 1923 3170 1939 ·

1903 2010 2020 2101 ἐγὼ
2049 1998 2110 2073 δ’
2155 2000 2228 2071 ἂν
2263 2003 2614 2093 ἀντείποιμι
2647 2030 2682 2066 α
2713 2007 2816 2078 Μὴ
2849 2005 3370 2097 πολυπραγμόνει,

1876 2114 2075 2191 .άλλ’,
2093 2112 2146 2179 εἰ
2164 2104 2340 2178 δοκεῖ
2357 2135 2474 2192 σοι,
2499 2108 2756 2201 πρόσεχε
2783 2108 2888 2175 τὸν
2905 2119 3036 2175 νοῦν
3061 2110 3313 2203 κάκροῶ.
3347 2144 3370 2167 υ

1834 2276 2324 2336 menantium
2373 2272 2886 2329 PHERECRATIS
2941 2272 3346 2332 cotton-:Dm-

2243 2374 2410 2457 RUM
2453 2368 2928 2427 FRAGMENTA.

2571 2537 2617 2571 1.

1886 2650 2178 2726 Aristoph.
2195 2650 2426 2722 Lysistr.
2449 2668 2471 2703 1
2482 2646 2580 2719 57,
2602 2648 2876 2722 quaerenti
2891 2646 3215 2723 Myrrhinae,
3231 2650 3374 2725 quid

1806 2740 2134 2797 faciendum
2154 2739 2226 2794 sit
2254 2734 2622 2805 mulieribus,
2657 2738 2704 2792 si
2727 2736 3085 2792 dimittantur
3120 2739 3312 2812 potius
3341 2758 3374 2795 a

1806 2832 1942 2886 viris
1961 2846 2134 2903 quam
2155 2846 2358 2902 pacem
2379 2826 2464 2881 illi
2485 2824 2714 2895 faciant,
2741 2826 3042 2899 Lysistrata
3064 2827 3374 2901 respondet

1886 2949 2074 3012 Τὸτοῦ
2096 2947 2462 3029 Φερεκράτους
2492 2945 2657 3005 κύνα
2682 2945 2902 3026 δέρειν
2930 2939 3366 3027 δεδαρμένην.

1807 3079 1926 3135 Ubi
1949 3076 2128 3132 schol.
2153 3091 2170 3132 t
2205 3071 2295 3132 ἐὰν
2327 3075 2472 3147 ἡμᾶς
2494 3068 2784 3149 παρίδωσιν
2812 3071 2861 3128 οῖ
2889 3069 3100 3149 ἄνδρες,
3135 3071 3251 3130 τότε
3280 3071 3375 3130 πά·

1805 3166 1889 3223 λιν
1919 3161 2121 3231 ἐξέσται
2149 3159 2376 3225 ὀλίσὸοις
2399 3157 2698 3238 χρήσασθαι
2728 3157 2817 3216 καὶ
2843 3155 3115 3239 ἂποδέρειν
3147 3156 3216 3217 τὰ
3238 3160 3374 3219 ἀπο-

1808 3250 2100 3331 δεδαρμένα
2132 3247 2320 3320 σκύτη.
2363 3249 2441 3307 Φ.
2484 3248 2536 3304 ἕν
2583 3246 2816 3325 δράματι
2843 3246 3008 3326 (fort.
3045 3248 3100 3305 ἒν
3140 3245 3372 3326 δράματί

1806 3342 1939 3416 τινι)
1981 3337 2158 3417 εἴρηκε
2207 3340 2360 3394 τοῦτο
2379 3377 2396 3410 ,
2433 3332 2574 3391 ἔνθεν
2613 3332 2865 3391 τάσσεται
2905 3337 2940 3404 ἡ
2987 3333 3244 3414 παροιμία
3287 3335 3374 3395 ἐπὶ

1808 3430 1910 3487 τῶν
1942 3426 2113 3492 ἄλλως
2146 3423 2316 3503 (ἄλλα
2350 3425 2682 3499 Berglerus)
2715 3420 3029 3499 πασχόντων
3066 3424 3146 3502 ἐφ’
3169 3413 3245 3489 οἷς
3273 3446 3371 3482 πε-

1806 3514 2076 3574 πόνθασιν.
2105 3512 2376 3572 Proverb.
2403 3511 2572 3570 Coisl.
2605 3511 2720 3586 296
2740 3553 2757 3583 ‚
2811 3507 2962 3569 Κύνα
2987 3508 3154 3588 δι’ρειν
3188 3511 3372 3590 δεδαρ-

1809 3603 1973 3682 μένην
2006 3623 2020 3660 t
2049 3601 2110 3661 τὸ
2138 3606 2226 3661 τοῦ
2256 3599 2641 3680 Φερεκράτους.
2686 3597 2772 3657 ἐπὶ
2809 3599 2913 3656 τῶν
2949 3597 3122 3674 μάτην
3155 3599 3372 3658 πονούν·

1806 3718 1934 3766 των,
1970 3691 2006 3766 ἢ
2047 3695 2150 3750 τῶν
2185 3686 2620 3769 προπεπονθότων
2655 3709 2704 3744 τι
2770 3688 2953 3746 Addit
2990 3689 3316 3746 scholiastes
3355 3709 3368 3744 :

1779 3783 1858 3841 ‘iv
1891 3779 1948 3840 δὲ
1975 3780 2082 3846 τοῖς
2109 3777 2416 3854 σωζομένοις
2443 3775 2814 3854 Φερεκράτους
2847 3778 2940 3834 τοῦ
2963 3778 3198 3850 κωμικοῦ
3221 3779 3374 3835 τοῦτο

1807 3871 1907 3949 οὐχ
1935 3867 2248 3949 εὑρίσκεται.

2570 3997 2602 4034 2
2613 4021 2624 4034 .

1890 4097 2090 4152 Athen.
2133 4113 2188 4164 α,
2227 4114 2290 4170 p.
2328 4091 2426 4163 55,
2471 4095 2548 4162 B,
2595 4091 2838 4148 afferens
2877 4101 3180 4166 poetarum
3220 4093 3373 4148 testi·-

1806 4187 2000 4241 monia
2026 4184 2101 4240 de
2125 4181 2434 4239 erebinthis
2456 4201 2470 4234 ι
2494 4179 2576 4238 Φ.
2611 4177 2858 4257 (Crapat.
2893 4176 2962 4254 α)
2982 4204 3006 4230 ι
3027 4174 3364 4256 Τακεροὺς...

1808 4267 2015 4336 εὐθέως.
2043 4295 2066 4321 a
2091 4268 2259 4348 (καὶ)
2287 4267 2446 4325 πάλιν

1807 4528 2014 4582 Decem
2043 4522 2261 4580 talentis
2284 4520 2492 4578 addens
2511 4439 2616 4576 alia·
2633 4561 2650 4588 ,
2676 4521 2857 4592 inquit
2871 4560 2886 4586 ‚
2911 4518 3332 4593 quinquaginta.

2269 4607 2909 4668 PSEUDHERCULES.

1806 4701 2022 4758 Dixerit
2055 4700 2253 4773 aliquis
2293 4713 2514 4765 eorum,
2558 4697 2652 4769 qui
2681 4694 2888 4752 habiles
2926 4709 2986 4751 se
3025 4709 3146 4752 esse
3187 4697 3368 4752 existi·

1804 4887 1905 4944 ego
1929 4879 2112 4930 autem
2131 4880 2324 4929 eontra
2347 4869 2578 4926 dixerim
2602 4889 2615 4923 :
2653 4892 2676 4917 ι
2699 4870 2784 4925 Ne
2805 4868 2882 4925 sis
2909 4781 3367 4937 mommg‚mant‚

1804 4957 1899 5016 sed
1916 5001 1930 5026 ‚
1957 4959 2000 5015 si
2029 4959 2128 5015 tibi
2153 4959 2359 5044 ρΙεοει,
2389 4959 2632 5014 animum
2661 4955 2880 5014 adverte
2897 4963 2953 5012 et
2969 4954 3113 5011 audi.
3146 4979 3170 5004 υ

2177 5047 2276 5101 Ex
2313 5045 2634 5100 INCERTlS
2667 5043 3001 5099 FABULls.

2567 5139 2614 5188 1.

1806 5219 2149 5275 Pheret-,ratis
2177 5219 2402 5274 verbum
2439 5235 2634 5274 canem
2663 5221 3016 5275 excoriatum
3043 5220 3359 5274 excoriare.

3077 5323 3104 5361 ε
