3809 5850
1585 359 1985 423 CBATINUS.
3321 376 3394 425 m

891 513 1016 567 ¹⁰9·

252 602 401 659 Idem
436 601 495 671 5,
532 600 646 671 68,
671 600 744 656 de
777 602 972 673 lepore
1003 616 1018 657 :
1058 596 1217 661 δασὺς
1244 596 1339 665 τὴν
1368 594 1620 675 τρίχωσιν
1648 596 1741 653 καὶ

184 686 241 743 τὰ
266 684 419 743 ὕπτια
455 688 562 741 τῶν
601 686 781 743 ποδῶν
798 729 814 754 ,
856 683 972 741 ἀλλ’
996 685 1056 741 οὗ
1086 682 1221 757 μόνα
1264 682 1433 761 (fort.
1471 682 1653 761 μόνον)
1676 681 1741 739 τὰ

182 779 339 853 πρανῆ
390 770 749 851 δασυνόμενος
784 774 929 853 (hoc
979 773 1113 830 fort.
1176 768 1611 851 delendum)....
1656 768 1743 829 διὰ

178 862 315 921 τοῦτό
352 883 443 937 μοι
492 860 637 918 δοκεῖ
682 859 873 939 (recte
912 862 1081 919 Mein.
1124 856 1359 937 δοκοῦσι)
1409 856 1743 917 δασύποδα

178 950 257 1005 τὸν
296 946 473 1025 λαγὼν
518 946 670 1005 ἄλλοι
720 969 779 1004 τε
821 944 913 1003 καὶ
954 947 1061 1024 Κρ.
1110 945 1320 1017 καλεῖν,
1356 942 1523 1021 ὄνομα
1562 944 1745 1003 ποιού-

179 1059 313 1113 μενοι
334 1038 409 1115 τῷ
436 1034 557 1116 ζῴῳ
583 1034 681 1106 τὴν
704 1034 878 1114 φύσιν.
907 1037 1235 1092 Aristoteles
1256 1037 1329 1093 H.
1358 1038 1429 1091 A.
1454 1036 1512 1105 3,
1536 1034 1596 1105 8,
1627 1034 1695 1090 13
1726 1053 1740 1092 ε

177 1124 239 1183 τὰ
262 1122 353 1201 μὲν
386 1114 477 1182 οὗν
512 1122 651 1181 ἄλλα
684 1126 794 1202 ζῷα
833 1120 949 1181 οὔτε
976 1120 1118 1188 ἕντὸς
1157 1119 1271 1200 ἔχει
1308 1120 1493 1200 τρίχας
1509 1165 1525 1192 ,
1553 1124 1657 1179 τῶν
1686 1144 1743 1179 τε

178 1211 507 1292 ἀκρωτηρίων
536 1214 589 1269 ἐν
612 1212 719 1277 τοῖς
745 1208 1015 1289 πρανέσιν,
1046 1208 1163 1267 ἀλλ’
1181 1212 1277 1268 οὐκ
1304 1209 1358 1266 ἐν
1380 1216 1486 1275 τοῖς
1508 1210 1707 1274 ὑπτίοις
1726 1233 1740 1247 ·

176 1306 204 1358 ὁ
232 1302 281 1359 δὲ
316 1300 580 1365 δασύπους
609 1298 765 1375 μόνος
790 1298 883 1356 καὶ
919 1298 1060 1366 ἐντὸς
1090 1296 1203 1379 ἔχει
1242 1300 1345 1356 τῶν
1388 1296 1595 1377 γνάθων
1634 1296 1744 1375 τρί-

174 1412 297 1468 χας,
326 1388 418 1445 καὶ
444 1385 549 1445 ὑπὸ
574 1394 684 1451 τοῖς
711 1386 885 1443 ποσίν.
918 1389 1131 1445 Mirum
1173 1406 1277 1443 cur
1302 1387 1548 1462 dasypus
1576 1389 1747 1442 etiam

174 1480 491 1553 appelletur
507 1477 719 1533 animal
730 1478 902 1551 vulgo
923 1476 1141 1531 dictum
1164 1477 1455 1531 Armadill
1467 1494 1481 1529 .-
1506 1494 1557 1530 ν.
1572 1476 1743 1530 Stein.

176 1568 397 1622 Handb.
432 1568 495 1621 d.
535 1564 919 1637 Naturgesch.
949 1582 1008 1639 p.
1034 1562 1131 1622 52.

899 1695 1027 1731 110.

250 1790 413 1846 Idem
442 1789 507 1859 6,
537 1808 605 1844 21
642 1806 657 1846 ε
691 1784 1015 1867 διῳνωμένος
1038 1784 1093 1842 δὲ
1121 1783 1210 1843 καὶ
1251 1780 1653 1863 κατῳνωμένος,
1681 1785 1751 1849 ὡς

181 1876 403 1937 Πλάτων
446 1876 657 1951 (Legg.
690 1875 756 1945 6,
802 1894 863 1949 p.
898 1871 1038 1945 775,
1066 1873 1133 1949 C,
1164 1881 1221 1929 et
1257 1893 1314 1943 7,
1357 1892 1417 1949 p.
1450 1872 1592 1947 815,
1635 1869 1746 1949 C),

177 1962 257 2022 καὶ
286 1964 432 2045 ᾧνω
446 1961 569 2040 μέν
584 1983 611 2019 ο
625 1986 641 2017 ι
656 2006 674 2037 ,
707 1964 779 2026 ὣς
806 1963 908 2039 Κρ.
936 1962 1096 2017 Libri
1116 1961 1321 2017 vitiose
1342 1959 1513 2031 διοιν.,
1532 1980 1749 2029 aarum,

176 2052 461 2127 οἰνωμένοι.

900 2182 1033 2220 ιιι.

248 2279 409 2335 Idem
438 2278 521 2335 ib.
542 2275 616 2332 23
646 2294 661 2334 ι
693 2273 785 2333 καὶ
812 2272 1174 2353 οἰναγωγὸν
1202 2273 1439 2331 πλοῖον
1468 2270 1615 2350 παρὰ
1643 2275 1749 2351 Κρ.

178 2392 199 2413 ι
225 2364 492 2429 Ὁλκάδας
518 2360 835 2440 οἰναγωγοὺς
856 2364 1001 2419 dixit
1024 2364 1388 2431 Pherecrates
1414 2363 1619 2420 Athen.
1658 2382 1679 2417 1
1697 2382 1717 2417 1
1733 2403 1750 2432 ,

176 2474 233 2529 p.
262 2454 371 2519 ²181
392 2495 411 2527 ‚
440 2454 507 2510 E.
544 2475 571 2501 ι
606 2452 694 2507 M.

903 2580 924 2615 1
941 2579 964 2616 1
978 2580 1035 2619 2.

252 2678 416 2735 Idem
445 2678 521 2735 ib.
550 2678 620 2734 61
650 2697 666 2735 :
701 2676 807 2754 Kp.
834 2673 890 2733 δὲ
918 2674 1011 2733 καὶ
1030 2674 1192 2753 χυλὸν
1222 2678 1359 2731 πιεῖν
1378 2673 1605 2755 εἴρηκεν,

272 2794 425 2867 m’
485 2798 657 2866 εἴσιθ’
722 2798 859 2865 εἴσω
882 2848 903 2885 ,
970 2798 1076 2865 καὶ
1124 2810 1344 2867 πιοῦσα
1382 2800 1568 2893 χυλὸν
1612 2798 1753 2864 ἀνα-

1304 2906 1497 2972 παύου
1528 2914 1752 2972 κακῶν.

174 3039 377 3092 Versus
396 3035 683 3092 iambicus
714 3045 1061 3091 tetrameter.
1097 3059 1123 3082 α
1158 3029 1335 3098 Χυλὸς
1359 3034 1756 3109 intelligendus

174 3125 405 3196 ptisana
448 3141 660 3178 succus
679 3163 697 3192 ‚
740 3121 903 3194 cnjus
946 3120 1219 3195 frequens
1260 3131 1345 3176 cst
1385 3121 1665 3176 memoria
1694 3122 1755 3175 in

172 3211 605 3266 medicamentis
623 3209 783 3283 apud
798 3211 1233 3282 Hippocratem3
1252 3227 1306 3265 v,
1325 3208 1508 3264 Foesii
1534 3209 1753 3264 OEcon.

176 3301 455 3374 Hippocr.
482 3317 546 3374 p.
582 3295 724 3354 685.
754 3295 947 3355 Schol.
980 3296 1273 3371 Aristoph.
1304 3297 1473 3372 Vesp.
1513 3295 1629 3350 810
1663 3315 1675 3348 :
1710 3295 1757 3350 οἱ

172 3389 433 3452 νοσοῦντες
454 3383 623 3464 χυλὸν
657 3379 916 3454 πτισάνης
939 3385 1181 3461 ῥοφοῦσι.
1217 3407 1241 3432 ν
1270 3385 1321 3437 E
1348 3385 1434 3438 M.

907 3521 928 3556 1
947 3521 971 3558 1
984 3501 1039 3560 3.

250 3624 411 3680 Idem
439 3621 526 3677 ih.
564 3619 633 3673 81
676 3615 813 3672 ικαὶ
842 3613 1113 3685 παλάσια,
1154 3612 1189 3670 ἃ
1234 3613 1325 3672 καὶ
1367 3616 1470 3691 Κρ.
1506 3611 1759 3691 ἰσχάδα

172 3707 425 3778 κοπτὴν
484 3706 667 3762 καλεῖ·
720 3716 778 3760 et
827 3723 879 3774 1,
932 3709 1045 3771 242
1102 3723 1114 3757 :
1159 3701 1207 3758 οἱ
1269 3697 1323 3758 δὲ
1378 3699 1622 3778 κωμῳδοὶ
1671 3699 1762 3757 καὶ

172 3797 325 3874 {cy-d
343 3798 419 3852 δα
455 3791 715 3862 κοπτὴν
742 3790 989 3868 λέγουσι,
1018 3792 1119 3848 ubi
1150 3791 1267 3847 duo
1298 3791 1432 3848 libri
1454 3787 1677 3860 λεπτήν.

914 3914 1041 3973 1¹4·

250 4023 417 4080 Idem
446 4023 533 4080 ib.
575 4019 681 4076 161
732 4039 745 4050 ·
792 4015 1154 4094 ἡμίλουτοι
1190 4015 1244 4074 δὲ
1284 4018 1385 4095 Κρ.
1422 4013 1631 4094 εἴρηκε,
1675 4013 1765 4072 καὶ

174 4111 465 4176 Φιλύλλιος
490 4107 844 4185 ἡμίπλεκτον.

915 4217 1046 4274 ιι5.

250 4334 419 4390 Idem
464 4333 553 4389 ib.
604 4328 715 4385 163
752 4348 767 4382 ε
819 4323 1146 4404 πανήμερος,
1183 4323 1468 4403 πάννυχος·
1502 4327 1683 4382 τοῦτον
1710 4321 1767 4381 δὲ

172 4423 263 4476 καὶ
290 4441 335 4477 τε
352 4441 473 4477 ινε
490 4415 696 4496 ύφρον
714 4437 747 4470 α
804 4415 909 4491 Κρ.
936 4415 1106 4472 καλεῖ.
1141 4412 1453 4486 πανδοκεὺς,
1476 4413 1765 4470 πανδοκεύ-

174 4529 331 4584 τρια,
352 4507 487 4582 καὶ,
512 4509 587 4570 ὥς
622 4505 745 4582 Κρ.,
770 4500 1143 4580 παναγάθη.

918 4615 1047 4674 116.

252 4733 421 4789 Idem
456 4751 518 4803 ⁶5,
565 4729 643 4785 28
688 4749 701 4782 :
735 4725 1051 4805 ἐριοπῶλαι,
1082 4725 1415 4803 ἐριοπωλεῖν,
1456 4723 1570 4802 ἔρια
1612 4725 1767 4781 οἰσυ-

176 4815 327 4893 πηρὰ
362 4813 743 4896 Ἀριστοφάνης
784 4813 963 4890 (Ach.
1019 4832 1167 4890 1097
1186 4813 1232 4889 ),
1291 4811 1383 4890 m}
1420 4810 1609 4891 ἐρίων
1661 4833 1766 4868 πι-

922 4983 1045 5039 112.

182 5069 303 5126 lem
332 5073 479 5130 intra
494 5068 753 5136 domum,
780 5073 838 5123 et
858 5066 1085 5140 ptisanae
1106 5073 1239 5138 potu
1258 5075 1311 5123 te
1334 5067 1549 5123 remitte
1572 5083 1603 5124 a
1618 5065 1767 5122 dolo-

1832 494 2046 571 ναρῶν
2074 488 2281 549 πόκον
2323 492 2426 569 xp.
2471 494 2538 547 Et
2572 492 2652 549 ib.
2699 490 2764 549 31
2817 512 2828 546 :
2877 491 2964 549 καὶ
3009 491 3402 570 πολύμιτος,

1833 581 1903 643 ὡς
1933 580 2034 655 Κρ.
2067 575 2188 655 ἔφη.

2559 708 2580 744 1
2600 708 2620 743 1
2634 709 2684 761 7.

1915 802 2074 859 Idem
2117 803 2197 860 ib.
2244 802 2318 857 38
2360 822 2372 855 t
2406 804 2496 856 τοῦ
2527 798 2581 856 δὲ
2611 798 2858 857 κνάπτειν
2897 802 3101 877 ἡγεῖται
3134 802 3193 860 τὸ
3231 806 3405 875 πατῆ-

1835 910 1960 965 σαι,
1984 890 2054 955 ὡς
2085 890 2188 967 Κρ.
2217 888 2468 958 ὑποδηλοῖ
2489 884 2706 959 παίζων,

2029 1015 2120 1098 Τῇ
2161 1005 2411 1096 μάστιγι
2445 1001 2696 1093 κνάψειν
2721 1000 2782 1069 εὖ
2815 1003 3016 1095 μάλα,

1933 1110 2069 1205 πρὶν
2107 1113 2527 1203 συμπατῆσειν
2548 1136 2562 1149 ·

1834 1238 1996 1295 Libri
2030 1236 2274 1317 γνάψειν,
2313 1239 2474 1313 quod
2515 1239 2766 1295 correxit
2804 1237 3236 1313 Jungermanus.
3265 1243 3332 1299 V.
3370 1260 3404 1297 α

1836 1324 1958 1403 πρὶν
1987 1327 2274 1383 Bekkerus
2296 1346 2364 1383 ex
2400 1326 2574 1381 codd.
2601 1327 2746 1395 suis;
2775 1326 2946 1401 vulgo
2970 1320 3005 1393 ἢ
3029 1346 3106 1397 σ.,
3131 1326 3407 1387 Dobraeus

1837 1410 1928 1470 καὶ
1957 1435 2012 1471 σ.
2049 1438 2074 1464 α
2107 1414 2440 1487 Metaphora
2469 1414 2542 1469 ab
2581 1430 2756 1488 opere
2793 1412 3033 1469 fullonio
3071 1418 3252 1489 petita
3285 1429 3404 1487 est,

1838 1502 2000 1573 cujus
2027 1502 2172 1559 ordo
2201 1512 2350 1569 erat,
2385 1513 2450 1557 ut
2475 1512 2658 1557 vestes
2698 1500 2948 1576 primum
2975 1502 3219 1577 pedibus
3261 1522 3407 1559 con-

1838 1590 2222 1659 culcarentur,
2278 1601 2400 1647 tum
2456 1591 2804 1647 conculcatae
2861 1600 3228 1664 pecterentur
3280 1611 3293 1647 :
3346 1612 3404 1651 ν.

1838 1678 2166 1736 Schneider.
2193 1679 2268 1734 ad
2286 1680 2607 1755 Scriptores
2627 1680 2697 1735 R.
2725 1681 2795 1735 R.
2823 1680 2936 1738 vol.
2962 1684 3022 1752 4,
3048 1674 3104 1749 3,
3127 1700 3186 1755 p.
3215 1678 3345 1739 385.
3375 1704 3400 1731 n

2566 1885 2695 1944 118.

1921 1998 2084 2057 Idem
2111 2000 2190 2054 ib.
2228 1997 2304 2071 39
2333 2018 2346 2051 :
2371 1998 2424 2055 ἐν
2453 1986 2498 2074 ᾧ
2535 1994 2590 2054 δὲ
2623 1994 2916 2069 ἔξέπλυνον,
2945 1998 3006 2055 οὗ
3038 1996 3194 2073 μόνον
3235 1996 3410 2079 λίτρον

1841 2083 1933 2143 καὶ
1960 2084 2319 2163 χαλαστραῒον
2362 2082 2562 2163 λίτρον,
2611 2082 2750 2143 ἀλλὰ
2777 2084 2869 2142 καὶ
2913 2084 3110 2165 ῥύπος
3133 2129 3148 2156 ,
3191 2089 3262 2154 ὡς
3303 2089 3407 2165 Κρ.

1840 2169 2131 2248 ὠνόμασεν.
2166 2198 2192 2225 ι
2237 2174 2430 2230 Codex
2468 2170 2738 2253 χάρυπος,
2779 2193 2890 2250 pro
2932 2193 3050 2249 quo
3082 2186 3235 2232 recte
3273 2178 3413 2233 Jun-

1842 2281 2183 2337 germannus
2229 2258 2671 2341 χαλαίρυπος.
2717 2262 2962 2339 Hesych.
3005 2260 3346 2342 Χαλαίρυπος
3394 2284 3407 2319 z

1842 2354 1869 2407 ὁ
1899 2352 2002 2407 τῶν
2031 2348 2366 2426 πλυνομένων
2383 2345 2608 2425 ἱματίων
2637 2347 2812 2429 ῥύπος.
2849 2375 2871 2398 υ
2907 2352 2992 2409 Μ.

2491 2536 2498 2542 .
2567 2482 2699 2539 ¹¹9·

1924 2577 2086 2633 Idem
2112 2577 2196 2632 ib.
2232 2576 2303 2643 43
2338 2596 2350 2630 :
2387 2574 2512 2641 ἴσως
2542 2574 2596 2633 δὲ
2626 2574 2716 2634 καὶ
2741 2574 3032 2647 εὐσταλὴς,
3079 2574 3173 2635 καὶ
3212 2578 3240 2634 ὁ
3268 2575 3414 2656 παρὰ

1850 2666 1952 2741 Κρ.
1987 2661 2278 2733 εὖπινής·
2300 2660 2498 2727 τούτοις
2525 2658 2590 2719 ἃν
2611 2662 2885 2741 ἐνάριθμον
2907 2661 2988 2735 εἴη
3022 2662 3116 2721 καὶ
3145 2661 3205 2721 τὸ
3235 2664 3420 2721 εὐστα-

1843 2752 1948 2818 λῶς
1987 2750 2274 2831 ἐπίρρημα.
2318 2754 2622 2827 Pei-peram
2666 2752 2802 2808 libri
2857 2750 3116 2826 εὖπηνὴς,
3178 2750 3416 2823 εὐτελὴς,

1846 2859 2094 2915 quorum
2115 2842 2226 2897 hoc
2243 2859 2355 2897 una
2375 2860 2502 2896 cum
2521 2842 2886 2915 sequentibus
2899 2842 3058 2897 deest
3077 2844 3136 2897 in
3149 2844 3255 2900 Ms.
3273 2844 3305 2897 J
3309 2862 3419 2897 un-

1844 2933 2162 3005 germanni.
2202 2955 2226 2979 α
2263 2930 2422 2994 Πῒνος
2450 2941 2506 2986 et
2534 2927 2744 2998 εὗπινὴς
2768 2949 2884 2986 non
2915 2949 3048 2986 raro
3075 2931 3412 2988 munditiem

1844 3029 2015 3092 atque
2064 3019 2400 3094 elegantiam
2452 3029 2508 3073 et
2545 3019 2782 3093 proprie
2829 3030 2888 3074 et
2921 3017 3159 3094 figurate
3209 3019 3420 3094 signifi-

1846 3119 1968 3181 cat,
1998 3119 2107 3164 etc.
2143 3132 2166 3156 u
2205 3109 2289 3162 M.

2573 3238 2701 3276 120.

1931 3333 2090 3392 Idem
2114 3332 2196 3390 ib.
2235 3339 2344 3397 142
2379 3352 2392 3386 :
2426 3329 2518 3388 καὶ
2545 3328 2721 3410 στίχον
2753 3328 2808 3386 δὲ
2837 3327 3059 3410 δένδρων
3087 3329 3228 3408 λέγει
3251 3333 3420 3391 Ξενο-

1849 3421 1979 3500 φῶν,
2008 3418 2098 3477 καὶ
2122 3417 2434 3498 ἐπεργασίας
2465 3416 2524 3475 τὸ
2547 3417 2643 3487 τὴν
2675 3416 2920 3488 ἀλλήλων
2945 3418 3253 3496 ἐργάζεσθαι
3270 3465 3286 3491 ,
3315 3443 3418 3478 κα·

1849 3508 1881 3565 λ
1902 3505 2242 3584 αμώμενον
2273 3505 2326 3563 δὲ
2353 3509 2459 3585 Κρ.
2494 3504 2687 3584 εἴρηκε.

2574 3643 2704 3683 121.

1933 3737 2096 3792 Ibem
2139 3734 2222 3792 ib.
2279 3753 2388 3809 179
2417 3754 2430 3788 :
2483 3730 2922 3812 δακτυλιογλύφος
2949 3753 2962 3765 ·
3015 3733 3422 3813 δακτυλιουργὸν

1853 3813 2009 3881 αὐτὸν
2035 3819 2212 3899 εἴρηκε
2239 3819 2607 3899 Φερεκράτης·
2626 3818 2686 3878 τὸ
2712 3818 2768 3878 δὲ
2794 3818 3074 3902 γλύφειν
3121 3822 3226 3900 Κρ.

2578 3961 2707 4000 122.
2791 3962 2802 3970 ⁸

1935 4060 2094 4116 Idem
2125 4060 2184 4128 8,
2227 4058 2293 4114 31
2345 4077 2356 4112 :
2401 4055 2849 4134 ψευδομαρτυρίαι·
2905 4058 3007 4134 Κρ.
3046 4049 3098 4113 δὲ
3143 4054 3232 4112 καὶ
3271 4019 3350 4133 ψὶε
3366 4079 3424 4113 υ·-

1858 4147 2029 4222 δομα
2050 4168 2077 4224 ρ
2095 4145 2232 4223 τύρι
2249 4168 2313 4201 ον
2345 4143 2568 4222 εἴρηκεν.

2583 4258 2711 4315 123.

1939 4373 2100 4429 Idem
2136 4390 2228 4440 10,
2284 4369 2390 4438 143
2431 4369 2562 4427 :mi
2597 4367 2815 4442 παλτὰ,
2865 4368 2956 4428 καὶ
3003 4369 3290 4448 σαρίσσας,
3335 4369 3426 4427 καὶ

1857 4457 2125 4517 σαυνία.
2156 4457 2216 4516 τὸ
2238 4459 2254 4534 (
2273 4461 2310 4518 i.
2344 4478 2397 4517 e.
2432 4459 2609 4536 τοῦτο)
2633 4457 2728 4532 μὲν
2747 4456 2914 4533 ὄνομα
2941 4459 3026 4516 ἐπ’
3054 4457 3289 4538 ἀνδρείου
3316 4458 3428 4516 ἐστὶ

1857 4545 2004 4622 παρὰ
2047 4543 2326 4626 Κρατίνῳ,
2361 4543 2448 4602 ἐπὶ
2482 4543 2565 4621 (δὲ
2591 4546 2924 4602 addendum
2951 4548 3183 4604 fortasse
3219 4550 3428 4604 omisso

1858 4634 1982 4709 τοῦ)
2035 4638 2124 4690 τοῦ
2166 4632 2377 4712 δόρατος
2425 4633 2477 4689 ἐν
2514 4631 2870 4713 Φιλαδέλφοις
2913 4633 3237 4714 Μενάνδρου.
3281 4637 3431 4694 Male

1862 4724 2105 4798 Hesych.
2147 4719 2422 4795 Xoeuviovs.
2463 4718 2696 4778 ἀκόντιον
2741 4720 3094 4801 βαρὸαρικὸν,
3141 4721 3230 4781 καὶ
3281 4745 3356 4780 σα
3371 4747 3430 4780 υ-

1862 4809 2004 4874 νίον
2043 4808 2318 4890 σαθρὸν,
2339 4814 2556 4888 χαῦνον,
2584 4807 2791 4876 ἀσθενὲς
2808 4853 2830 4882 ,
2857 4808 3001 4890 παρὰ
3031 4813 3130 4890 Κρ.
3161 4813 3306 4869 Male
3329 4831 3429 4868 co-

3261 4931 3420 4940 o——-—---

2591 4983 2707 5032 117.
3065 5021 3070 5027 .

1863 5093 1932 5107 --
1962 5068 2098 5123 Fore
2119 5073 2184 5122 ut
2203 5081 2329 5122 eum
2361 5065 2576 5138 flagelio
2595 5075 2774 5139 peetat
2801 5066 2964 5139 probe
2981 5105 2998 5132 ‚

1566 5157 1585 5222 [
1598 5155 1769 5210 ribus,
1864 5135 2158 5225 dotequam
2183 5153 2484 5210 conculcet.
