3809 5850
474 430 615 519 'aso
892 504 915 523 .
1520 457 1788 515 Memfi-3
1836 454 2244 515 comoemAE
2287 452 2700 529 aemoniae.

598 589 833 671 ζέοντος
878 585 1131 667 ὕδατοςί
1172 592 1218 655 εἰ
1266 584 1305 655 ὃ

1312 596 1335 655 ὲ
1378 598 1499 681 μὴ,
1558 555 1851 682 μηδέποθ’
1909 582 2066 683 ὕδωρ

1862 699 2066 789 πίοιμι

504 802 543 871 5
596 804 941 896 ἐλευθέριον.

499 963 523 987 κ
565 935 697 991 Haec
735 932 965 990 dicebat
994 933 1197 989 ancilla
1226 933 1321 1001 τῆς
1352 928 1691 1008 ἀλειπτρίας,
1737 932 2068 989 adolescen-

501 1025 673 1091 tium,
709 1024 811 1097 qui
861 1020 1288 1078 comessabundi
1345 1018 1490 1075 fores
1532 1019 1834 1095 pulsabant
1884 1018 2070 1097 (velut

498 1113 707 1167 scorti:
754 1130 811 1168 ν.
842 1112 1043 1165 Horat.
1074 1108 1185 1166 Od.
1225 1128 1277 1178 1,
1312 1106 1405 1164 25.
1436 1107 1603 1164 Both.
1627 1106 1668 1181 )‚
1700 1108 2069 1181 petulantiam

500 1200 806 1272 castigans,
850 1208 1007 1252 metu
1048 1196 1311 1252 infamiae.
1360 1220 1385 1245 ιι
1424 1197 1475 1251 Ε
1512 1195 1858 1251 Casaubouo,
1913 1196 1981 1251 V.
2032 1212 2067 1248 α

501 1284 813 1361 καταπερδῶ
861 1284 992 1343 cod.
1038 1282 1103 1341 B.
1142 1307 1165 1333 α
1208 1279 1516 1357 Ἀρύταιναν
1560 1279 1765 1359 βάψαι,
1810 1286 2071 1335 Immersa

502 1376 674 1428 trulla
695 1392 903 1445 aquam
929 1372 1156 1427 ham-Ire
1170 1412 1186 1441 ,
1218 1371 1519 1426 illustravit
1543 1368 1779 1425 Casaub.
1800 1368 1871 1423 ad
1890 1368 2071 1423 Theo·

500 1461 633 1533 phr.
676 1461 844 1519 Char.
890 1478 949 1533 9,
996 1478 1059 1534 p.
1104 1456 1245 1528 225,
1282 1458 1481 1515 Valck.
1524 1456 1599 1511 ad
1642 1456 1877 1529 [lippol.
1933 1455 2066 1522 123,

506 1549 741 1621 Hesych.
766 1567 822 1605 v.
846 1544 1086 1606 Βάπταν.
1120 1550 1187 1603 V.
1216 1552 1247 1611 Ι.
1284 1541 1359 1619 μὴ
1393 1543 1615 1599 addidit
1641 1542 1877 1599 Casaub.
1910 1544 2064 1599 Eust.

502 1635 577 1690 ad
602 1636 803 1710 Odyss.
834 1654 893 1709 p.
928 1642 1079 1706 1747
1099 1675 1116 1703 ,
1150 1652 1219 1689 10
1260 1654 1275 1689 ε
1306 1632 1357 1689 ἔν
1377 1626 1555 1707 Ἀργει
1582 1626 1836 1705 Κυνάδρα
1865 1626 2032 1707 κρήνη
2051 1672 2069 1700 ,

502 1718 554 1787 ἔξ
582 1712 643 1791 ἧς
682 1720 855 1779 ἔπινον
892 1722 941 1779 οἳ
976 1718 1412 1797 ἔλευθεροῦμινοι.
1452 1716 1569 1775 ὅθεν
1616 1714 1677 1773 τὸ
1722 1716 1775 1772 ἐν
1824 1714 2072 1795 Κυνοίδρᾳ

504 1807 788 1887 ἐλευθέριον
828 1806 967 1887 ὕδωρ
1008 1808 1373 1885 παροιμιακῶς
1403 1803 1489 1862 ἐπὶ
1517 1808 1608 1875 τῆς
1635 1802 1753 1861 κατ’
1780 1802 2071 1881 ἐλευθερίαν

502 1896 637 1964 ζωῆς
678 1895 961 1973 (similiter
983 1894 1228 1968 Hesych.
1263 1914 1318 1953 V.
1349 1890 1657 1971 Ἐλεύθερον
1700 1888 1893 1969 ὕδωρ).
1925 1892 2074 1947 Male

2116 1795 2128 1826 l

2305 608 2386 684 εἰς
2412 612 2522 682 τὴν
2556 604 2865 672 θάλατταν
2897 604 2999 668 καὶ
3027 610 3261 679 πλυνεῖς
3281 655 3296 683 ,
3321 608 3391 693 μὴ
3425 602 3540 694 φῶσί
3561 631 3614 681 σε,

2310 710 2543 803 Δωριὰς
2559 763 2578 790 ,
2605 702 2852 787 ἑλώδεις
2881 707 3097 784 σηπίας
3127 708 3439 799 εἰληφέναις
3457 748 3525 757 -

2210 814 2249 882 5
2303 818 2424 885 Τὸν
2462 811 2721 907 κοίραὸον
2763 806 2834 880 δὲ
2867 805 3042 880 τόνδε
3076 818 3220 905 πρὸς
3244 812 3348 891 τὰς
3381 806 3586 905 μαινίδας

2303 913 2550 997 ἀπόδος.
2568 920 2782 1012 Παχύς
2808 945 2876 1012 γε
2891 970 2908 1003 ,
2931 924 2998 993 νὴ
3017 914 3160 985 Aia!
3179 930 3406 999 -Ζεῧ,
3423 920 3498 995 τίς
3511 943 3620 993 ποτε,

2305 1025 2354 1093 ὦ
2387 1020 2832 1118 Καλλιμέδων,
2863 1032 2920 1092 σ’
2956 1017 3203 1091 ezoius&
3236 1021 3289 1117 γ’
3311 1021 3434 1117 ἄρτι
3457 1032 3546 1090 τῶν
3563 1026 3620 1111 ρί-

3512 1138 3618 1206 hm

2305 1232 2496 1317 οὐδεὶς
2524 1236 2590 1317 ὃς
2613 1234 2684 1305 ἂν
2709 1244 2792 1329 μὴ
2819 1239 3114 1333 κατατιθῇ
3141 1237 3250 1315 τὰς
3273 1233 3548 1329 συμβολάς.
3565 1272 3622 1282 -·
3663 1260 3665 1293 :

2305 1340 2472 1436 Ῠμόἰς
2504 1340 2563 1411 δ’
2599 1338 2786 1421 ἔταξα
2823 1336 2996 1437 δεῦρο
3027 1346 3170 1437 πρὸς
3199 1342 3280 1410 τὰ
3305 1338 3456 1423 δεξιὰ

2177 1472 2258 1517 ῐο
2307 1451 2584 1543 τρίγλας,
2621 1443 2849 1541 ἔδεσμα
2881 1460 2992 1516 τοῦ
3027 1456 3220 1516 καλοῦ
3247 1440 3622 1517 Καλλισθένωςῗ

2304 1554 2598 1621 κατεσθίει
2623 1563 2760 1647 γοῦν
2793 1555 2893 1619 ἐπὶ
2927 1558 3040 1645 μιᾷ
3069 1558 3182 1627 τήν
3211 1552 3421 1619 οὐσίαν.
3465 1589 3534 1599 —-

2311 1660 2438 1727 Καὶ
2474 1663 2575 1725 τὸν
2613 1662 2882 1737 Σινώπης
2920 1661 3194 1753 γόγγρον,
3233 1652 3347 1732 ἤδη
3388 1658 3626 1747 παχυτέρα

2307 1768 2507 1857 ἔχοντ’
2539 1764 2795 1841 ἀκάνθας
2814 1815 2834 1848 ,
2883 1765 3124 1831 τουτονὶ
3148 1764 3243 1841 τίς
3273 1760 3502 1849 λήψεται

2312 1880 2548 1962 πρῶτος
2575 1871 2952 1962 προσελθών;
2989 1871 3300 1962 Μισγόλας
3331 1866 3432 1961 γὰρ
3453 1872 3504 1931 οὐ
3529 1866 3628 1929 πάνυ

501 1984 626 2039 Cas.
660 2002 725 2038 ex
745 1984 833 2039 his
854 1984 1042 2040 verbis
1068 1981 1318 2056 colligit,
1339 2000 1567 2037 scenam
1595 1980 1863 2036 dramatis
1892 1983 2076 2055 Argos
2175 1972 2254 2046 15
2307 1978 2536 2045 τούτων
2563 1968 2848 2059 ἐδεστῆς,
2879 1974 3042 2043 ἀλλὰ
3059 2024 3078 2059 ,
3125 1976 3353 2067 κίθαρον
3375 1972 3538 2039 οὑτοσὶ

504 2073 825 2127 translatam
848 2071 1013 2127 fuisse
1040 2090 1075 2127 a
1096 2082 1271 2147 poeta
1290 2088 1308 2145 ;
1328 2088 1435 2125 nec
1452 2068 1701 2125 dubitari
1722 2062 1916 2142 po‘test
1935 2069 2073 2141 quin

504 2158 577 2219 ἐλ.
609 2155 747 2238 ὕδωρ
774 2156 942 2216 πίνειν
963 2178 1085 2215 non
1108 2160 1293 2214 minus
1324 2159 1558 2214 Athenis
1570 2174 1743 2231 quam
1766 2158 1931 2230 Argis
1955 2158 2074 2211 usi-

504 2259 682 2303 tatum
708 2246 937 2305 dicendi
958 2264 1135 2321 genus
1168 2246 1341 2301 fuerit
1371 2245 1445 2301 de
1465 2246 1639 2301 servis
1666 2246 1727 2299 in
1753 2244 2073 2299 libertatem

502 2336 820 2395 vindicatis.
852 2360 877 2386 ο
915 2338 967 2391 E
992 2336 1081 2392 M.
1114 2336 1332 2391 Vereor
1379 2352 1453 2388 ne
1511 2332 1669 2407 apud
1720 2331 2073 2387 Eustathium

503 2425 608 2478 isto
636 2425 767 2477 loco
799 2423 977 2478 verba
1004 2422 1057 2477 ἐν
1091 2420 1339 2501 Κυνάδρᾳ
1364 2440 1397 2477 e
1424 2420 1604 2497 glossa
1636 2420 1988 2496 irrepserint.

584 2509 811 2579 Pollux,
862 2529 922 2579 7,
983 2527 1049 2578 17
1104 2530 1117 2564 z
1150 2506 1480 2585 Ἀλείπτριαν
1533 2504 1800 2583 εἰρήκασιν
1835 2506 1881 2562 οἳ
1921 2502 2072 2579 μέσοι

504 2592 725 2669 κωμικοὶ
732 2636 849 2654 .....
872 2592 1125 2673 Ἄμφιδος
1156 2592 1210 2651 δὲ
1242 2592 1332 2651 καὶ
1370 2592 1549 2672 δρᾶμοῖ
1582 2594 1719 2650 ἔστιν
1750 2590 2070 2671 Ἀλείπτρια.

504 2708 527 2731 a
560 2680 676 2738 Pro
709 2682 993 2757 Amphide
1020 2682 1271 2739 Alexidis
1297 2701 1509 2737 nomen
1533 2680 1945 2737 restituendum
1969 2701 2074 2755 pu-

506 2781 712 2841 tarem,
740 2770 845 2825 nisi
874 2768 1046 2825 etiam
1084 2770 1144 2823 in
1182 2768 1303 2823 aliis
1334 2768 1651 2825 fabularum
1686 2766 1869 2824 titulis
1900 2770 2075 2823 mirus

504 2868 645 2914 esset
676 2856 973 2934 Amphidis
999 2868 1057 2913 et
1082 2856 1333 2913 Alexidis
1358 2874 1679 2912 consensus.
1714 2880 1738 2903 n
1772 2856 1951 2913 Mein.

966 3001 1043 3062 X.
1086 3001 1614 3062 AAlErouENfl.

1268 3132 1293 3168 1

589 3221 789 3280 Athen.
833 3220 891 3295 8,
946 3238 1005 3293 p.
1062 3217 1210 3289 338,
1266 3221 1311 3274 E
1351 3239 1368 3275 ε
1400 3216 1537 3276 Ἀντ.
1572 3217 1618 3274 δ’
1652 3218 1703 3274 ἐν
1742 3214 2074 3293 Ἁλιευομένῃ

506 3305 849 3386 φιληδοῦντάς
883 3329 1025 3372 τινας
1061 3305 1368 3382 καταλέγων
1398 3304 1572 3386 ἰχθύσι
1605 3303 1733 3384 φησὶ
1778 3331 1803 3356 σι
1844 3303 1959 3370 Τὰς
1983 3327 2073 3375 ση-

504 3393 627 3460 πίας
648 3393 734 3460 δὸς
754 3395 982 3471 πρῶτον,
1005 3406 1114 3452 etc.
1142 3419 1167 3446 α
1196 3397 1468 3452 Piscatrix
1487 3396 1731 3464 ancillae,
1755 3395 1848 3451 cui
1866 3413 2078 3450 nomen

504 3485 744 3554 Dorias,
784 3485 967 3558 pisces
1016 3485 1079 3538 in
1118 3483 1247 3538 foro
1292 3483 1622 3540 vendendos
1650 3483 1841 3540 tradit.
1872 3483 2078 3552 Totam

506 3589 608 3644 per
632 3573 891 3645 eclogam
916 3581 1091 3645 poeta
1118 3571 1395 3627 similibus
1414 3572 1655 3646 piscium
1675 3583 1845 3644 atque
1872 3571 2076 3624 homi-

506 3677 664 3728 nnm,
689 3661 997 3731 praesertim
1026 3669 1344 3714 amatorum
1372 3671 1430 3715 et
1462 3662 1856 3732 meretricum,
1893 3660 2077 3714 nomi·

508 3747 673 3801 nibus
700 3748 988 3820 ingeniose
1019 3746 1181 3802 ludit.
1210 3771 1237 3796 n
1268 3749 1319 3802 E
1344 3749 1432 3804 M.
1458 3749 1552 3803 Sic
1580 3748 1755 3821 igitur
1772 3751 1904 3802 Ant.
1943 3767 1953 3800 :

649 3855 775 3933 Τὰς
806 3857 1025 3934 σηπίας
1062 3849 1166 3934 δὸς
1203 3870 1461 3950 πρῶτον.
1500 3851 1795 3947 Ἡράκλεις
1836 3855 2017 3940 ἅναξ,

651 3961 890 4026 ἅπαντα
931 3957 1366 4028 τεθολώκασινί
1409 3967 1473 4028 οὗ
1514 3967 1717 4046 βαλεῖς
1750 3963 1931 4028 πάλιν

578 4139 817 4196 fervente
840 4143 1013 4211 aqua!
1037 4139 1187 4212 quod
1206 4141 1309 4196 nisi
1326 4140 1487 4208 facio,
1508 4156 1789 4213 nunquam
1815 4141 2044 4199 biberim

510 4231 542 4280 5
579 4225 803 4282 liberam
834 4241 1053 4298 aquam.

1086 4313 1498 4369 PISCATRlX.

1269 4407 1318 4455 1.

616 4485 799 4557 Sepias
824 4483 895 4540 da
919 4485 1179 4557 primum.
1212 4486 1475 4543 Hercules
1500 4485 1683 4556 herm,

616 4572 801 4629 omnia
830 4571 1165 4630 lutularunt!
1200 4590 1387 4631 nonne
1400 4575 1568 4648 jacies
1591 4591 1779 4632 rursus

617 4660 673 4714 in
702 4675 853 4716 mare
878 4667 935 4715 et
960 4659 1178 4726 ablues,
1214 4676 1283 4716 ne
1316 4669 1370 4717 te
1394 4661 1615 4728 dicant,

616 4745 835 4806 Dorias,
866 4743 1155 4818 paludosas
1173 4748 1345 4820 sepias
1368 4749 1703 4820 sumpsisse?
1726 4779 1789 4789 —

541 4839 573 4888 5
612 4835 907 4889 Locustam
930 4847 1057 4889 vero
1082 4833 1238 4890 istam
1258 4836 1323 4891 ad
1357 4835 1615 4892 maenides
1882 4834 2076 4902 [forte‚

2119 4554 2126 4624 l

2311 2082 2376 2149 ὃν
2421 2078 2495 2146 ἄν
2529 2078 2588 2175 γ’
2619 2078 2724 2172 ἴδῃ
2747 2130 2766 2164 ,
2807 2079 2918 2157 τὰς
2945 2088 3148 2173 χεῖρας
3175 2086 3282 2147 οὐκ
3310 2074 3562 2169 ἀφέξεται·

2311 2186 2415 2252 καὶ
2441 2191 2556 2277 μὴν
2581 2186 2818 2262 ἀληθῶς
2833 2188 2972 2263 τοὺς
3001 2178 3376 2279 κιθαρῳδοὺς,
3393 2175 3628 2269 ‹350513353

3669 1997 3671 2075 l

2309 2292 2530 2359 ἅπασιν
2558 2290 2728 2368 οὗτός
2764 2294 2892 2357 ἐστι
2920 2296 3224 2385 πεφυκὼς,
3269 2288 3524 2357 λανθάνει.
3551 2320 3608 2331 ’-
3672 2303 3673 2341 1

2313 2390 2557 2488 Ᾰνδρῶν
2593 2387 2652 2465 δ’
2697 2390 2939 2487 ἄριστον
2967 2390 3192 2463 κωὲιὸν
3227 2386 3472 2467 πηδῶντ’
3505 2390 3572 2453 ἔτι

2167 2525 2259 2573 20
2312 2504 2458 2595 πρὸς
2485 2502 2833 2574 Πυθιονίκην
2863 2506 2972 2577 τὴν
3016 2507 3212 2577 καλὴν
3246 2497 3458 2591 πέμψαι
3483 2486 3632 2585 peiti-

2311 2600 2491 2701 ἁδρὸς
2517 2609 2854 2703 γάρέστιν·
2888 2600 3035 2673 ἀλλ’
3069 2612 3236 2698 ὁμῶς
3265 2610 3330 2673 οὐ
3349 2604 3600 2696 γεύσεται,
3674 2609 3675 2615 ’

2312 2715 2416 2781 ἐπὶ
2447 2716 2520 2780 τὸ
2557 2714 2804 2806 τάριχος
2837 2706 2896 2779 δ’
2929 2712 3091 2779 ἐστὶν
3123 2707 3398 2804 ὡρμηκυῖ
3417 2730 3554 2795 neap.
3581 2734 3636 2745 -

2313 2816 2512 2912 Ᾱφόας
2540 2812 2610 2886 δὲ
2633 2816 2865 2896 λεπτὰς
2892 2812 3082 2885 ταῖσδε
3116 2819 3224 2885 καὶ
3251 2822 3354 2891 τὴν
3381 2810 3578 2903 τρυγόνα

2311 2925 2490 3020 χωρὶς
2524 2933 2746 2993 Θεανοῖ
2773 2916 2927 3018 δεῦρ’
2969 2925 3133 2998 ἔθηκ’
3170 2920 3527 3016 ἀντιρρόπως.

2165 3103 2342 3156 Versu
2382 3119 2405 3155 1
2440 3100 2574 3155 libri
2605 3100 2696 3168 τῆς
2729 3097 3005 3169 σηπιάδος.
3030 3101 3213 3156 Recte
3247 3083 3640 3156 ΟεεευῢΊᾶεἿ·

2166 3185 2290 3251 πίας
2313 3183 2396 3251 δὸς
2431 3187 2638 3263 πρῶτον
2654 3227 2671 3261 ‚
2697 3187 2902 3262 Sepias
2936 3189 3124 3242 vende
3153 3193 3388 3262 primum
3404 3225 3418 3250 ,
3451 3189 3638 3264 tanqu³¹f¹

2165 3275 2516 3349 praecipuum
2539 3291 2716 3348 genus
2749 3275 2992 3348 piscium
3011 3315 3028 3343 ,
3071 3293 3226 3348 quos
3253 3277 3310 3330 in
3341 3271 3500 3327 sorum
3529 3261 3642 3316 minut

2165 3362 2391 3416 mulier.
2428 3385 2452 3412 α
2483 3361 2650 3435 Sepia
2679 3360 2834 3416 haud
2863 3359 3196 3433 infrequens
3227 3361 3330 3416 fuit
3347 3347 3522 3413 nomen
3541 3363 3640 3404 scor·

2167 3461 2360 3505 torum
2384 3469 2398 3505 ε
2421 3469 2478 3504 v.
2499 3460 2697 3505 annot.
2721 3449 2793 3506 ad
2810 3449 3087 3523 Archippi
3113 3444 3334 3526 Ἰχθύας,
3359 3446 3416 3500 fr.
3443 3461 3489 3498 α.
3504 3465 3523 3488 1·
3543 3437 3578 3489 Ε
3593 3431 3642 3484 Μ·

2169 3536 2290 3607 Δὸς,
2313 3541 2422 3606 da,
2459 3541 2580 3598 scil.
2609 3540 2828 3612 pretio,
2853 3541 2894 3597 i.
2927 3557 2980 3593 e.
3011 3539 3232 3613 vende,
3259 3523 3642 3611 quemadmodum

2168 3623 2458 3700 λαμὸοίνειν
2523 3627 2734 3682 dicitur
2783 3626 3074 3682 interdum
3134 3643 3341 3694 emere,
3392 3622 3518 3676 velut
3559 3623 3644 3666 1n⁰¹

2169 3733 2334 3770 versu
2370 3716 2438 3772 13
2457 3753 2474 3784 ‚
2505 3725 2564 3771 et
2597 3717 2658 3769 in
2689 3709 3075 3792 Ἁρπαζομένῃ.
3107 3713 3466 3789 Frequentius
3497 3691 3642 3775 signifi·

2171 3805 2395 3858 catione
2439 3803 2724 3858 vendendi
2777 3799 3077 3858 ἀποδιδόναι
3142 3803 3296 3878 apud
3341 3791 3640 3856 Herodotum·

2172 3891 2610 3966 Xenophontem
2631 3933 2648 3962 ‚
2705 3891 3179 3964 Aristophanem,
3239 3892 3482 3961 aliosque.
3536 3879 3583 3930 V·
3626 3877 3639 3928 Ἰ

2169 3979 2301 4038 cod.
2325 3983 2466 4037 Ven.
2493 3978 2611 4036 ἀλλ’
2640 3977 2748 4056 οὔε,
2779 3981 2874 4035 alii
2891 3981 3026 4035 libri
3046 3978 3170 4036 ἀλλ’
3191 3975 3322 4050 οῦδὲ,
3341 3980 3394 4032 in
3413 3989 3508 4046 quo
3525 3980 3644 4036 ²3¹¹&

2281 4157 2516 4215 quarum
2541 4145 2708 4199 unius
2726 4157 2892 4200 causa
2915 4159 3034 4198 rem
3059 4141 3374 4199 familiarem
3392 4133 3586 4191 devorat.
3608 4148 3644 4158 -

2279 4229 2506 4300 Sinopes
2529 4243 2742 4302 quoque
2767 4245 3036 4301 congrum
3057 4229 3228 4296 hune,
3245 4229 3356 4300 jam
3379 4217 3586 4279 crassiore

2279 4315 2462 4387 spina,
2488 4311 2610 4388 quis
2633 4323 2811 4372 sumet

2279 4401 2490 4472 primus
2517 4399 2846 4458 adveniens?
2875 4401 3136 4475 Misgolas
3159 4403 3301 4458 enim
3327 4397 3414 4454 hos
3431 4387 3604 4448 minime

2180 4493 2242 4542 15
2279 4487 2477 4559 tangit,
2501 4485 2598 4544 sed
2621 4487 2894 4544 citharam
2922 4487 3016 4544 ille

2275 4575 2322 4630 si
2344 4589 2506 4644 quem
2529 4572 2750 4640 viderit,
2771 4590 2884 4630 non
2903 4573 3209 4640 ,abstinebit
3229 4583 3433 4630 mamm

2275 4671 2328 4716 et
2354 4677 2484 4717 sane
2507 4661 2837 4718 citliaroedos
2867 4661 3016 4728 latet,
3045 4677 3207 4734 quam
3235 4662 3318 4717 bic
3337 4659 3402 4712 ita

2275 4757 2616 4820 comparatus
2641 4749 2711 4804 sit
2731 4757 2951 4812 natura,
2975 4759 3040 4806 ut
3057 4749 3308 4806 omnibus
3328 4739 3570 4810 congrunt·
3585 4753 3636 4766 ’-

2277 4841 2444 4893 Porro
2456 4837 2690 4892 virorum
2707 4837 2972 4910 optimum
2987 4836 3230 4908 gobium‚
3241 4833 3492 4890 salientem
3499 4815 3650 4875 adhu‘·

612 4934 827 4992 sepone.
843 4921 1037 4978 Crassa
1057 4929 1159 4988 est,
1184 4937 1279 4995 per
1300 4925 1495 4979 Iovem
1513 4927 1525 4978 !
1541 4955 1612 4965 —
1626 4926 1674 4979 0
1695 4923 1931 4996 Jupiter,
1955 4925 2076 4994 quis
2171 4931 2238 4978 20
2277 4921 2610 4996 Pythionicae
2638 4923 2880 4996 pulchrae
2909 4923 3124 4980 mittere
3145 4939 3232 4980 me
3253 4921 3474 4991 oportet:

613 5006 974 5076 Callimedon,
998 5016 1053 5063 te
1077 5008 1315 5065 comedit
1336 5009 1499 5066 modo
1518 5012 1819 5067 amicorum
1842 5015 1863 5066 Ρ

615 5111 779 5152 nemo
798 5137 811 5162 ‚
834 5097 927 5168 qui
954 5111 1061 5151 non
1084 5095 1178 5152 det
1198 5097 1497 5169 symbolas.
1528 5127 1599 5140 --

618 5187 725 5238 Vos
752 5183 941 5256 triglas
963 5183 1059 5240 liic
1086 5185 1351 5240 collocavi
1376 5185 1444 5242 ad
1476 5187 1721 5242 dextram
1740 5229 1755 5252 ,

517 5281 579 5326 ιυ
618 5271 799 5327 cibum
828 5273 1041 5330 venusti
1066 5271 1413 5329 Callisthenis
1432 5313 1445 5338 ,

2277 5009 2534 5066 robustus
2545 5012 2688 5066 enim
2704 5019 2783 5066 est
2799 5031 2812 5064 :
2835 5027 3144 5084 quanquam
3161 5025 3264 5065 non
3277 4997 3484 5078 gustabit
3495 4997 3649 5048 tamen.

2277 5113 2402 5169 qum
2432 5097 2487 5151 in
2517 5097 2836 5154 salsamenta
2859 5099 3137 5172 extemplo·
3152 5094 3370 5153 irruerit.
3389 5117 3442 5129 -

2277 5189 2461 5255 Apuas
2487 5183 2648 5239 hasce
2673 5193 2884 5240 teneras
2907 5193 2962 5240 et
2991 5193 3268 5258 trygonem
3353 5251 3364 5261 ·

2277 5271 2559 5326 'l‘beanoni
2587 5271 2675 5327 bic
2701 5275 2916 5345 seposui
2933 5313 2947 5340 ,
2976 5272 3104 5330 buie
3123 5267 3428 5343 arquilibres.
