3809 5850
1480 297 2064 358 ANONYMORUM.

3279 309 3389 356 753

146 430 247 502 τὴν
282 455 339 490 κ.
373 428 712 498 ξανθίζεσθαι.
744 427 967 488 Ibidem
1014 435 1084 499 [07
1123 449 1136 483 ε
1174 431 1207 498 ἡ
1244 423 1299 484 δὲ
1338 425 1427 485 νέα
1472 427 1725 507 κωμῳδία
1818 426 1903 486 διὰ
1923 425 2223 506 καθάρσεως
2251 427 2340 485 καὶ
2365 425 2602 496 ἕξινῶσαι
2633 424 2876 505 λέγουσι,
2899 424 2988 484 καὶ
3011 425 3392 502 ἐξινωμένον

148 521 243 578 καὶ
287 537 601 598 προσωπο
618 515 815 576 ποιὸν
844 514 1070 594 εἴρηκεν,
1098 513 1157 574 ὃν
1185 520 1220 586 ἡ
1255 514 1455 594 ἀρχαία
1505 537 1723 573 σκευο-

148 608 367 668 ποιόν.
420 609 583 665 idem
627 627 685 678 7,
732 605 840 680 189
888 623 903 663 τ
958 601 1079 670 τοὺς
1120 603 1174 661 δὲ
1219 601 1601 680 μηχανοποιοὺς
1638 602 1727 662 καὶ

150 693 601 767 σκηνοποιοὺς
626 697 661 764 ἡ
688 692 895 752 παλαιὰ
923 691 1177 772 κωμῳδία
1210 690 1469 766 ὠνόμαζε.

880 804 1013 864 313.

234 935 462 1003 Pollux,
494 951 549 1003 2,
574 930 649 987 28
672 948 687 989 2
707 929 800 995 τὰς
823 925 879 987 δὲ
900 925 1359 1004 συνεστραμμένας
1384 924 1565 1004 τρίχας
1595 924 1729 1000 μετὰ

152 1021 323 1102 ῥύπου
349 1017 464 1078 στό
480 1042 508 1098 ρ
524 1021 637 1097 θυγ
652 1040 685 1095 γ
703 1040 773 1085 ας
800 1019 835 1087 ἦ
864 1015 1119 1096 κωμῳδία
1142 1016 1311 1074 καλεῖ.
1335 1016 1506 1092 Apud
1546 1017 1729 1090 Hesy-

152 1113 351 1166 chium
378 1105 698 1188 σπόρθυγγες
724 1107 928 1163 vitiose
946 1107 1223 1182 scriptum
1253 1117 1441 1162 censet
1456 1105 1630 1163 Mein.

877 1216 1014 1283 314.

238 1340 323 1396 Ib.
352 1349 425 1407 42
466 1358 483 1397 t
523 1338 613 1395 καὶ
658 1335 901 1415 ποτίκρ
918 1358 990 1393 αν
1006 1357 1071 1393 ον
1116 1335 1176 1393 τὸ
1218 1333 1636 1413 προσκεφάλαιον
1682 1335 1732 1392 οἱ

148 1427 383 1504 κωμικοί
412 1427 575 1502 (cod.
598 1425 791 1484 Falck.
826 1424 1097 1502 ποιηταί).
1128 1425 1407 1500 Idemque
1427 1426 1490 1499 6,
1522 1445 1559 1501 9
1592 1444 1607 1480 t
1642 1421 1731 1482 καὶ

149 1514 484 1596 ποτίκραν
497 1537 562 1573 ον
590 1515 639 1572 οἱ
661 1512 887 1590 κωμικοὶ
911 1513 969 1571 τὸ
992 1513 1433 1593 προσκεφάλαιον,
1460 1511 1497 1583 ἢ
1520 1511 1579 1571 τὸ
1605 1515 1733 1585 ὑπη-

152 1605 351 1682 ρέσιον.
374 1637 455 1650 —
473 1605 657 1675 Idem,
685 1624 739 1674 2,
767 1603 835 1660 51
875 1623 891 1662 :
916 1601 1252 1683 διάστροφος,
1281 1599 1531 1682 στρεὸλός
1548 1624 1560 1637 ·
1580 1605 1609 1660 ὁ
1630 1599 1731 1678 γὰρ

152 1691 383 1772 στραὸὸς
408 1689 687 1752 ἰδιωτικόν.
710 1689 801 1748 καὶ
829 1693 876 1748 οἳ
920 1712 993 1748 στ
1010 1689 1087 1769 ρά
1104 1689 1305 1756 6ωνες
1333 1691 1387 1746 ἔν
1416 1694 1479 1770 τῇ
1504 1689 1595 1768 νέᾳ
1614 1713 1731 1747 κω-

152 1780 357 1858 μῳδία.
388 1811 469 1824 —
488 1780 637 1840 Ibid.
667 1777 740 1835 52
772 1799 783 1833 :
812 1776 1176 1836 ἶλλώπτειν
1208 1780 1260 1835 ἐν
1287 1781 1354 1856 τῇ
1385 1777 1638 1858 κωμῳδίᾳ
1673 1776 1733 1834 τὸ

136 1865 535 1945 *tapam-‘sitem

881 1963 1015 2022 315.

237 2077 420 2147 Idem,
452 2096 511 2144 2,
550 2093 627 2150 90
656 2093 669 2131 ε
726 2069 786 2129 τὸ
816 2069 871 2130 δὲ
903 2072 1145 2151 συνάγειν
1174 2070 1239 2130 τὰ
1266 2071 1422 2152 χείλη
1471 2095 1581 2150 μοι
1592 2073 1735 2149 μύλ-

150 2165 296 2220 λειν
344 2166 379 2232 ἡ
427 2159 679 2240 κωμῳδία
722 2159 812 2221 καὶ
850 2163 1219 2237 μοιμυλλᾶν
1260 2183 1406 2241 φησι.
1450 2193 1531 2206 -
1574 2165 1725 2222 Ibid.

148 2273 231 2328 97
272 2272 286 2306 ;
322 2251 469 2329 παρὰ
498 2249 797 2328 Ξενοφῶντι
835 2250 925 2308 καὶ
972 2249 1271 2330 ἀναχαίνειν
1300 2249 1390 2306 καὶ
1438 2253 1565 2332 παρ’
1598 2249 1733 2332 Ἀρι-

150 2337 425 2418 στοφάνει.
470 2340 531 2396 ἐκ
558 2334 743 2396 τούτου
772 2335 827 2395 δὲ
866 2337 957 2397 καὶ
1002 2341 1029 2396 ὁ
1056 2336 1361 2414 κατάγελως
1388 2339 1733 2419 καταχήνη

148 2425 365 2506 εἴρηται
388 2425 533 2504 παρὰ
564 2434 669 2493 τοῖς
699 2426 949 2503 κωμικοῖς
983 2424 1073 2485 καὶ
1096 2425 1295 2504 χάνος
1321 2425 1377 2484 δὲ
1406 2429 1535 2506 παρ’
1562 2431 1734 2495 αὐτοῖς

148 2515 215 2573 τὸ
245 2513 443 2589 στόμα.

90 2603 97 2608 ’
887 2612 1019 2670 316.

240 2727 421 2802 Idem,
444 2746 503 2796 2,
544 2734 651 2794 140
672 2743 687 2784 :
716 2723 1032 2804 ὠλέκρανον,
1059 2725 1149 2804 ἀφ’
1178 2717 1237 2784 οὗ
1259 2721 1423 2785 καὶτὸ
1447 2729 1491 2788 ὦ
1508 2727 1574 2784 λε
1590 2749 1734 2803 κρα·

150 2815 303 2882 νίζε
328 2837 345 2870 ι
365 2838 391 2870 ν
420 2811 565 2894 παρὰ
593 2821 699 2880 τοῖς
726 2813 998 2885 κωμικοῖς.
1042 2839 1065 2864 ει
1100 2817 1333 2872 Rectius
1354 2817 1467 2874 hoc
1497 2817 1733 2873 verbum

154 2905 437 2961 scribitur
462 2901 828 2982 ὀλεκρανίζειν.
864 2906 911 2959 Ε
951 2906 1174 2961 comico
1216 2917 1389 2981 poeta
1426 2909 1738 2983 exsignavit

154 2994 515 3067 Phrynichus
546 2992 719 3050 nen.
752 3012 811 3069 p.
837 2991 933 3062 56,
964 3011 1060 3068 17,
1092 2989 1643 3073 Ὀλεκρανίζισθσ
1667 3020 1683 3051 ι
1716 3018 1727 3028 ·

152 3084 217 3139 τὸ
245 3085 355 3148 τοῖς
382 3081 681 3159 ὀλεκράνοις
710 3080 981 3141 παίεσθαι.
1022 3108 1045 3132 υ
1082 3084 1264 3141 Mein.
1294 3113 1376 3126 —
1409 3084 1555 3141 Ibid.
1586 3104 1693 3154 ¹70
1718 3102 1732 3142 ε

154 3167 254 3225 καὶ
280 3170 317 3237 ἠ
335 3190 405 3245 τρ
423 3192 438 3225 ι
455 3178 567 3227 αῖα
594 3168 805 3247 τεμάχη
836 3170 884 3225 οἱ
912 3168 1161 3247 κωμῳδοὶ
1188 3165 1445 3245 λε’γόυσιν.
1470 3200 1551 3213 -
1586 3170 1734 3225 Ibid.

162 3258 279 3329 176
316 3278 328 3312 :
361 3256 422 3314 τὸ
456 3254 511 3314 δὲ
540 3257 845 3315 ἀνασπάσαι
867 3254 927 3313 τὸ
956 3257 1149 3314 αἰδοῖον
1184 3254 1331 3333 παρὰ
1361 3263 1465 3323 τοῖς
1502 3254 1738 3335 ἀρχαίοις

154 3349 417 3417 κωμικοῖς
441 3346 513 3399 ἀν
532 3345 822 3420 αστῦψαι
856 3345 1119 3404 καλεῖται.
1142 3377 1225 3388 -
1244 3345 1395 3401 Ibid.
1427 3345 1539 3401 232
1571 3364 1586 3404 :
1609 3350 1643 3415 ἡ
1681 3343 1735 3402 δὲ

156 3429 255 3487 νέα
307 3429 559 3509 κωμῳδία
614 3431 707 3489 καὶ
752 3430 1131 3501 ὀστοθήκην
1193 3432 1281 3489 καὶ
1328 3430 1737 3499 όστοκόπους

150 3520 169 3599 (
188 3520 373 3577 Bekk.
400 3518 711 3595 ὀστοκόπον)
741 3518 901 3595 λέγει.

882 3632 1017 3701 317.

238 3742 426 3811 Idem,
460 3742 517 3812 3,
547 3750 618 3814 47
654 3762 667 3797 ε
703 3744 806 3799 τῶν
834 3740 964 3799 νέων
991 3743 1239 3817 κωμικῶν
1268 3738 1401 3807 τινὲς
1418 3740 1507 3799 τὸν
1532 3740 1735 3818 ἄγαμον

150 3832 187 3885 ἀ
204 3827 285 3903 γά
300 3851 344 3903 μ
359 3849 511 3898 ητον
535 3828 796 3907 εἰρήκασι.
820 3861 897 3872 -
920 3829 1072 3887 Ibid.
1112 3829 1219 3887 105
1250 3853 1263 3887 ε
1288 3828 1505 3908 νοσηρὸν
1519 3828 1735 3909 χωρίον,

152 3915 252 3973 καὶ
282 3916 519 3981 νοσῶδες.
554 3915 612 3973 τὸ
653 3914 755 3993 γὰρ
788 3938 1032 3975 νοσακε
1052 3914 1159 3996 ρὸν
1198 3917 1435 3995 ἐσχάτως
1476 3918 1735 3994 κωμικόν.

156 4037 247 4049 -
276 4005 433 4064 Ibid.
468 4006 615 4065 136:
646 4008 674 4063 ὁ
700 4004 803 4083 γὰρ
830 4004 1032 4085 ἄψυχος
1054 4007 1297 4079 ἰδιωτῶν,
1322 4005 1411 4064 καὶ
1438 4008 1465 4063 ὁ
1493 4006 1738 4075 πτάκις

152 4091 367 4171 σφόδρα
416 4091 671 4167 κωμικόν.
715 4095 865 4152 Ibid.
927 4096 1035 4153 155
1087 4118 1099 4151 :
1137 4094 1398 4175 μοχθηρὸν
1436 4096 1497 4156 τὸ
1540 4097 1736 4174 μέσον

152 4178 239 4238 πί
256 4180 329 4258 ρδ
343 4202 435 4237 ειν
455 4182 507 4239 ἐν
534 4186 601 4262 τῇ
626 4182 899 4264 κωμῳδίᾳ·
926 4186 1115 4262 σχῆμα
1133 4183 1503 4261 παλαίσματος
1530 4184 1589 4243 τὸ
1612 4187 1738 4267 πέρ·

150 4272 289 4327 δειν.
324 4269 455 4325 libri
500 4270 765 4350 μοχθηρὸν
793 4270 896 4350 γὰρ
930 4272 984 4329 ἐν
1022 4276 1089 4351 τῇ
1126 4274 1383 4353 κωμῳδία
1411 4280 1597 4354 σχῆμα
1624 4300 1737 4336 πα-

150 4352 456 4431 λαίσματος
487 4356 547 4416 τὸ
573 4356 839 4437 πέρδην.
875 4361 1110 4417 Photius
1148 4362 1221 4419 ab
1266 4362 1506 4422 Alberto
1544 4384 1737 4425 emen·

152 4446 357 4517 datuS,
396 4442 694 4525 Μεσοπέρ
709 4447 820 4517 δην
858 4466 872 4507 :
906 4448 967 4505 ἐκ
994 4448 1099 4505 τῶν
1129 4446 1323 4523 μέσων.
1359 4450 1476 4510 ἀντὶ
1512 4457 1601 4511 τοῦ
1636 4476 1741 4529 με-

147 4554 218 4589 σο
226 4530 441 4611 φέρδην,
462 4533 833 4607 μεμενηκότων
854 4538 957 4593 τῶν
972 4536 1209 4615 ἀρχαίων
1228 4538 1595 4619 χαρακτήρων.
1612 4544 1733 4601 Do·

144 4622 345 4677 braeus
366 4620 509 4677 Λᾶν.
534 4625 585 4691 1,
610 4642 671 4697 p.
714 4624 823 4681 601
870 4644 939 4681 :a
963 4624 1380 4703 μεσοφέρδην
1410 4648 1443 4685 a
1463 4626 1606 4708 φέρω
1626 4674 1642 4701 ,
1674 4643 1740 4689 ut

149 4706 351 4785 ἄρδην,
384 4705 603 4785 φύρδην,
624 4707 844 4787 σύρδην,
868 4724 1005 4785 etc.,
1028 4715 1190 4787 quod
1216 4717 1273 4771 in
1296 4726 1523 4791 turpem
1532 4718 1735 4791 jocum

148 4796 400 4851 detorsit
431 4797 699 4855 comicus.
722 4822 747 4849 ι

885 4911 1017 4969 318.

238 5018 332 5077 Id.
368 5026 428 5089 4,
476 5022 637 5095 169:
670 5028 1392 5103 παρακρουσιχοίνικος
1434 5030 1485 5085 ἕν
1516 5034 1581 5109 τῇ
1625 5054 1739 5089 κω-

152 5104 337 5186 μῳδίᾳ
364 5110 393 5163 ὁ
422 5112 833 5189 κρουσιμετρῶν.
856 5144 939 5157 -
965 5115 1117 5175 Ibid.
1152 5136 1262 5193 179
1302 5136 1317 5178 τ
1352 5118 1410 5178 τὸ
1432 5118 1485 5177 δὲ
1508 5122 1737 5179 κενῶσαι

413 5219 701 5258 nic-nun
730 5222 1008 5262 conmonuit
1039 5228 1121 5265 cn.

1819 521 1851 586 ἡ
1881 514 2142 593 κωμῳδία
2170 515 2257 574 τὸν
2291 513 2700 597 κεκαθαρμένον,
2730 517 2801 581 ὥς
2843 515 2903 572 ἐκ
2938 517 3042 574 τῶν
3079 517 3200 574 ἰνῶν
3229 539 3394 597 φερο-

1824 603 1985 681 μένης
2013 609 2106 676 τῆς
2126 607 2307 684 χολῆς.
2332 637 2413 650 —
2439 607 2586 663 Ibid.
2618 606 2723 663 182
2755 627 2768 660 ;
2796 603 3214 683 ποδοστράὸη
3245 603 3394 664 τὸτὰ

1820 693 2140 772 στρέμματα
2185 697 2492 753 κατευθῧνον
2525 696 2577 751 ἐν
2612 697 2678 772 τῇ
2714 693 2964 773 κωμῳδία
3003 695 3266 773 ἐργαλεῖον
3299 698 3394 752 ἰα-

1819 781 2020 859 τρικόν.
2079 787 2148 840 Et
2179 803 2314 840 mox
2353 804 2366 839 :
2409 782 2500 841 καὶ
2535 781 2846 862 μαχαίρια
2876 782 2928 842 δὲ
2958 783 3174 841 ἐκάλουν
3203 785 3251 840 οἱ
3289 780 3392 841 νέοι

1820 871 2086 950 κωμῳδοὶ,
2123 873 2174 930 ἓν
2201 862 2273 937 οἷς
2303 872 2602 951 ἀπέσχαζον
2630 867 2664 942 ἢ
2691 871 2930 950 ἔσχαζον.

2541 987 2673 1062 319.

1911 1098 2002 1155 ld.
2037 1097 2096 1172 5,
2137 1117 2238 1154 101
2280 1117 2294 1156 :
2327 1097 2417 1156 καὶ
2449 1098 2636 1164 ἄλλους
2673 1097 2730 1155 δέ
2763 1121 2904 1165 τινας
2935 1097 3164 1172 κόσμους
3202 1097 3393 1172 ὀνομά-

1826 1187 2003 1252 ζουσιν
2024 1187 2072 1243 οἱ
2087 1185 2639 1265 κωμῳδοδιδάσκαλοι,
2660 1188 2840 1265 λῆρον,
2852 1185 3144 1266 ὀχθοίὸους,
3159 1185 3388 1264 ὄλεθρον,

1823 1273 2123 1352 ἐλλέόορον,
2161 1273 2502 1356 πομφόλυγας
2518 1318 2537 1346 ,
2566 1274 2848 1354 βάραθρον,
2871 1275 3194 1355 περιστέρια,
3217 1275 3393 1352 σαμά-

1822 1385 1914 1422 κια
1933 1407 1952 1438 ,
1979 1359 2310 1439 σισύμὸριον,
2333 1362 2588 1443 σισάριον,
2611 1353 2685 1422 ὧν
2709 1365 2768 1421 οὐ
2799 1360 2972 1444 ῥᾴδιον
2996 1362 3088 1429 τὰς
3113 1362 3251 1429 ἰδέας
3269 1383 3391 1422 συν·

1824 1453 2012 1522 νοῆσαι
2038 1449 2124 1508 διὰ
2149 1449 2210 1508 τὸ
2239 1448 2374 1525 μηδὲ
2392 1451 2672 1532 πρόχειρον
2695 1439 2830 1510 εἶναί
2856 1470 2972 1509 τινα
2999 1451 3250 1525 κατιδεῖν,
3289 1451 3392 1511 εἴτε

1822 1539 2232 1616 σπουδάζοντες,
2269 1537 2371 1598 εἴτε
2394 1539 2696 1618 παίζοντες,
2728 1542 2962 1620 χρῶνται
2991 1543 3096 1606 τοῖς
3120 1538 3388 1616 ὀνόμασιν.

1826 1653 1851 1678 ιι
1902 1630 2116 1686 Horum
2141 1630 2414 1704 pleraque
2441 1631 2516 1686 ad
2550 1631 2900 1687 Pherecratis
2932 1628 3139 1710 Λήρους
3164 1641 3223 1686 et
3257 1633 3391 1686 Ari-

1824 1718 2116 1792 stophanis
2165 1719 2768 1794 Thesmophoriazusas
2824 1721 3024 1776 alteras
3052 1729 3329 1794 spectant.
3359 1741 3384 1768 υ

1821 1805 1998 1860 Mein.

2542 1904 2672 1960 320.

1915 2013 2000 2072 Id.
2056 2017 2117 2088 6,
2164 2024 2236 2082 42
2274 2037 2288 2075 :
2329 2013 2418 2070 καὶ
2459 2013 2836 2093 φαγὲσωρον
2881 2011 2968 2070 τὸν
3023 2011 3293 2083 ἄπληστον
3344 2014 3392 2069 οῖ

1824 2105 2052 2183 κωμικοὶ
2075 2101 2367 2180 ὠνόμαζον,
2390 2101 2479 2160 καὶ
2501 2101 2598 2172 τὴν
2619 2101 2851 2181 γαστέρα
2874 2105 2964 2160 τοῦ
2985 2098 3214 2158 τοιούτου
3235 2121 3316 2178 φα
3332 2123 3391 2176 ρ-

1826 2220 1912 2274 μα
1928 2202 2120 2253 κῖτιν.
2149 2196 2274 2250 Imo
2311 2192 2804 2269 Φαγεσωρῖτιν,
2829 2202 2896 2247 ut
2924 2202 3006 2247 est
3033 2209 3124 2265 ap.
3150 2191 3390 2247 Bekker.

1823 2317 1905 2330 -
1934 2285 2088 2342 Ibid.
2126 2282 2198 2351 45
2231 2297 2247 2340 ξ
2286 2279 2346 2346 ἃς
2377 2277 2432 2336 δὲ
2460 2281 2507 2337 οἱ
2543 2282 2635 2336 νῦν
2675 2276 2902 2344 θλαστὰς
2931 2277 3172 2354 (ἐλάας),
3201 2277 3394 2342 ταύτας

1824 2375 2116 2450 πυρῆνας
2137 2370 2186 2426 οἱ
2221 2365 2471 2443 κωμικοί.
2507 2369 2752 2428 —Ibid.
2794 2368 2867 2434 48
2901 2383 2917 2428 Ξ
2948 2369 2976 2423 ὁ
3001 2365 3104 2444 γὰρ
3137 2363 3394 2444 ὀξερίας

1823 2459 2008 2537 τυρὸς
2045 2455 2248 2537 εἴρηται
2271 2453 2366 2531 μὲν
2393 2459 2460 2534 τῇ
2488 2455 2738 2536 κωμῳδία
2767 2474 2780 2486 ·
2799 2455 3075 2515 Σικελικὸν
3101 2453 3156 2512 δὲ
3185 2453 3246 2512 τὸ
3283 2454 3394 2511 ἔδε-

1826 2569 1960 2621 σμα.
1988 2579 2068 2590 --
2091 2545 2244 2604 Ibid.
2278 2543 2353 2602 62
2397 2566 2410 2602 ;
2447 2546 2495 2602 οἱ
2527 2543 2754 2620 κωμικοὶ
2784 2543 2828 2602 δ’
2856 2541 3123 2620 ὠνόμαζον
3157 2540 3224 2599 τὰ
3250 2563 3396 2622 περι-

1824 2635 2077 2711 κόμματα
2123 2632 2215 2692 καὶ
2257 2629 2628 2712 χναύματα.
2661 2665 2743 2677 -
2777 2633 2865 2690 lh.
2906 2631 3018 2709 159
3068 2634 3148 2702 τῆ
3179 2630 3234 2688 δὲ
3283 2651 3394 2688 κω-

1828 2723 2002 2803 μῳδία
2029 2720 2118 2781 καὶ
2151 2745 2182 2780 σ
2199 2745 2272 2800 υγ
2289 2719 2635 2792 κηδεστήν.

2543 2831 2676 2890 321.

1908 2949 2058 3004 Ibid.
2110 2948 2214 3012 164
2261 2964 2275 3002 :
2321 2942 2715 3022 παλίμπηγα
2755 2946 2800 3000 οἱ
2843 2942 3068 3020 κωμικοὶ
3096 2943 3164 3002 τὰ
3193 2944 3396 3002 παλαιὰ

1829 3033 2162 3111 καττύματα.
2198 3035 2406 3092 Eadem
2445 3034 2563 3090 fere
2595 3054 2649 3105 7,
2688 3034 2761 3090 82
2795 3052 2812 3091 2
2855 3033 2920 3091 τὰ
2954 3031 3159 3091 παλαιὰ
3195 3032 3390 3091 καττύ-

1828 3146 1972 3199 ματα
2017 3121 2408 3198 παλίμπηγα
2449 3120 2778 3198 ὀνομάζεται.
2807 3154 2889 3166 -
2927 3123 3076 3181 Ibid.
3130 3120 3238 3178 185
3283 3140 3298 3180 t
3338 3122 3398 3179 τὸ

1827 3210 2346 3291 θερμερύνεσθαι
2382 3209 2474 3269 καὶ
2513 3210 2850 3287 κιχλιδιᾶν
2879 3208 3094 3286 κωμικὰ
3124 3208 3242 3283 μὲν,
3280 3208 3396 3284 ἐμοὶ

1828 3300 1882 3359 δὲ
1910 3301 2005 3358 οὔκ
2035 3295 2252 3379 ἀρεστά.
2285 3299 2426 3357 cod.
2459 3296 2648 3357 Falck.
2673 3295 3064 3377 θεμερύνεσθαι.
3099 3298 3244 3355 cod.
3270 3299 3389 3357 Pal.

1828 3390 1918 3448 καὶ
1941 3390 2268 3469 κυχλοιδιᾶν,
2297 3408 2424 3463 quae
2449 3389 2622 3447 codd.
2653 3391 2780 3447 Par.
2809 3391 3101 3446 omittunt.
3137 3418 3218 3433 —-·
3242 3387 3392 3445 Ibid.

1837 3480 1946 3539 188
1987 3498 2001 3537 2
2037 3475 2561 3555 ἑταιριζόμενος·
2593 3478 2730 3535 οὕτω
2755 3476 2856 3554 γὰρ
2879 3479 2926 3534 οἱ
2955 3474 3179 3551 κωμικοὶ
3211 3473 3400 3551 ὀνομά-

1827 3570 1972 3634 ζουσι
1993 3565 2080 3625 τὸν
2105 3566 2224 3644 περὶ
2249 3562 2340 3630 τὰς
2362 3562 2574 3644 ἑταίρας
2599 3562 2806 3641 ἔχοντα.

2546 3680 2680 3735 322.

1910 3778 2094 3846 Idem,
2134 3797 2189 3851 7,
2216 3778 2286 3835 61
2319 3795 2332 3835 :
2373 3774 2438 3846 ἣν
2463 3775 2646 3852 συρίαν
2669 3777 2715 3833 οἱ
2746 3773 2950 3845 πολλοὶ,
2980 3772 3177 3844 ταύτην
3212 3770 3397 3831 αὐτό-

1830 3888 2024 3925 ποκον
2057 3866 2318 3941 ἱμάτιον
2343 3869 2390 3924 οἱ
2421 3864 2668 3943 κωμικοί.
2703 3892 2727 3916 ιι
2769 3868 2856 3921 De
2893 3862 3171 3942 αὖτοπόκῳ
3203 3862 3400 3942 ἱματίῳ

1830 3958 2191 4013 incredibilia
2229 3957 2401 4013 tradit
2439 3958 2841 4031 grammaticus
2880 3956 3112 4029 Seguer.
3152 3971 3211 4027 p.
3258 3954 3395 4027 467,

1838 4044 1934 4115 18,
1967 4042 2272 4103 Αὖτόποκον
2319 4060 2334 4103 :
2386 4044 2596 4120 ἱμάτιον
2631 4042 2691 4100 τὸ
2727 4042 2778 4109 ἐξ
2809 4042 2963 4099 αὐτοῦ
3007 4046 3098 4099 τοῦ
3135 4040 3300 4099 πόκου
3329 4042 3399 4107 εἷς

1830 4132 2023 4213 κρόκην
2061 4132 2274 4211 βληθὲν,
2311 4130 2339 4190 ὃ
2377 4133 2468 4191 καὶ
2509 4128 2863 4209 αὖτοπυρίτην
2901 4132 3170 4189 καλοῦσιν.
3208 4133 3400 4206 Saepis·

1828 4226 1967 4281 sime
2000 4224 2117 4280 duo
2154 4224 2381 4279 articuli
2421 4224 2480 4278 in
2521 4242 2700 4278 unum
2732 4233 2941 4277 temere
2984 4218 3216 4276 conflati
3251 4233 3398 4279 sunt.

1830 4313 2204 4369 Scribendum
2235 4330 2251 4371 z

1911 4398 2292 4457 αὖτόποκον
2339 4416 2352 4457 t
2401 4396 2611 4475 ἱμάτιον
2651 4394 2712 4455 τὸ
2737 4396 2790 4465 ἐξ
2823 4398 2980 4455 αὐτοῦ
3014 4400 3103 4454 τοῦ
3135 4394 3300 4453 πόκου
3331 4396 3401 4460 εἷς

1967 4558 1972 4561 ¹
2961 4485 3157 4563 κρόκην
3183 4483 3394 4561 βληθέν.

1917 4575 2170 4643 αὖτόπυ
2190 4576 2294 4659 ρος
2338 4596 2354 4631 =
2388 4576 2570 4655 ἄρτος,
2602 4575 2657 4635 ὃν
2687 4575 2776 4633 καὶ
2821 4573 3174 4653 αὖτοπυρίτην
3200 4573 3402 4631 καλοῦ-

3033 4684 3136 4721 σιν.
3161 4688 3187 4713 ιο
3213 4665 3396 4721 Mein.

2551 4744 2686 4801 323.

1911 4858 2093 4928 Idem,
2121 4878 2180 4931 7,
2211 4878 2277 4929 71
2315 4875 2331 4915 :
2361 4857 2422 4916 τὸ
2446 4860 2498 4917 ἐν
2537 4859 2605 4936 τῇ
2633 4856 2772 4933 μέσῃ
2795 4854 3050 4934 κωμῳδίᾳ
3077 4852 3403 4934 καψιδρώ-

1830 4968 1967 5003 τιον
2009 4944 2354 5023 καλούμενον,
2407 4944 2438 5005 δ
2483 4950 2572 5003 νῦν
2625 4944 2900 5023 σουδάριον
2948 4943 3276 5019 ὀνομάζεται.
3323 4976 3404 4987 -

1832 5035 1983 5093 lbid.
2027 5035 2134 5091 132
2183 5056 2198 5095 :
2240 5032 2566 5113 φόρτακας
2605 5034 2784 5107 μέντοι
2825 5038 2858 5103 ἡ
2898 5030 3102 5091 παλαιὰ
3148 5032 3399 5113 κωμῳδία

1834 5120 1953 5187 τοὺς
1988 5122 2404 5203 ἀχθοφοροῦντας
2429 5122 2486 5180 ἐκ
2515 5128 2604 5180 τοῦ
2637 5120 2888 5199 ἐμπορίου
2919 5121 3088 5181 καλεῖ.

3179 5236 3232 5283 ⁴8
