3809 5850
1603 351 1808 413 ALEx
1817 351 1900 415 IS.

169 484 362 542 Additt.
389 501 441 556 p.
470 481 602 548 231..
627 485 694 540 V.
722 501 756 536 α
781 481 954 556 vulgo
976 481 1229 559 προπίνω,
1253 482 1364 540 ἴσον
1387 496 1495 543 etc.
1522 487 1703 560 Opem

168 575 277 628 tulit
295 575 452 627 Mein.

562 717 803 778 xxxu.
861 717 1272 778 ΔΡΩΠΙΔΗΣ.

893 873 942 908 1.

231 992 418 1050 Athen.
464 992 522 1066 3,
552 1010 612 1067 p.
656 989 797 1063 125,
827 992 913 1048 F:
956 985 1036 1046 ὅτι
1076 987 1120 1046 δ’
1157 989 1330 1048 ἔπινον
1377 988 1470 1047 καὶ
1507 987 1700 1068 γλυκὺν

165 1081 299 1151 οἶνον,
327 1102 388 1156 με
393 1101 478 1136 τα
459 1078 511 1147 ζυ
541 1075 824 1153 ἐσθίοντες,
860 1075 1058 1145 Ἄλεξίς
1081 1100 1237 1156 φησιν
1261 1079 1312 1136 ἐν
1339 1077 1618 1157 Δρωπίδῃ·

3254 377 3357 429 531

2116 489 2389 551 XXXlll.
2414 492 2560 556 ,ΕΙΣ
2602 493 2703 552 ΤΟ
2746 493 3027 570 ΦΡΕΑΡ.

2560 626 2607 666 1.

1875 701 2079 756 Athen.
2118 701 2174 772 3,
2204 721 2265 776 p.
2308 720 2439 775 109,
2465 704 2510 757 B
2540 723 2553 756 :
2582 701 2697 759 ἐπεὶ
2720 701 2773 760 δὲ
2800 701 2903 773 ἤδη
2926 707 3073 783 ἄρτοι
3101 707 3363 783 εἰσεκομί-

1796 790 1942 854 ζοντο
1969 789 2059 844 καὶ
2100 790 2294 860 πλῆθος
2329 790 2413 846 ἐπ’
2442 791 2614 856 αὐτοῖς
2650 792 2999 850 παντοδαπῶν
3040 793 3353 872 βρωμάτων,

1793 873 2099 954 ἀποὸλέψας
2118 877 2189 942 εἷς
2218 875 2353 933 αὐτὰ
2373 875 2471 954 ἔφη

1986 1015 2083 1025 -—
2110 977 2253 1054 Τοῖς
2281 974 2481 1069 ἄρτοις
2514 981 2655 1054 ὅσας

1891 1082 2095 1148 ἱστᾶσι
2128 1075 2391 1177 παγίδας
2414 1086 2472 1150 οἱ
2512 1085 2892 1178 ταλαίπωροι
2926 1084 3162 1180 βροτοίέ

249 1207 516 1279 Εἰσῆλθεν
542 1203 632 1282 η’
634 1207 812 1300 ταίρα
840 1201 1017 1299 (γε),
1055 1207 1310 1297 φέρουσα
1347 1205 1450 1272 τὸν
1477 1210 1701 1301 γλυκὺν
1793 1230 1949 1284 φησιν
1972 1208 2088 1271 Ἄλ.
2124 1212 2176 1267 ἐν
2151 1213 2271 1288 ντῇ
2304 1213 2395 1276 Εἷς
2417 1210 2477 1268 τὸ
2508 1210 2698 1314 φρέαρ.

245 1315 300 1376 ἐν
332 1315 548 1407 ἀργυρῷ
575 1309 883 1406 ποτηρίῳ,
925 1310 1218 1402 πετάχνῳ
1237 1312 1356 1380 τινὶ
1383 1363 1402 1400 ,

255 1419 620 1504 ἀστειοτάτῳ
646 1422 758 1494 τὴν
785 1417 942 1507 ὄψιν,
974 1419 1110 1485 οὔτε
1140 1414 1408 1549 τρυὲλίῳ
1431 1469 1450 1504 ,

242 1525 362 1590 οὔτε
389 1523 570 1617 φιάλῃ
602 1577 617 1604 ,
653 1531 896 1616 μετεῖχε
917 1516 980 1589 δ’
1014 1527 1236 1616 ἀμφοῖν
1262 1524 1365 1592 τὸν
1395 1524 1628 1616 ῥυθμόν.

161 1666 406 1746 Δρωπίδης
451 1659 699 1728 nominis
740 1672 965 1748 proprii
1011 1672 1272 1748 exempla
1305 1677 1472 1749 ponit
1524 1675 1696 1734 Mein.

162 1759 278 1816 Hist.
300 1761 415 1815 crit.
427 1759 500 1834 sp.
531 1761 666 1835 399.
691 1762 864 1815 Versu
902 1778 926 1815 1
959 1780 1019 1835 γε
1045 1761 1410 1837 absorptum,
1442 1777 1508 1820 ut
1539 1765 1699 1820 vide-

163 1855 264 1914 tur,
292 1845 653 1904 avocabulo
663 1850 853 1904 vicino
895 1859 1137 1924 propter
1166 1870 1199 1925 γ
1235 1860 1292 1906 et
1325 1872 1360 1930 q>
1382 1854 1698 1910 litterarum

158 1937 566 1998 similitudinem.
589 1939 754 1995 Caret
775 1948 962 1994 autem
987 1957 1180 1994 versus
1199 1941 1448 2016 legitima
1463 1961 1692 2001 caesura.

161 2022 250 2080 Τὸν
249 2023 500 2102 γλυκυν,
545 2027 728 2086 intell.
775 2015 942 2102 οἶνον,
987 2047 1158 2102 quarn
1186 2031 1410 2106 ellipsin
1447 2050 1697 2088 comme·

159 2117 372 2171 moravit
412 2118 482 2175 L.
541 2118 674 2176 Bos.
723 2137 783 2192 p.
826 2115 936 2186 347
984 2117 1078 2176 ed.
1109 2115 1399 2190 Schaeferi,
1436 2122 1696 2195 exemplo

160 2211 319 2258 tamen
343 2203 460 2276 ejus
489 2206 656 2262 nullo
689 2205 994 2281 adscripto,
1026 2210 1090 2262 V.
1116 2225 1150 2262 α
1175 2208 1254 2263 ita
1273 2208 1511 2267 Casaub.
1539 2210 1698 2265 Libri

155 2289 412 2371 πετάχμῳ,
459 2291 758 2374 πεντάχμῳ
780 2333 798 2364 ,
850 2291 1260 2374 πενταδράχμῳ.
1310 2299 1518 2353 Athen.
1591 2317 1651 2354 11
1675 2339 1694 2372 ‚

155 2396 205 2450 p.
237 2381 358 2454 496,
403 2385 483 2455 A,
525 2378 876 2459 Πίταχνον
923 2402 938 2438 :
991 2380 1242 2461 ποτήριον
1276 2382 1582 2456 ἐκπέταλον,
1637 2377 1696 2443 οὗ

157 2466 436 2542 μνημονεύει
454 2464 578 2530 Ἄλ.
613 2465 961 2548 ἰνΔρωπίδῃ.
983 2469 1256 2549 πρόκειται
1313 2471 1367 2530 δὲ
1407 2469 1465 2530 τὸ
1494 2473 1698 2552 μαρτύ-

157 2575 264 2628 ριον.
285 2558 351 2615 V.
379 2565 410 2625 4
431 2559 566 2616 libri
590 2557 996 2634 δμοιοτελεύτως
1017 2571 1072 2617 et
1091 2563 1326 2617 omnino
1347 2563 1532 2617 minus
1553 2562 1698 2620 bene

157 2639 448 2718 ι’μφοῖντοῖν
477 2647 722 2724 ῥυθμοῖν.
744 2644 808 2704 Δ’
828 2665 974 2704 unus
991 2652 1234 2705 servavit
1263 2651 1396 2706 cod.
1425 2654 1492 2708 A.

891 2794 946 2832 2.

221 2879 358 2937 Idem
392 2891 450 2951 4,
471 2903 530 2959 p.
569 2903 678 2954 171
701 2925 720 2960 ,
742 2886 788 2941 B
821 2906 835 2941 :
865 2889 1194 2964 παροψωνεῖν
1235 2847 1286 2943 δ’·
1305 2882 1404 2965 ἔφη
1437 2887 1693 2962 Κρατῖνος

242 2970 728 3049 παραγοράζειν
751 2971 796 3029 δ’
824 2971 938 3033 Ἀλ.
959 2975 1012 3032 ἐν
1033 2974 1307 3059 Δρωπίδῃ.

885 3078 942 3143 3.

221 3188 402 3248 Pollux
436 3210 523 3267 ιο,
553 3214 717 3254 12¹:
751 3192 811 3251 τὸ
829 3192 926 3273 μὲν
948 3198 1019 3262 εἷς
1055 3194 1148 3263 τὰς
1165 3194 1421 3265 ληκύθους
1453 3196 1693 3273 καθιέμε·

154 3296 220 3332 νον
244 3277 322 3337 ἐπὶ
341 3278 564 3359 γεύματι
586 3304 684 3340 του
720 3278 884 3362 μύρου
906 3282 1135 3344 σπαθίδα
1156 3283 1271 3364 [καὶ
1292 3282 1522 3365 σπάθην]
1549 3286 1694 3364 (haec

155 3362 226 3421 καὶ
269 3369 431 3443 σπάθη
472 3371 721 3431 delenda
761 3372 839 3430 ob
878 3391 957 3436 ,ea
1002 3395 1128 3449 quae
1181 3373 1525 3449 sequuntur)
1562 3376 1697 3449 κλη-

151 3450 277 3516 τέον.
310 3456 598 3529 .Ἀλὲξιδος
639 3458 818 3537 μέντοι
860 3462 912 3519 ’ἐν
948 3464 1024 3519 τῶ
1062 3461 1317 3543 Δρωπίδῃ
1359 3462 1564 3534 σπάθην
1594 3461 1689 3535 τὴν

153 3502 347 3606 σπαθίδα
374 3549 604 3617 εἰπόντος
621 3593 642 3626 ,

315 3700 406 3711 —-
438 3670 566 3739 Τὴν
603 3662 840 3734 σπάθην

231 3768 282 3829 ἐν
305 3778 390 3853 τῷ
421 3771 584 3863 μύρῳ
613 3769 862 3841 καθῆκε.

153 3892 211 3950 Η.
234 3913 279 3953 e.
305 3897 554 3971 ἕγκαθῆκε
575 3899 662 3977 τῷ
688 3921 746 3974 μ.
781 3918 886 3974 per
919 3902 1143 3955 tmesin.
1178 3902 1262 3956 lta
1294 3902 1522 3974 scripti3
1551 3900 1689 3955 editi

153 3977 443 4051 glossemate
462 3988 813 4043 inconcinno
843 3987 913 4052 εἰς
939 3986 1000 4045 τὸ
1020 3986 1183 4065 μύρον
1203 3993 1321 4045 καθ.

172 4094 380 4111 ’ᾕ-η-

707 4152 1092 4210 DROPIDES.

157 4366 560 4438 intravitamica.
592 4373 774 4431 ferens
801 4374 962 4432 dulce
987 4379 1184 4431 vinum

155 4454 198 4507 in
218 4468 454 4527 argenteo
477 4460 722 4534 quodam
751 4459 946 4535 poculo
965 4506 981 4529 ‚
1014 4463 1282 4535 petaclmo

155 4542 498 4613 elegantissimi
517 4549 828 4622 adspectum
861 4566 1038 4624 neque
1073 4551 1268 4623 patella
1289 4592 1305 4617 ,

155 4642 306 4701 neque
329 4632 526 4705 phiala,
549 4636 840 4709 utriusque
871 4646 1054 4695 autem
1076 4636 1268 4695 fotmae
1302 4640 1579 4711 participe.
1632 4709 1639 4716 .

887 4772 938 4821 2.

154 4856 278 4915 Clam
299 4866 600 4933 (seorsim)
630 4868 882 4939 opsonari
916 4870 1004 4925 vel
1029 4867 1276 4925 mercari.

879 4996 930 5041 3.

221 5094 260 5102 —
292 5070 538 5139 spatham

159 5144 338 5209 demisit
363 5156 416 5212 in
445 5166 808 5230 unguentum.

1871 1297 2218 1376 Ταλαίπωροι
2258 1301 2475 1356 dictum
2512 1303 2729 1358 ironice
2773 1321 2883 1376 pro
2912 1303 3083 1375 κακοὶ,
3118 1318 3183 1361 ut
3209 1308 3361 1382 apud

1791 1385 2083 1460 Aristoph.
2104 1391 2208 1446 Av.
2240 1386 2371 1445 135.
2398 1389 2681 1464 vapulant
2700 1391 3029 1450 venditores
3046 1395 3359 1452 multorum

1788 1491 2005 1551 panum
2028 1475 2385 1550 aliorumque
2412 1475 2735 1534 eduliorum
2755 1521 2773 1553 ,
2800 1482 3009 1554 quibus
3037 1486 3197 1556 quasi
3220 1486 3359 1540 insi-

1790 1564 2028 1620 diantur
2068 1564 2323 1639 cupidini
2352 1565 2647 1642 hominum
2680 1568 2797 1640 ita,
2840 1579 2907 1624 ut
2946 1570 3037 1626 vel
3065 1571 3213 1628 furta
3240 1591 3359 1628 non

1787 1665 2114 1711 vereantur.
2160 1655 2255 1708 Est
2292 1654 2465 1727 igitur
2504 1649 2675 1731 ἄρτοις
2711 1656 2934 1712 dativus
2971 1660 3353 1730 instrumenti,

1789 1741 1949 1814 quod
1979 1741 2199 1816 dicunt,
2228 1743 2483 1798 actionis.

2551 1857 2603 1894 2.

1866 1949 2029 2004 Idem
2054 1949 2107 2020 8,
2126 1969 2187 2024 p.
2222 1949 2335 2018 340
2352 1993 2367 2020 ,
2388 1945 2433 2008 C
2462 1969 2475 2004 :
2506 1948 2575 2006 τὰ
2595 1949 2726 2008 αὐτὰ
2746 1950 2967 2028 ἰαμὸεἶα
2993 1954 3011 2030 (
3034 1973 3158 2028 quae
3182 1955 3268 2012 Al.
3296 1957 3351 2011 in

1787 2035 2075 2094 Phaedone
2106 2037 2331 2114 posuit)
2368 2036 2578 2116 φέρεται
2612 2040 2711 2095 κᾶν
2745 2038 2813 2118 τῇ
2840 2039 3231 2120 ἐπιγραφομένῃ
3266 2043 3359 2108 Εἷς

1785 2123 1844 2181 τὸ
1864 2122 2049 2204 φρέαρ.

2549 2237 2601 2292 3.

1865 2352 1957 2408 lb.
1987 2371 2046 2424 p.
2073 2349 2213 2420 364,
2239 2352 2283 2408 F
2305 2368 2318 2406 ε
2352 2348 2663 2424 ὀνομάζουσι
2689 2350 2734 2407 δ’
2760 2351 2811 2408 οἱ
2833 2350 3045 2430 ἀρχαῖοι
3069 2351 3158 2410 καὶ
3178 2351 3357 2410 ἐπιδό-

1789 2437 1921 2514 σιμά
1968 2427 2083 2494 τινα
2128 2438 2331 2497 δεῖπνα.
2470 2435 2589 2496 Ἄλ.
2616 2442 2736 2515 γοῦν
2776 2440 2828 2496 ἐν
2872 2439 2938 2516 τῇ
2978 2439 3070 2506 Εἰς
3097 2438 3157 2498 τὸ
3192 2439 3358 2520 φρέαρ

1788 2525 1915 2603 φησὶ

1985 2681 2079 2690 —-
2101 2668 2161 2708 α.
2201 2642 2349 2708 Νυνί
2384 2643 2455 2736 γε’
2471 2668 2565 2709 τοι

1885 2753 1921 2820 ἠ
1956 2739 2235 2824 δεσπότις
2256 2745 2606 2841 προῦπεμψί
2642 2745 2732 2841 μ’,
2763 2747 2919 2816 οἴνου
2947 2749 3234 2844 κεράμιον

1883 2864 2003 2922 τῶν
2024 2847 2257 2922 ἔνδοθεν
2285 2852 2591 2947 κομιοῦντ’
2621 2857 2857 2925 ἐκεῖθεν.
2896 2861 2955 2941 β.
2990 2857 3303 2924 Μανθάνω·

1887 2954 2246 3053 ἐπιδόσιμον
2272 2960 2435 3053 παρὰ
2472 2960 2675 3027 τᾶλλα
2704 2959 2869 3029 τοῦτ’
2904 2964 3093 3028 ἔσται.
3125 2965 3307 3031 Φιλῶ

1793 3066 1798 3071 ’
1883 3068 2230 3141 αἰσθητικὴν
2260 3080 2457 3161 γραῦν.
2625 3056 2633 3065 ”

1787 3216 1963 3269 Versu
1994 3232 2014 3267 1
2056 3200 2135 3267 sic
2168 3214 2337 3270 Mein.
2370 3232 2480 3287 pro
2510 3214 2579 3271 N.
2613 3209 2671 3268 τέ
2709 3233 2817 3286 μοι.
2860 3213 2935 3271 V.
2968 3232 3001 3269 α
3032 3214 3351 3288 Schweigh.

1786 3302 1820 3369 ἡ
1859 3296 2128 3368 δεσπότις,
2169 3310 2226 3355 ct
2263 3302 2439 3357 Mein.
2486 3296 2801 3377 προῦπεμψέ
2840 3301 2921 3372 μ’,
2965 3301 3065 3356 ubi
3107 3301 3282 3359 codd.
3328 3302 3355 3355 ὁ

1787 3386 2043 3457 δεσπότης
2068 3384 2437 3465 προῦπεμψεν,
2472 3388 2606 3445 cod.
2638 3389 2684 3443 B
2714 3384 3107 3466 προῦπέκυψεν.

2069 3532 2339 3591 XXXIV.
2385 3532 3070 3602 ΕῙΣΟΙΚΙΖΟΜΕΝΟΣ.

2550 3681 2597 3719 1.

1863 3775 2067 3831 Athen.
2106 3776 2197 3842 15,
2239 3792 2301 3847 p.
2344 3772 2489 3848 69¹,
2514 3774 2601 3831 E:
2646 3774 2717 3839 ὡς
2742 3770 2901 3848 λῆρον
2935 3760 3067 3829 εἶναι
3096 3769 3163 3829 τὰ
3200 3772 3253 3829 ἐν
3278 3772 3354 3850 τῷ

1788 3858 2197 3934 Εἰσοικιζομένῳ
2226 3856 2477 3927 Ἀλέξιδος
2504 3859 2689 3930 ταυτι,

1882 3974 1972 4038 Οὐ
2002 3996 2113 4063 γαρ
2144 3964 2438 4061 ἐμυρίζετ’
2474 3962 2538 4045 ἐξ
2566 3964 2938 4053 άλαόάστου,
2974 3966 3265 4061 (πρᾶγμά
3290 3994 3353 4034 τι

3100 4102 3353 4113 -ῌ--ο

2342 4154 2441 4206 AD
2480 4102 2803 4208 PU-TEUM.

1889 4286 1996 4350 ’-
2029 4308 2265 4365 Panibus
2512 4295 2514 4298 ¹
2548 4244 2597 4292 Ι·

1784 4405 1917 4467 quot
1942 4396 2071 4451 retia
2103 4394 2341 4451 tendunt
2370 4395 2584 4468 pessimi
2620 4394 2903 4451 mortales!

2540 4484 2591 4536 3.

1926 4582 1995 4593 ——
2018 4568 2068 4608 a.
2093 4555 2251 4608 Nunc
2275 4552 2439 4623 igitur

1858 4640 1985 4695 hera
2008 4640 2269 4713 praemisit
2292 4654 2379 4695 me
2395 4680 2411 4706 ,
2438 4647 2503 4696 ut
2520 4639 2629 4695 vini
2657 4648 2874 4705 testam·

1853 4740 2063 4795 earum,
2085 4738 2210 4798 quae
2239 4726 2387 4783 intus
2414 4734 2563 4795 sunt,
2586 4726 2861 4783 afferrem.
2894 4726 2948 4782 b.
2982 4727 3235 4797 intelligo
3263 4746 3277 4778 :

1853 4812 2200 4870 corollarium
2222 4821 2418 4883 praeter
2444 4820 2623 4871 cetera
2646 4812 2751 4870 hoc
2780 4814 2901 4869 erit.
2928 4819 3071 4870 Amo

1783 4906 1816 4953 5
1853 4890 2147 4971 sapientem
2180 4912 2369 4956 anum.

2150 4987 2225 5041 IN
2265 4988 2543 5043 DOMUM
2592 4986 2985 5043 RECEPTUS.

2546 5080 2593 5130 1.

1857 5164 2043 5232 Neque
2072 5164 2213 5217 enim
2241 5178 2301 5217 ex
2339 5162 2610 5218 alabastro
2648 5160 2955 5233 ungebatur

3092 5258 3157 5301 a».
