3809 5850
1549 410 1878 473 ALCAEUS.

3222 418 3331 471 317

146 562 294 617 «initu
327 554 473 633 apud
489 551 846 611 macrobium
873 546 932 617 5,
961 568 1022 623 p.
1055 545 1194 621 559,
1225 569 1250 595 ι»
1281 556 1392 603 etc.
1423 544 1472 597 E
1499 544 1674 599 Mein.
1776 538 1917 597 λύειν
1944 540 2321 615 penultimam
2352 539 2624 614 corripit,
2659 550 2726 595 ut
2752 535 2945 596 κωλύει
2970 541 3031 595 in
3049 536 3341 616 Aristoph.

153 645 275 705 llist.
304 649 425 704 crit.
452 661 612 712 com„
641 640 746 695 ubi
773 638 852 693 de
877 638 1069 691 decem
1093 634 1194 707 qui
1221 632 1480 688 feruntur
1505 631 1680 688 fabu-
1773 631 1883 703 Eq.
1910 628 2029 703 669
2057 639 2114 687 ct
2128 646 2262 703 900.

161 736 310 793 larum
335 733 497 793 Alani
519 730 692 787 titulis
717 727 894 783 docte
917 724 1140 782 disserit
1161 739 1224 796 p.
1251 720 1542 794 246-249.

355 904 400 963 1.
435 897 778 961 ΑΔΕΔΦΑΙ
829 890 1440 955 ΜΟΙΧΕΥΟΜΕΝΑΙ.

189 1060 390 1115 Athen.
433 1077 494 1127 7,
520 1072 586 1129 Ρ.
620 1050 758 1121 316,
779 1052 868 1107 B:
901 1045 965 1105 τὸ
1005 1043 1060 1103 δὲ
1087 1044 1337 1102 πώλυπον
1364 1038 1534 1118 λέγειν
1557 1038 1678 1096 αἰο-

127 1144 266 1204 λικᾰν.
289 1140 517 1203 Ἀττικοὶ
539 1138 646 1217 γὰρ
661 1134 966 1195 πουλύπουν
990 1132 1228 1208 λέγουσιν
1350 1126 1492 1187 Ἀλκ.
1517 1124 1684 1185 Ἀδελ-

117 1242 212 1311 ,ταῖς
235 1228 652 1311 μοιχευομέναις
668 1254 694 1277 ι
723 1222 958 1285 Ἢλίθιον
983 1210 1115 1279 εἶναι
1140 1222 1258 1278 νοῦν
1281 1238 1338 1275 τε
1360 1212 1684 1279 πουλύποδος

104 1322 248 1400 ἔχειν.
283 1348 314 1372 ³
345 1324 704 1396 Incongrua,
732 1332 841 1372 nec
861 1312 1036 1371 dubie
1061 1309 1286 1367 affecta.
1324 1306 1580 1364 Scribam

503 1480 610 1493 —-
656 1443 762 1514 Μὴ

167 1554 422 1629 ἠλίθιον
467 1546 664 1633 εἶναι,
693 1556 830 1613 νοῦν
867 1538 938 1611 δὲ
975 1531 1356 1615 πουλύποδος
1397 1536 1578 1627 ἔχειν.

85 1704 274 1777 Neque
313 1699 490 1757 enim
514 1694 792 1763 stultitia,
818 1690 919 1747 sed
947 1688 1191 1745 versutia
1220 1682 1424 1760 polypi
1451 1682 1514 1736 in
1535 1698 1682 1756 pro-

85 1793 346 1847 verbium
367 1788 562 1855 abiit,
591 1794 663 1841 ut
689 1782 865 1839 Mein.
897 1776 1212 1845 annotavit,
1237 1771 1474 1829 laudans
1498 1768 1685 1825 Theo-

83 1880 308 1955 gnidem
337 1876 468 1933 215
509 1866 838 1951 (Πουλύπου
855 1861 1036 1943 ,ὀργὴν
1059 1860 1180 1940 ἴσχε
1206 1854 1600 1936 πολυτρόπου),
1629 1865 1688 1911 et

89 1967 308 2023 Pindari
347 1966 573 2038 fragm.
609 1958 755 2030 1733
781 1955 1248 2029 ambiguumque,
1281 1948 1328 2003 si
1363 1944 1506 2020 quid
1527 1942 1686 1999 aliud

91 2054 368 2130 siquod,
393 2062 656 2108 auctore
693 2043 996 2103 Aristotele
1035 2043 1106 2098 fl.
1142 2043 1214 2095 A.
1259 2055 1323 2112 9,
1371 2032 1472 2103 25,
1511 2052 1572 2107 9,
1614 2032 1686 2087 de

95 2146 296 2219 polypo
321 2149 542 2196 narrat
567 2134 794 2194 Plinius
813 2132 890 2189 H.
916 2133 988 2188 N.
1021 2149 1082 2205 9,
1107 2146 1184 2204 29
1219 2144 1236 2183 :
1269 2150 1292 2175 ι
1323 2125 1513 2196 Quum
1535 2121 1686 2177 alio·-

104 2236 176 2305 qui
208 2234 466 2287 brutum
485 2226 778 2282 habeatur
801 2218 1010 2277 animal
1039 2214 1061 2293 (
1081 2216 1342 2273 Aristot.:
1371 2212 1400 2268 ὁ
1431 2207 1487 2267 δὲ
1513 2205 1684 2267 πολύ-

111 2341 206 2381 τως
235 2316 472 2386 ἀνόητον
526 2310 630 2387 μέν
678 2310 811 2380 ἐστι,
840 2305 1013 2383 etc.),
1051 2315 1119 2360 ut
1157 2302 1317 2377 quod
1353 2300 1428 2355 ad
1453 2316 1685 2353 manum

118 2408 330 2461 hominis
354 2404 638 2470 adnatat,
664 2402 726 2453 in
751 2416 816 2454 re
837 2391 1264 2471 quodammodo
1291 2387 1550 2444 familiari
1573 2386 1686 2441 cal·

124 2498 166 2550 let
189 2516 206 2548 ε
233 2495 436 2549 omnia
465 2494 534 2546 in
562 2488 806 2545 domum
849 2492 1206 2558 comportat;
1236 2478 1370 2535 dein
1391 2475 1685 2552 putamina

135 2602 254 2637 erosa
275 2598 454 2639 carne
486 2578 679 2653 egerit
697 2617 716 2645 ‚
763 2574 1204 2643 adnatantesque
1234 2566 1481 2642 pisculos
1507 2562 1584 2619 ad
1618 2580 1682 2619 ea

142 2675 326 2727 venatur
341 2712 360 2739 ‚
387 2695 416 2719 ι.
443 2677 566 2725 etc.
593 2662 670 2722 Δὲ
699 2673 758 2719 et
781 2658 837 2718 τὲ
859 2678 1006 2735 saepe
1031 2657 1285 2716 confusa.
1315 2649 1405 2723 Μὴ
1430 2652 1686 2708 similiter

147 2761 360 2815 omismm
389 2768 480 2814 est
501 2752 716 2827 Polyb.
751 2769 810 2826 9,
833 2767 894 2820 2,
927 2754 986 2814 4.

587 2927 667 2986 11.
711 2916 1202 2984 ΓΑΝΥΜΗΔΗΣ.

207 3232 420 3286 Antiatt.
445 3247 518 3303 p.
557 3243 699 3294 102,
732 3241 833 3299 29,
869 3216 1168 3296 Κατάχωλε
1195 3234 1212 3275 t
1256 3213 1398 3274 Ἀλκ.
1425 3209 1686 3287 Γανυμή-

151 3317 221 3376 δει.
247 3339 497 3375 exutam
527 3311 636 3392 γὰρ
662 3309 966 3391 Ἥφαιστον
990 3310 1019 3365 ὁ
1041 3303 1172 3370 Ζεύς
1196 3325 1326 3383 φησι

221 3447 560 3540 Κατάχωλε
575 3491 594 3522 ,
617 3443 864 3524 Θᾶσσον,
900 3435 940 3512 ἢ
964 3431 1370 3530 κεραυνοπλὴῖ
1399 3427 1554 3500 icet!

145 3577 320 3636 Θᾶττον
341 3577 550 3634 maluit
571 3571 754 3634 Mein.

200 3821 446 3879 Gmmm.
491 3817 738 3874 Bekkeri
781 3811 1002 3874 Anecd.
1033 3828 1090 3885 p.
1141 3809 1281 3878 360,
1321 3804 1681 3881 Αἶγίθαλλοςε

137 3907 284 3986 ὄρνεον
311 3905 606 3965 κωλυτικδν
637 3901 894 3983 πράξεως.
944 3898 1090 3958 ’Akt-
1125 3898 1321 3958 Γαν..«
1354 3892 1567 3954 Ἔοικεν
1597 3894 1687 3951 αἰ-

131 3997 354 4070 γίῠαλλος
383 3993 698 4054 διακωλύειν
733 3989 794 4047 τὸ
823 3995 1071 4068 πρᾶγμα.
1102 4011 1129 4038 ιι
1165 3985 1430 4042 Iambicis
1461 3985 1690 4040 senariis

131 4087 180 4140 in
203 4089 297 4142 tali
316 4105 387 4142 re
420 4103 568 4160 opus
591 4094 706 4151 est,
735 4099 858 4136 non
895 4077 1155 4134 dimetris
1200 4074 1562 4147 catalecticis,
1601 4073 1690 4129 vel

131 4174 472 4231 tetrametris.
497 4171 824 4230 scribamus

209 4299 420 4374 ἔοικεν
449 4303 806 4395 αἰγίθαλλος
842 4297 1004 4391 (ὣς)
1039 4288 1402 4362 διακωλύειν

209 4413 282 4477 τὸ
331 4415 605 4502 πρᾶγμα.

2535 756 2589 814 3.

1853 886 2061 947 Athen.
2105 885 2162 958 3,
2191 905 2253 961 p.
2293 904 2436 960 110,
2462 888 2515 941 A
2554 882 2843 961 εΔῖπυρον.
2878 880 3143 949 Εύὸουλος
3176 885 3346 943 Γανυ-

1776 970 1948 1048 μήδει.
1998 972 2344 1051 Διπύρους
2392 994 2457 1030 τε
2498 968 2809 1049 Θιρμούς.
2842 970 2891 1029 οἱ
2922 968 3129 1047 δίπυροι
3156 970 3212 1026 δὲ
3246 968 3347 1027 εἶσί

1739 1083 1905 1126 -τινες
1941 1057 2087 1137 ἄρτοι
2128 1061 2433 1141 τρυφῶντες.
2470 1056 2616 1117 Ἀλκ.
2668 1056 2991 1133 Γανυμήδει.
3042 1059 3133 1115 Ad
3169 1058 3345 1128 hunc,

1773 1167 1892 1205 non
1915 1149 1991 1205 ad
2012 1148 2334 1222 Eubulum,
2359 1150 2455 1204 illa
2484 1149 2773 1221 pertinere
2798 1146 3048 1202 ostendit
3071 1147 3274 1202 Pollux
3294 1166 3350 1217 7,

1777 1236 1852 1293 23
1885 1254 1904 1295 .·
1931 1232 2077 1295 Ἀλκ.
2108 1236 2162 1291 ἐν
2183 1236 2317 1295 Γαν.
2341 1232 2583 1312 διπύρους
2608 1232 2797 1313 ἄρτους
2826 1232 2933 1313 (sic
2962 1235 3147 1308 vulg„
3170 1234 3350 1289 sedin

1776 1326 1997 1401 optimo
2020 1324 2148 1380 cod.
2169 1326 2298 1383 Par.
2322 1319 2474 1380 διπύ
2489 1343 2516 1399 ρ
2535 1343 2602 1379 ου
2619 1344 2642 1387 ς
2660 1342 2691 1377 τ
2706 1343 2731 1378 ε
2772 1324 2800 1378 θ
2820 1342 2842 1377 ε
2858 1342 2885 1397 ρ
2902 1319 3022 1395 μού
3040 1344 3083 1389 ς,
3118 1341 3351 1397 prorsus

1760 1424 1842 1489 ‘ut
1867 1432 1960 1487 ap.
1995 1410 2239 1488 Athen.)
2276 1400 2440 1467 εἶπεν·
2485 1408 2533 1467 οἱ
2572 1406 2627 1466 δὲ
2654 1406 2858 1486 δίπυροι
2892 1405 3045 1485 ἄρτοι
3079 1406 3212 1473 τινές
3249 1408 3349 1465 εἶσι

1775 1499 2088 1577 τρυφῶντες.

2525 1630 2557 1691 4
2568 1665 2584 1681 .

1855 1756 2273 1814 Choeroboscus
2298 1751 2453 1829 apud
2476 1752 2795 1809 Belikerum
2824 1753 3033 1809 Annot.
3066 1750 3139 1807 ad
3160 1752 3345 1825 Etym.

1777 1846 1854 1903 M.
1885 1864 1947 1919 p.
1986 1850 2133 1911 1004
2180 1840 2367 1916 ἕλε’γει
2406 1839 2463 1898 δὲ
2500 1836 2821 1919 Ἡρωδιανὸς
2856 1836 2937 1895 ὅτι
2977 1836 3122 1897 ἔστιν
3166 1836 3347 1914 ὅμοιον

1778 1931 1923 2007 αὐτῷ
1974 1929 2121 2007 (scil.
2176 1932 2389 1987 aoristo
2434 1927 2687 1986 secundo
2752 1922 2972 2002 ἔπεσον)
3029 1923 3089 1983 τὸ
3139 1925 3349 2002 κακὲμ-

1776 2038 1973 2099 φατον,
2020 2016 2157 2097 φημὶ
2214 2018 2269 2075 δὲ
2313 2016 2373 2075 τὸ
2418 2015 2671 2095 ἔχεσον,
2730 2012 2821 2073 καὶ
2862 2012 3208 2093 παρατίθεται
3249 2012 3344 2085 τὴν

1776 2108 1969 2184 χρῆσιν
1996 2107 2123 2184 παρ’
2151 2102 2379 2183 Ἀλκαίῳ
2406 2104 2459 2161 ἐν
2485 2104 2641 2173 Γαν.,
2670 2100 2893 2180 ἔχουσαν
2918 2098 3081 2167 οὕτως
3109 2128 3135 2152 ι
3166 2098 3349 2159 Κατί-

1776 2214 1932 2271 χεσον
1962 2194 2054 2263 τῆς
2082 2185 2368 2271 Νηρηΐδος.
2395 2217 2421 2242 ²·
2450 2193 2665 2249 Similia
2682 2191 3081 2266 grammaticus
3098 2190 3351 2250 Cramcri

1782 2281 2001 2338 Anecd.
2056 2282 2241 2339 Oxon.
2297 2299 2351 2351 1,
2388 2298 2449 2355 p.
2515 2279 2650 2351 176,
2704 2298 2803 2336 21.
2848 2279 3097 2335 Meinek.
3128 2278 3350 2333 confert

1778 2368 2093 2427 Herodian.
2130 2364 2262 2445 Περὶ
2291 2387 2411 2443 μον.
2440 2362 2549 2435 λίξ.
2578 2387 2639 2443 Ρ.
2663 2374 2759 2437 24,
2788 2384 2879 2426 12.
2898 2366 3072 2441 Apud
3098 2366 3347 2422 Alcaeum

1775 2458 2085 2515 scribamus
2114 2473 2131 2514 ι
2836 2442 2845 2451 ’

1875 2612 1971 2621 -·
1999 2572 2353 2664 Κατέχεσον

1875 2670 2181 2770 Νηρῇδος.

1781 2806 2145 2861 Homericum
2167 2815 2251 2860 est
2275 2798 2493 2882 Νηρηῒς,
2534 2798 2795 2879 Νηρηΐδες
2817 2798 2920 2880 (11.
2954 2800 3049 2871 18,
3076 2800 3173 2871 38,
3195 2803 3349 2879 etc.),

1778 2895 2031 2950 Atticum
2086 2894 2297 2972 Νηρῇς,
2344 2890 2585 2970 Νηρῇδες
2634 2892 2861 2966 (Eurip.
2928 2892 3116 2966 lphig.
3174 2893 3345 2948 Taur.

1789 2991 1929 3058 249,
1977 2983 2118 3059 etc).
2166 2983 2485 3040 Articulum
2534 2983 2702 3036 etiam
2732 2980 3005 3055 Bergkius
3044 2979 3351 3036 delendum

1779 3089 1898 3128 esse
1920 3071 2082 3128 vidit.

2528 3193 2585 3252 5.

1856 3316 2098 3374 Antiatt.
2128 3333 2191 3388 p.
2218 3311 2316 3383 84,
2344 3321 2443 3387 24,
2476 3309 2869 3370 Βασίλισσα
2902 3326 2917 3366 :
2952 3305 3185 3370 Ἀλκαῖος
3216 3306 3345 3364 Γαν.

1777 3399 2133 3480 Ἀριστοτέλης
2162 3401 2273 3476 (ἐν)
2305 3397 2615 3476 Ὁμηρικοῖς
2643 3395 2998 3476 ἀπορήμασιν.
3030 3418 3055 3444 ιο
3084 3395 3351 3450 Similiter

1777 3491 2135 3638 &hlrynichus
2160 3489 2357 3564 Eclog.
2399 3506 2457 3562 p.
2490 3491 2632 3555 225,
2662 3497 2720 3543 ct
2749 3485 3003 3540 Philemo
3043 3483 3101 3537 in
3129 3481 3201 3538 fr.
3242 3484 3345 3537 Ba·

1817 3599 1853 3656 y
1877 3599 1999 3636 onu
2026 3595 2043 3636 z

1862 3709 2145 3772 Βασίλισσ’
2172 3707 2279 3768 ἔσει
2306 3704 2637 3772 Βαὸυλῶνος.
2662 3728 2688 3756 ³0

1781 3835 1831 3890 E
1857 3835 1947 3890 M.

2537 3939 2597 3995 6.

1863 4056 2028 4115 Idem
2046 4073 2109 4130 Ρ.
2147 4052 2277 4126 1'03,
2320 4059 2375 4124 4,
2422 4047 2760 4128 Κρεμάσω
2799 4068 2811 4103 :
2849 4045 2909 4104 οὗ
2945 4042 3098 4121 μόνον
3136 4043 3346 4123 κρεμῶ.

1784 4141 1931 4204 mx.
1966 4142 2094 4201 Γαν.

2088 4245 2105 4260 .
2536 4275 2595 4327 7·

1865 4371 2027 4430 Idem
2050 4369 2128 4426 ib.
2176 4367 2270 4438 18,
2314 4363 2874 4441 Κακοτεχνίζωνε
2912 4358 3032 4418 ἀντὶ
3060 4361 3151 4416 τοῦ
3186 4379 3355 4416 κακο-

1785 4461 2002 4538 τεχνῶν.
2027 4456 2175 4516 Ἀλκ.
2198 4457 2327 4516 Γαν.
2354 4453 2523 4510 Cous.
2549 4456 2719 4510 etiam
2742 4471 2874 4510 ann.
2900 4451 2974 4508 ad
2995 4448 3354 4524 Theopompi

131 4573 224 4638 Ὦς
243 4575 392 4630 forte
405 4571 727 4647 neglectum
756 4567 921 4623 fixerit
941 4575 1075 4640 post
1099 4583 1200 4627 -ος,
1228 4559 1477 4619 Verbum
1497 4557 1688 4612 διακω-
1791 4554 1997 4606 incert.
2029 4566 2083 4603 2.

280 4740 610 4798 SORORES
652 4741 698 4793 A
711 4734 1040 4792 MOECHO
1071 4727 1533 4788 COMPRESSAE.

211 4947 272 4959 -
291 4917 371 4972 Ne
395 4913 472 4970 sis
883 4825 936 4875 L

159 5004 348 5070 stultus,
371 4999 470 5056 sed
494 5003 738 5054 mentem
758 4992 902 5050 habe
921 4991 1123 5066 polypi.

669 5093 1144 5155 GANYMEDES.

893 5189 920 5238 1
933 5225 946 5238 .

163 5278 352 5347 Claude,
374 5277 508 5334 cito!
540 5272 746 5346 alioqui
775 5269 1014 5328 fulmine
1040 5273 1092 5324 te
1111 5265 1428 5339 percutiam.

1790 4783 2018 4842 Videtur
2037 4789 2057 4852 (
2074 4782 2251 4850 sicut)
2272 4795 2434 4854 parus
2460 4715 2729 4853 imgedire

1789 4872 2091 4947 negotium.
2567 4941 2597 4991 3

1789 5029 1961 5090 Calidi
1983 5042 2148 5102 panes
2174 5024 2379 5082 recocti
2410 5027 2499 5090 (et
2517 4979 2761 5146 didicat&
2784 5027 2802 5088 )

1960 5167 2258 5226 concacavi

1789 5254 2093 5314 Nereidem.
