3809 5850
1557 413 1934 525 srRAT'rls

201 594 335 661 οὕτως
370 620 393 647 ι
414 592 668 666 Μίλητον,
710 592 797 653 τὸν
844 592 949 651 άπὸ
1001 592 1231 664 Ληναίου
1278 590 1477 671 νεκρόν.
1514 606 1537 645 1³·
1582 597 1710 650 Non
1746 600 1761 687 ἶ

197 686 319 739 male
366 684 749 759 Dalecampius
788 680 1031 753 σκυτίνην
1095 680 1399 760 ἐπικουρίαν
1454 684 1715 758 intelligit

199 773 477 827 coriaceum
522 772 811 827 thoracem
830 811 848 841 ,
896 790 1014 845 quo
1048 772 1325 845 Sannyrio
1364 782 1563 847 pectus
1604 775 1716 827 cir·

196 859 539 929 cumdederit,
586 872 657 916 ut
702 858 925 916 firmior
970 870 1111 917 esset
1156 870 1389 916 truncus
1432 862 1713 935 corporis.

194 950 362 1024 Longe
382 948 489 1005 alio
528 966 693 1005 sensu
724 948 1015 1023 Aristoph.
1046 948 1193 1003 dixit
1222 945 1466 1018 σκυτίνην
1502 946 1717 1005 ἐπικου-

194 1033 288 1111 ρίαν
313 1038 523 1111 Lysistr.
563 1054 697 1095 110.
733 1038 995 1109 Uterque
1016 1046 1206 1092 autem
1234 1035 1439 1092 alludit
1474 1035 1549 1092 ad
1580 1054 1716 1110 pro·

192 1124 419 1179 vei-bium
443 1120 623 1195 συκίνη
647 1119 946 1202 ἱπικουρία,
972 1142 1089 1197 quo
1116 1124 1315 1180 inutile
1337 1124 1611 1179 auxilium
1636 1126 1719 1179 si-

189 1209 527 1287 gnificabatur
575 1229 590 1268 ε
648 1207 853 1269 σύκινον
900 1212 1051 1267 enim
1106 1211 1377 1269 dicebant
1432 1210 1719 1285 quidquid

190 1302 349 1358 debile
384 1310 517 1358 esset
542 1310 601 1359 et
626 1299 705 1358 ad
738 1318 902 1357 usum
930 1299 1200 1360 inhabile.
1238 1299 1400 1357 Conf.
1438 1304 1535 1357 Ar.
1570 1300 1721 1358 Pluti

190 1394 305 1461 94²·

909 1482 965 1541 5.

252 1597 435 1653 Pollux
454 1616 543 1669 10,
580 1614 686 1653 101
721 1616 737 1652 ι
764 1594 854 1652 καὶ
879 1592 983 1671 μὴν
1006 1593 1236 1675 ἐσχάραν
1268 1592 1429 1661 εἴποις
1452 1592 1515 1652 ἂν
1541 1592 1601 1652 τὸ
1629 1596 1721 1651 ἄν·

188 1682 371 1759 opiam
390 1686 572 1760 τοῦτο,
598 1681 693 1741 καὶ
720 1681 1000 1761 ἐσχάριον,
1028 1682 1120 1741 καί
1158 1704 1261 1741 που
1284 1681 1376 1741 καὶ
1396 1680 1669 1763 ἐσχαρίδα.
1695 1684 1723 1739 δ

190 1768 233 1827 δὲ
252 1772 365 1850 Στρ.
396 1772 447 1829 ἕν
470 1770 557 1831 Ψ.
585 1768 687 1850 ἔφη
737 1795 764 1821 ⁸
795 1772 920 1836 Πῶς
958 1767 1023 1828 ἂν
1055 1768 1291 1846 κομίσειέ
1324 1768 1415 1847 μοί
1451 1794 1527 1837 τις
1552 1774 1719 1847 θυμα·

188 1857 346 1915 λώπιον
372 1848 469 1917 ὧδε
496 1856 704 1935 μεστὴν
726 1857 979 1937 ἐσχάραν.
1018 1884 1043 1911 ιο
1073 1860 1405 1935 scripserim
1422 1902 1439 1931 ,
1466 1856 1532 1916 ἂν
1550 1861 1721 1915 intel-

188 1946 311 2003 lecto
346 1945 489 2027 (qua
533 1948 611 2005 de
656 1966 721 2003 re
768 1966 825 2003 ν.
871 1948 1071 2005 Herm.
1128 1946 1203 2003 ad
1248 1948 1438 2023 Viger.
1469 1966 1530 2024 p.
1581 1948 1719 2017 818,

188 2034 359 2093 matth.
387 2037 485 2097 Gr.
518 2036 556 2112 §
592 2034 739 2109 514,
770 2034 943 2109 ann.)

266 2144 395 2221 Πῶς
418 2143 802 2237 θυμαλώπων
838 2134 927 2208 ὧδ
932 2168 959 2208 ε
984 2148 1207 2234 μεστὴν
1234 2143 1492 2236 ἐσχάραν

264 2250 517 2341 κομίσειέ
543 2249 652 2342 μοί
684 2275 801 2326 τις.

190 2368 241 2423 111
266 2370 543 2427 codicibus
574 2383 774 2427 tamen
802 2389 981 2442 quum
1009 2386 1115 2426 nec
1139 2370 1249 2435 πῶς
1280 2366 1343 2427 ἂν
1388 2387 1490 2426 nec
1519 2391 1593 2433 τις
1634 2372 1717 2424 vi·

190 2456 359 2513 deatur
382 2470 597 2516 exstare
618 2501 639 2533 ‚
666 2457 913 2516 Meinek.
940 2458 1103 2513 malit
1133 2476 1150 2515 ε

638 2611 738 2621 -
760 2570 1053 2663 Κομίσειέ
1085 2597 1188 2662 μοι

262 2674 497 2773 (τάχα)
528 2680 921 2773 θυμαλώπων
955 2670 1076 2745 ὧδε
1111 2681 1337 2769 μεστὴν
1372 2676 1647 2771 ἐσχάραν.

922 2802 961 2859 6

252 2898 397 2956 Idem
414 2902 493 2958 ib.
530 2920 647 2974 1²7
686 2920 699 2956 :
728 2896 875 2956 θολία
889 2896 1107 2976 πλέγμα
1130 2920 1180 2956 τι
1204 2894 1453 2963 θολοειδὲς
1470 2895 1557 2954 ἐπὶ
1580 2904 1723 2976 σκιᾷ,

190 2983 261 3042 καὶ
282 2987 438 3065 ῥιπὶς,
464 2987 559 3048 καὶ
592 2986 861 3059 σκιάδιον,
892 2986 921 3044 ὃ
941 2985 1035 3045 καὶ
1056 2984 1245 3044 σκιάδα
1275 2982 1341 3043 ἂν
1364 2983 1529 3052 εἴποις
1552 3003 1569 3044 :
1591 2983 1727 3044 οὕτω

190 3073 271 3151 γὰρ
294 3075 375 3133 καὶ
406 3075 463 3135 τὸ
486 3074 753 3137 Διονύσου
786 3074 1018 3134 σκιάδιον
1056 3075 1299 3133 καλεῖται
1343 3072 1434 3130 καὶ
1460 3073 1649 3152 πτερὸν
1674 3071 1727 3131 δὲ

188 3161 235 3218 τὸ
256 3164 465 3224 σκιάδιον
477 3167 532 3236 ni
550 3163 953 3242 κωμῳδιοποιοὶ
978 3164 1246 3221 καλοῦσιν·
1266 3164 1294 3219 δ
1316 3161 1373 3220 δὲ
1399 3163 1537 3240 Στρ.
1561 3183 1731 3241 προει·

3263 483 3368 531 301

1909 604 2406 701 Πρασοκουρίδες,
2431 608 2495 675 αἳ
2519 616 2938 701 καταφύλλους
2967 613 3078 678 ἀνὰ
3107 620 3330 690 κήπους

1911 712 2260 788 πεντήκοντ’
2299 716 2491 809 ἴχνεσι
2521 718 2746 801 βαίνετ’
2783 720 3196 811 ἐφαπτόμεναι

1907 813 2134 905 ποδῶν,
2166 816 2524 913 σατυριδίων
2547 825 2956 917 μακροκέρκων
2978 826 3182 917 χοροὺς

1910 928 2256 997 ἑλίσσουσαι
2296 928 2434 1023 παρ’
2467 930 2713 1021 ὠκίμων

1817 1032 1855 1105 5
1908 1038 2168 1115 πέταλα,
2203 1034 2306 1101 καὶ
2339 1030 2776 1129 θριδακινίδων,
2823 1036 3090 1128 εὐόσμων
3114 1061 3182 1102 τε
3219 1034 3380 1102 σελί-

3225 1136 3375 1207 νωνῖ

1813 1274 1988 1327 Versu
2033 1288 2056 1325 1
2091 1271 2222 1326 libri
2245 1266 2362 1326 κατ’
2390 1266 2691 1349 εὐφύλλους.
2716 1274 2894 1327 Recte
2927 1272 3125 1343 Mein„
3149 1281 3382 1326 auctore

1812 1358 2010 1417 Valck.
2037 1360 2218 1415 Diatr.
2265 1358 2462 1433 Eurip.
2490 1375 2552 1433 p.
2587 1359 2723 1430 231,
2752 1356 3134 1437 καταφύλλους.
3165 1362 3227 1416 V.
3266 1378 3300 1413 a
3327 1369 3383 1414 et

1816 1444 1848 1500 3
1878 1444 2014 1501 libri
2044 1442 2370 1513 πεντήκοντα
2397 1446 2571 1501 ποδῶν
2598 1442 2769 1522 ἴχνεσι
2805 1448 2857 1522 β.
2893 1447 2991 1525 ἐφ’.
3021 1444 3224 1517 ποδοῖν,
3251 1466 3381 1502 cum

1812 1533 2138 1609 dittograpb
2145 1534 2219 1589 ia.
2237 1558 2262 1582 ιι
2273 1534 2410 1605 Quae
2425 1545 2947 1591 commemorantur
2960 1530 3254 1610 σατυρίδια,
3278 1534 3384 1590 du-

1811 1622 1934 1677 bito
1967 1633 2160 1677 utrum
2188 1627 2485 1693 satyr-iscar
2498 1662 2515 1692 ‚
2547 1633 2614 1677 ut
2655 1623 3042 1678 existimabam
3070 1623 3215 1680 nist.
3249 1622 3376 1676 crit.

1810 1710 1969 1767 Com.
1999 1729 2057 1785 p.
2094 1709 2232 1781 236,
2263 1728 2338 1765 an
2373 1708 2752 1766 caudatorum
2780 1710 3254 1765 animalculorum
3283 1728 3380 1783 ge-

1812 1818 1919 1853 nus
1941 1799 2274 1874 intelligam.
2310 1822 2336 1847 n
2372 1800 2422 1852 E
2447 1799 2537 1856 M.
2576 1798 2721 1854 Sane
2753 1798 3134 1871 cercopitheci
3159 1798 3379 1852 intelli-

1811 1886 1983 1962 gendi
2005 1898 2168 1955 sunt,
2197 1906 2344 1961 quos
2381 1904 2564 1941 erucae
2591 1887 2818 1942 imitatae
2853 1887 3054 1942 hortos
3091 1882 3378 1958 floresque

1810 1976 2165 2049 permigrare
2195 1974 2484 2031 dicuntur.
2502 2004 2584 2018 —
2619 1976 2842 2030 Horum
2875 1992 3140 2030 versuum
3168 1982 3376 2047 praeter
3442 2014 3448 2021 .

1810 2064 2092 2137 primum,
2145 2064 2238 2119 cui
2287 2063 2495 2118 similes
2549 2079 2817 2117 numeros
2859 2062 3035 2117 habet
3083 2060 3380 2134 Aristoph.

1812 2152 2018 2223 Ayium
2065 2150 2200 2220 430,
2253 2161 2310 2206 et
2335 2151 2596 2205 ultimum
2634 2150 2963 2224 priapeum,
3018 2167 3214 2205 omnes
3255 2159 3386 2203 sunt

1813 2240 2118 2311 asynarteti
2156 2238 2342 2294 minus
2371 2238 2722 2312 frequentes„
2772 2255 2826 2295 1.
2873 2238 3222 2312 compositus
3247 2253 3316 2291 ex
3348 2255 3382 2290 a

1813 2326 2107 2401 anapaestis
2161 2326 2454 2399 hypercat.
2513 2322 2900 2400 (ω-υυ-Ιω);
2950 2343 3006 2383 2.
3039 2342 3072 2380 e
3117 2322 3385 2379 dochmio

1812 2424 1869 2471 et
1904 2414 2127 2489 dactylo
2155 2414 2212 2470 d.
2235 2414 2296 2469 h.
2325 2412 2968 2489 (ο--υκκι-ω-υψ),
3001 2411 3054 2467 3.
3085 2410 3383 2467 dochmia-

1815 2520 1938 2571 cus;
1967 2506 2020 2569 4.
2051 2502 2384 2577 antispastus
2403 2502 2594 2559 iambo
2621 2500 2850 2575 junctus
2871 2496 3254 2577 (υ--υῆψ-υ-
3276 2498 3314 2572 ).

2575 2647 2608 2683 2

1892 2738 2082 2797 Schol.
2113 2738 2404 2813 Aristoph.
2433 2739 2581 2798 Rau.
2627 2738 2738 2795 303
2763 2780 2778 2811 ,
2809 2738 2882 2795 de
2920 2738 3250 2813 Hegelocho
3289 2739 3390 2793 hi-

1814 2829 2028 2883 strione
2051 2846 2066 2881 :
2090 2828 2270 2883 τοῦτον
2301 2824 2356 2883 δὲ
2383 2823 2473 2882 καὶ
2499 2827 2570 2891 ὡς
2601 2826 2799 2905 ἀτερπῆ
2827 2824 2922 2896 τὴν
2960 2822 3134 2904 φωνὴν
3162 2823 3390 2889 Πλάτων

1818 2912 2064 2974 σκώπτει.
2087 2911 2176 2972 καὶ
2198 2913 2328 2994 Στρ.
2347 2939 2370 2966 κ
2389 2914 2494 2973 Ποῖ
2516 2920 2604 2972 ποῖ
2621 2912 2748 2992 πρὸς
2765 2912 2914 2982 Θεῶν,
2938 2912 3031 2971 ποῖ
3049 2912 3072 2934 “
3086 2914 3386 2991 ποῗγαλῆν;

1815 3001 2050 3078 γαληνά,
2081 2999 2183 3079 ἐγὼ
2209 3001 2264 3059 δὲ
2315 2999 2468 3082 ᾤμην
2503 3023 2562 3060 σε
2602 3005 2770 3077 γαλῆν
2811 2999 2980 3076 λέγειν
3027 3003 3148 3080 δρῶ.
3187 3027 3232 3058 ι.
3281 3005 3390 3058 Ni-

1818 3094 2030 3147 mirum
2056 3089 2263 3167 γαληνὰ
2279 3135 2294 3160 ,
2315 3093 2638 3165 tranquilla,
2651 3090 2946 3166 placidum
2969 3109 3122 3146 mare
3154 3107 3169 3148 ε
3196 3090 3390 3166 γαλῆν,

1816 3179 2008 3246 felem.
2040 3179 2125 3237 cf.
2158 3180 2330 3235 schol.
2359 3179 2500 3236 Eur.
2535 3179 2719 3236 Orest-
2762 3177 2877 3252 269
2896 3220 2912 3249 ,
2943 3180 3043 3252 qui
3071 3179 3264 3253 priora
3299 3196 3390 3232 us·

189 3247 279 3305 '‘⁴3’'
305 3251 513 3328 ῥιπίδα
552 3249 797 3328 ἐπήγαγε
830 3248 965 3308 ῑῖῒ*
1008 3271 1041 3308 0'
1055 3248 1339 3309 κῑᾶδων·
1372 3253 1557 3306 1¹¹¹¹¹²⁰
1600 3246 1729 3316 ⁸1³-ss
1820 3287 1932 3343 que
1951 3267 2022 3324 ad
2046 3264 2269 3343 γαληνά.
2299 3267 2622 3324 Scribamus
2655 3267 2912 3322 immissis
2936 3267 3190 3340 personis
3208 3267 3390 3322 collo-

190 3337 527 3413 σκιάδειον,
546 3351 613 3398 ut
640 3357 737 3414 ap.
770 3339 1059 3414 Aristoph.
1078 3341 1184 3413 Eq.
1214 3337 1390 3409 1236,
1412 3342 1519 3396 AV.
1552 3337 1727 3412 1393,
1824 3356 2131 3429 quen-tibus
2159 3373 2174 3410 :

196 3426 337 3490 1435.
366 3453 391 3478 ι
410 3431 495 3486 De
514 3429 875 3486 umbraculis
910 3428 1021 3486 illis
1046 3428 1219 3484 docte
1247 3427 1509 3484 disseruit
1529 3427 1729 3484 Valck.

192 3513 249 3568 ad
268 3513 521 3578 Adoniaz.
556 3537 622 3595 p.
662 3517 804 3588 342,
836 3515 900 3575 C.
935 3513 1176 3573 Fallitur
1204 3515 1359 3572 haud
1384 3514 1561 3570 dubie
1604 3514 1735 3568 Pol-

188 3601 265 3658 lux
284 3645 300 3676 ,
340 3603 471 3682 ῥιπὶς
497 3618 555 3664 et
587 3601 829 3664 σκιάδιον
860 3603 933 3660 de
970 3604 1175 3660 eodem
1208 3605 1579 3660 instrumento
1621 3602 1734 3659 dici

190 3702 342 3764 τοῖαι,
359 3714 458 3751 nec
478 3692 683 3773 πτερὸν
711 3694 1111 3750 umbraculum
1134 3711 1254 3750 esse
1276 3691 1451 3749 credo
1468 3733 1486 3762 ,
1513 3691 1615 3748 sed
1631 3711 1733 3766 po·

189 3779 277 3836 tius
294 3781 463 3860 ῥιπίδα
478 3826 501 3859 ,
525 3781 845 3841 flabellum.
878 3783 1205 3856 Utrumque
1234 3780 1536 3853 conjunxit
1562 3781 1733 3836 etiam

190 3865 453 3943 Dionysius
466 3873 769 3930 Halicarn.
796 3871 995 3943 Antiq.
1032 3887 1091 3939 7,
1116 3886 1175 3942 9,
1200 3863 1531 3943 παιδαγωγοὶ
1552 3887 1734 3943 γυναι-

190 3971 283 4026 ῐῑς,
302 3958 505 4016 σκιάδια
534 3957 633 4017 καὶ
666 3955 877 4038 ῥιπίδας
904 3953 1236 4032 κομίζουσαι.
1274 3954 1366 4014 Cf.
1395 3955 1594 4029 Eut-ip.
1626 3954 1729 4012 Or.

198 4047 340 4112 1427,
368 4047 603 4103 Achaeus
630 4047 843 4104 Athen.
887 4043 982 4117 15,
1010 4062 1073 4119 p.
1106 4044 1253 4118 690,
1297 4044 1367 4110 B,
1407 4042 1635 4100 Jacobs.
1664 4039 1741 4096 ad

192 4125 425 4189 anckii
450 4137 567 4193 An.
596 4153 661 4205 τι,
688 4133 751 4206 3,
776 4153 839 4208 p.
868 4151 965 4204 70.
1001 4157 1027 4184 ι
1047 4134 1097 4188 E
1131 4133 1217 4190 M.

518 4272 625 4327 Ex
669 4267 1015 4326 INCERTIS
1053 4267 1383 4324 FABULIS.

630 4391 645 4402 ⁹
935 4399 960 4436 1

262 4483 451 4544 Athen.
483 4506 543 4557 a,
564 4507 627 4563 p.
660 4485 776 4556 68,
806 4489 853 4543 F
893 4504 910 4542 ε
951 4481 1301 4564 θριδακινίδας
1344 4481 1389 4540 δ’
1412 4479 1589 4560 εἴρηκε
1622 4481 1749 4558 Στρ.

938 4657 993 4706 5.

202 4731 396 4793 Utinam
414 4741 535 4812 quis
554 4749 675 4798 tam
696 4741 913 4814 plenam
936 4739 1193 4796 titionum
1214 4735 1535 4794 craticulam

206 4830 425 4890 apportet
446 4825 605 4896 mihi.

544 4913 657 4969 EX
696 4912 1023 4970 INCERTIS
1060 4911 1388 4968 FABULIS.

210 4991 403 5060 Fsuoeoe,
427 5012 551 5068 quae
568 4998 631 5054 in
662 4995 935 5054 frondosis
959 4997 1151 5063 1101ιί3,

211 5076 573 5155 quinquaginta
590 5082 831 5156 vestigiis
850 5083 1049 5156 pedum
1068 5082 1392 5146 insistentes,

214 5165 490 5234 audimini.
515 5179 829 5244 satyrorum
860 5171 1033 5244 longis
1061 5167 1253 5227 caudis
1270 5166 1467 5224 choros

216 5255 497 5322 torquentes
516 5259 663 5314 inter
680 5258 983 5314 ocimorum

1919 3507 2016 3516 —-
2042 3494 2106 3532 α.
2165 3467 2310 3552 Ποῖ,
2349 3469 2618 3558 ποῒπρὸς
2653 3467 2824 3542 θεῶν..
2860 3472 2968 3532 ποῖ
2993 3491 3094 3557 μοι
3124 3472 3359 3559 γαλῆνς

1939 3578 2002 3660 β.
2054 3576 2275 3647 Γαλῆν’
2335 3575 2514 3667 ἔγωγ’
2553 3575 2752 3664 ᾤμην,
2809 3573 2874 3638 σὲ
2923 3566 2978 3638 δ’
3035 3577 3153 3663 ὁρῶ
3194 3579 3392 3664 γαλῆν

3171 3685 3391 3777 λέγειν.

1828 3817 2032 3874 Literae
2054 3837 2094 3890 μ
2114 3825 2169 3872 et
2199 3835 2262 3885 π,
2293 3817 2543 3888 itemque
2565 3835 2598 3890 γ
2621 3824 2680 3870 et
2705 3813 2756 3884 δ,
2785 3812 2984 3886 saepius
3012 3812 3161 3866 inter
3189 3829 3246 3866 se
3270 3827 3394 3886 per·

1826 3916 2077 3963 mutatae.
2113 3905 2358 3964 Meinek.
2385 3904 2588 3960 ceteris
2607 3904 2916 3978 praeposuit
2937 3899 3116 3970 Γαλῆν
3144 3899 3271 3976 ὁρῶ.

2567 4021 2624 4082 3.

1913 4139 2117 4196 Athen.
2158 4157 2284 4214 1‚p.
2316 4135 2409 4206 30,
2437 4137 2481 4192 F
2525 4119 2700 4214 {er.
2745 4131 2800 4189 δὲ
2828 4130 2915 4189 τὸν
2963 4128 3213 4191 Σκιάθιον
3249 4130 3400 4186 ἐπαι-

1780 4266 1785 4289 ,
1834 4231 1945 4294 νεῖ,

1937 4349 2116 4428 Οἶνος
2151 4347 2184 4381 *
2221 4347 2494 4430 κοκκύζει
2522 4357 2652 4427 τοῖς
2683 4342 3023 4440 ὁδοιπόροις
3047 4354 3204 4412 πιεῖν

1941 4463 2126 4553 μέλας
2151 4461 2442 4545 Σκιάθιος,
2471 4460 2597 4527 ἴσον
2641 4459 2754 4544 ἴσῳ
2784 4459 3157 4548 κεκραμένος.
3247 4517 3254 4524 .

3087 4591 3180 4600 -ι

1837 4643 1986 4710 folia,
2013 4651 2067 4700 et
2088 4642 2452 4709 lactucarum,
2477 4650 2534 4697 et
2560 4639 2994 4714 suaveolentium
3014 4637 3290 4708 apiorum!

2584 4731 2618 4780 2

1836 4831 1888 4871 a.
1915 4816 2040 4887 Quo
2057 4853 2073 4880 ‚
2093 4829 2204 4886 quo
2221 4853 2236 4880 ‚
2263 4828 2358 4884 per
2375 4811 2526 4876 dena,
2545 4767 2654 4882 quo
2674 4808 2806 4866 mihi
2831 4809 2993 4881 γαλῆν
3011 4811 3035 4863 ?

1840 4905 1891 4960 b.
1927 4901 2126 4970 Γαληνὰ
2153 4916 2254 4972 ego
2297 4899 2574 4971 putabam.
2603 4907 2657 4956 te
2693 4907 2878 4956 autem
2907 4895 3062 4953 video
3095 4893 3404 5034 ἀίοετελῖ-ῒ·

2603 5078 2654 5129 3.
3247 4980 3264 5050 Ι

1846 5163 2050 5218 Vinum
2068 5159 2264 5218 ebullit
2281 5159 2570 5218 viatoribus
2588 5156 2884 5216 bibendum

1847 5249 2063 5321 nigrum
2087 5245 2412 5314 Somnium,
2439 5261 2535 5318 par
2562 5243 2676 5317 pari
2704 5248 3082 5315 temperatum.
