3809 5850
432 453 545 504 290

428 586 625 651 postca
676 570 879 627 Pericli
926 563 1405 642 nupsit,filiaque
1445 563 1635 620 Calliae
1680 562 1997 637 Hipparete

1419 428 1828 491 COMOEDlAE
1874 426 2203 489 vss‘rssms
2245 426 2659 502 RELIQUIAE.

2090 563 2158 617 In
2183 560 2295 619 fine
2326 564 2572 637 vulgatae
2589 563 2684 619 hle
2711 560 2992 620 librorum
3011 564 3301 635 scriptura·
3328 566 3668 637 praestiterit

429 660 735 719 Alcibiadi.
771 660 905 713 Post
932 655 1173 727 Periclis·
1193 654 1415 708 obitum
1462 652 1849 725 Hipponicus‚
1874 652 1998 709 cal·
2091 644 2433 722 κολοκύντης,
2471 650 2544 707 de
2567 670 2686 725 quo
2713 650 2966 708 Lobeck.
3009 650 3082 707 ad
3107 652 3320 725 Phryn.
3345 671 3403 726 p.
3441 654 3594 722 437.

428 752 516 805 liae
551 747 736 817 filius,
769 764 883 801 una
912 764 1038 799 cum
1076 739 1501 815 Eurymedonte
1531 739 1763 813 capitali
1786 739 1997 813 proelio
2092 739 2141 793 E
2177 740 2267 797 M.
2303 737 2664 809 Κολοκύντην,
2701 740 3075 806 cucurbitam,
3111 741 3422 813 symbolum
3449 744 3669 797 sanita-

429 836 581 892 fudit
622 837 957 909 Tanagraeos
1009 830 1218 905 (Thuc.
1262 828 1319 897 3,
1354 826 1498 902 91),
1548 836 1606 881 et
1648 834 1780 901 post
1820 843 2000 880 annos
2094 826 2196 895 tis,
2233 836 2291 882 et
2328 823 2529 904 κρίνον,
2561 829 2766 893 le'Ie'um,
2807 827 3039 895 mortis,
3071 837 3258 883 censet
3285 828 3667 901 Epicharmus

432 937 579 992 tres»,
620 925 836 997 olymp.
875 920 974 995 89,
1010 938 1061 989 1,
1106 919 1311 992 proelio
1352 916 1428 971 ad
1454 915 1682 971 Delium
1714 914 1995 983 interfuit,

430 1016 489 1067 in
516 1031 632 1086 quo
660 1030 789 1067 eum
819 1008 1149 1064 occubuisse
1190 1004 1367 1060 tradit
1402 1001 1747 1058 Andocides,
1777 1004 1864 1057 Ita
1897 1020 2002 1075 pa-

433 1102 532 1155 tris
559 1101 715 1155 heres
738 1098 935 1155 Callias
962 1112 1097 1149 mox
1124 1094 1379 1149 omnium
1406 1090 1829 1147 Atheniensium
1854 1108 2000 1164 opu·

430 1189 766 1245 lentissimus
804 1184 1157 1251 habebatur;
1190 1180 1290 1237 sed
1314 1222 1331 1254 ,
1362 1189 1611 1254 paternae
1641 1190 1812 1253 atque
1842 1179 2001 1233 avitae

432 1276 718 1351 sapientiae
760 1290 995 1347 expers,
1033 1271 1189 1326 omni
1224 1269 1417 1345 generi
1452 1266 1832 1341 profusionis,
1858 1264 2000 1322 ἀσω-

431 1363 573 1434 τίας,
604 1361 843 1419 levitatis
873 1361 933 1414 in
956 1358 1302 1415 commercio
1332 1374 1462 1412 cum
1486 1355 1836 1422 mulieribus,
1864 1374 2001 1429 qua-

430 1472 559 1509 rum
577 1448 885 1525 aliquando
901 1447 1067 1504 simul
1081 1458 1319 1502 matrem
1343 1456 1401 1501 et
1425 1442 1603 1500 filiam
1624 1443 1900 1518 duxerat,
1923 1445 2005 1497 ti-

430 1539 735 1608 bicinibus,
760 1554 1009 1611 quorum
1028 1545 1209 1591 artem
1228 1534 1347 1608 ipse
1370 1532 1665 1589 exercebat
1680 1572 1697 1601 ,
1715 1532 1924 1586 scurris
1945 1540 2000 1586 et

432 1627 699 1703 sophistis
716 1667 733 1696 ,
760 1624 905 1681 adeo
934 1623 1189 1693 indulsit,
1228 1634 1292 1677 ut
1315 1621 1392 1677 ad
1422 1622 1620 1677 incitas
1654 1618 2008 1694 redigeretur

435 1719 523 1793 (ν.
560 1714 855 1791 Eupolidis
894 1710 1144 1777 Κόλακας
1165 1710 1210 1790 ).
1238 1712 1307 1769 ln
1339 1728 1401 1767 re
1426 1710 1664 1787 publica
1686 1708 2004 1779 tractanda,

431 1803 997 1865 Lacedaemoniorum
1014 1818 1304 1877 proxenus
1319 1843 1336 1871 ,
1356 1797 1656 1874 aliquoties
1690 1796 1847 1871 pacis
1870 1813 2008 1853 con-

434 1895 691 1951 ciliandae
714 1910 881 1949 causa
907 1890 983 1947 ad
1014 1908 1112 1946 eos
1138 1891 1334 1946 missus
1359 1898 1471 1959 est,
1494 1887 1567 1943 de
1590 1906 1706 1961 quo
1734 1886 2012 1962 gloriatur

437 1984 593 2059 apud
606 1982 1051 2064 Xenophontem
1068 1978 1217 2034 Hell.
1236 1977 1297 2051 6,
1318 1976 1372 2048 3,
1396 1984 1450 2042 4.
1466 1975 1615 2032 Add.
1630 1974 1807 2033 Conv.
1825 1973 1883 2044 8,
1910 1981 2007 2039 40.

436 2074 780 2146 Longaevmu
814 2086 1034 2125 veneno
1063 2084 1123 2123 se
1162 2064 1527 2134 interfecisse,
1560 2064 1818 2138 exemplo
1854 2063 2012 2118 Peri-

436 2160 537 2215 clis
555 2168 613 2215 et
634 2158 807 2214 Nieiae
822 2156 1115 2231 Pergaseni
1140 2151 1159 2230 ξ
1180 2152 1471 2225 Aristoph.
1499 2151 1604 2226 Eq.
1628 2150 1804 2228 308),
1836 2149 2012 2205 tradi-

436 2246 543 2321 dit,
568 2247 847 2301 inccrtum
867 2262 979 2316 qua
996 2240 1129 2313 fide,
1154 2240 1401 2297 AElianus
1424 2242 1489 2299 V.
1513 2242 1583 2296 H.
1611 2244 1666 2306 4,
1688 2245 1784 2304 24.
1814 2260 1836 2285 υ
1858 2238 1907 2291 E
1928 2238 2012 2292 M.

522 2460 727 2519 Athen.
768 2458 859 2530 15,
884 2478 948 2535 Ρ.
985 2476 1129 2535 700,
1160 2458 1243 2519 F:
1276 2455 1588 2532 μνημονεύει
1607 2457 1696 2513 τοῦ
1726 2450 2016 2530 διμύξου

438 2546 686 2625 λύχνου
716 2544 811 2605 καὶ
838 2548 979 2605 Met.
1018 2546 1071 2603 ἐν
1104 2546 1240 2605 Φιλ.
1276 2546 1549 2602 Similiter
1570 2545 1801 2601 Antiatt.
1827 2560 1886 2615 p.
1912 2559 2012 2614 91,

442 2636 496 2692 3.
531 2638 733 2692 Pollux
756 2644 943 2691 autem
976 2652 1067 2702 10,
1104 2653 1125 2689 1
1144 2633 1233 2704 15,
1260 2634 1390 2707 ipsis
1426 2643 1608 2707 poetae
1628 2631 1816 2687 verbis
1836 2647 2016 2704 appo·

440 2724 561 2779 sitis
588 2740 603 2781 :
637 2715 968 2797 Μεταγένους
1009 2716 1065 2776 δὲ
1098 2715 1385 2797 (εἰπόντος)
1416 2715 1740 2793 Δίμυξον,
1770 2716 1850 2781 ὥς
1882 2718 1954 2791 ἐγ
1975 2712 2018 2770 ὼ

440 2810 640 2879 δοκῶ,
667 2820 728 2865 et
752 2808 813 2879 6,
852 2806 958 2863 103
990 2828 1001 2863 :
1036 2804 1229 2885 λύχνου
1270 2805 1325 2863 δὲ
1356 2802 1569 2881 διμύξου
1607 2806 1711 2862 τῶν
1744 2802 2012 2881 κωμῳδῶν

442 2893 730 2960 Φιλύλλιος
755 2891 1089 2971 μνημονεύει.
1116 2894 1253 2956 Met.
1287 2891 1341 2951 δὲ

538 3044 635 3056 —-
667 3002 953 3096 Δίμυξον,
978 3004 1015 3076 ἢ
1048 3001 1359 3096 τρίμυξον,
1397 3009 1477 3082 ὡς
1515 3000 1648 3094 ἐμοὶ
1675 2992 1861 3070 δοκεῖ.

1207 3136 1237 3194 4

526 3236 730 3292 Pollux
757 3235 817 3310 6,
862 3243 935 3303 40
968 3257 979 3292 :
1019 3237 1158 3294 Μετ.
1200 3233 1255 3292 δὲ
1288 3232 1377 3290 καὶ
1424 3235 1499 3291 λα
1520 3233 1881 3314 θροφαγεῗν
1918 3255 2018 3290 που

445 3319 611 3398 λέγει.
642 3326 879 3383 Antiatt.
920 3345 981 3399 p.
1016 3323 1146 3394 106,
1180 3342 1272 3392 12,
1308 3323 1776 3400 Λαθροφαγεῖν
1822 3343 1835 3376 1
1880 3323 2018 3380 Μετ.

449 3407 741 3488 Φιλοθύτῃ.

489 3542 974 3600 INCERTORUM
1024 3541 1455 3608 DRAMATUM
1496 3539 1972 3597 FRAGMENTA.

1222 3669 1273 3706 1.

530 3764 835 3818 Erotianus
864 3761 1044 3820 Gloss.
1082 3763 1365 3836 Hippocr.
1397 3778 1457 3834 p.
1495 3757 1606 3824 314
1656 3757 1749 3814 ed.
1801 3759 2021 3828 Franz„

453 3847 657 3927 Πολφοί
691 3867 706 3908 :
748 3845 952 3926 βολὸοί.
983 3849 1054 3914 ὣς
1083 3848 1217 3906 Μετ.
1260 3845 1390 3926 φησὶ

648 3995 727 4008 -*
776 3951 1163 4052 Ῥαφανῒδος,

553 4068 821 4157 ἀμύλου,
852 4066 1138 4150 λεκίθων,
1176 4069 1429 4156 καρύων,
1463 4061 1701 4157 ζωμοῦ,
1748 4071 2023 4156 πολφῶν,

1418 4169 1611 4256 οἴνου,
1648 4173 2021 4248 κολοκύνθης.

464 4322 491 4347 ιι
521 4297 682 4352 Libri
728 4295 999 4374 ῥαφανίδος
1028 4310 1086 4354 et
1122 4293 1374 4354 λεκύθων.
1405 4297 1598 4353 Malim
1633 4293 1856 4368 λεκίθου,
1894 4299 2028 4372 quia

458 4383 835 4455 vocabulum,
866 4384 970 4439 ubi
1013 4383 1205 4439 cibum
1224 4379 1531 4456 significat,
1563 4383 1657 4437 vix
1681 4382 1891 4439 dic-itur
1915 4403 2026 4439 nu-

460 4489 619 4528 mero
686 4472 915 4545 plurali.
993 4473 1247 4528 Fortasse
1298 4465 1436 4528 οἴνου
1496 4471 1867 4545 depravatum
1921 4484 2026 4532 est.

459 4557 685 4636 (Quum
710 4556 907 4624 λέκιθος
925 4561 1039 4616 hoc
1057 4561 1097 4615 l.
1126 4560 1343 4634 pultem
1362 4561 1768 4635 leguminosam
1792 4561 2027 4638 indicet,

456 4649 615 4704 velut
649 4652 832 4722 pisum
869 4649 1009 4705 lutei
1045 4649 1253 4704 coloris
1270 4687 1287 4718 ,
1320 4667 1441 4704 non
1480 4649 1625 4704 male
1664 4651 1996 4705 conveniret
2010 4690 2029 4724 ,

460 4752 646 4808 neque
669 4735 923 4791 absimile
942 4745 1102 4807 esset,
1126 4732 1242 4790 ὠῶν
1259 4735 1375 4790 sive
1397 4733 1534 4813 ᾠῶν,
1552 4753 1806 4794 ovorum.
1830 4735 2026 4812 Both.)

2095 914 2295 969 Athen.
2324 932 2378 984 2,
2403 933 2464 989 p.
2499 913 2600 988 59,
2622 915 2686 971 C.

2853 1039 2907 1073 2.

2173 1134 2382 1191 Athen.
2426 1132 2486 1205 6,
2526 1152 2583 1207 p.
2629 1151 2764 1203 270,
2807 1135 2852 1189 Ε
2899 1152 2914 1189 :
2973 1131 3065 1189 καὶ
3111 1132 3425 1210 θεασάμενος
3471 1136 3676 1203 πλῆθος

2097 1218 2308 1297 ἰχθύων,
2321 1217 2410 1277 καὶ
2419 1217 2595 1277 ἄλλων
2615 1218 2964 1277 παντοδαπῶν
2977 1217 3117 1298 ὄψων
3139 1219 3486 1301 παρασκευὴν
3511 1224 3676 1281 sis-m·

2094 1305 2406 1386 κλουμένην,
2431 1304 2596 1389 τύψας
2619 1308 2684 1383 τῇ
2703 1305 2838 1388 χειρὶ
2865 1304 2924 1367 τὸ
2947 1306 3366 1389 προσκεφάλαιον
3387 1311 3678 1392 ἀνέκραγε.

2173 1412 2404 1474 Τίτλαθι
2434 1412 2534 1485 δὴ,
2566 1412 2762 1487 Πενίη,
2800 1412 2893 1472 καὶ
2929 1412 3162 1495 ἀνάσχεο
3203 1416 3676 1496 μωρολογούντων·

2176 1500 2318 1582 ὄψων
2343 1500 2444 1581 γὰρ
2472 1500 2668 1574 πλῆθός
2695 1524 2754 1560 σε
2783 1502 2930 1582 δαμᾷ
2959 1500 3050 1559 καὶ
3075 1500 3226 1579 λιμὸς
3254 1504 3490 1583 ἀτερπής
3507 1528 3524 1543 ·

2101 1607 2205 1687 ἐγὼ
2237 1606 2338 1687 γὰρ
2367 1607 2470 1681 ἤδη
2499 1605 2600 1667 ὑπὸ
2628 1611 2721 1679 τῆς
2750 1606 2945 1674 ἐνδείας
2983 1608 3040 1665 οὗ
3079 1606 3430 1688 διθυράμὸους
3459 1612 3682 1689 φθέγγει·

2101 1718 2200 1773 μαι
2233 1693 2370 1755 κατὰ
2397 1696 2485 1753 τὸν
2515 1694 2828 1774 Σωκράτην,
2863 1696 2980 1755 ἀλλ’
3002 1695 3106 1769 ἤδη
3141 1696 3237 1755 καὶ
3275 1696 3380 1769 ἔπη
3399 1722 3414 1735 ·
3453 1701 3684 1775 λιμῶδες

2101 1782 2202 1863 γὰρ
2231 1782 2390 1849 ὅντως
2421 1786 2454 1855 ἡ
2487 1781 2744 1863 ῥαψῳδία.
2774 1787 2848 1841 Et
2871 1804 2934 1861 Ρ.
2964 1804 3103 1857 271,
3133 1788 3179 1844 Α
3205 1803 3222 1845 z
3252 1785 3334 1844 δεῖ
3362 1776 3456 1847 οὖν
3503 1784 3644 1861 κάμὲ
3667 1832 3682 1861 ,

2103 1870 2240 1932 κατὰ
2271 1870 2356 1928 τὸν
2385 1870 2618 1947 κωμικὸν
2649 1871 2959 1947 Μεταγένην
2991 1872 3272 1931 ἐπειπόντα

2203 1977 2305 2056 Εἷς
2338 1978 2542 2055 οἰωνὸς
2574 1976 2810 2073 ἄριστος
2831 2031 2849 2064 ,
2883 1980 3206 2071 ἀμύνεσθαι
3235 1980 3367 2075 περὶ
3403 1976 3676 2048 δείπνου.

2107 2136 2131 2161 ι
2161 2110 2479 2185 Schweigh.
2523 2111 2694 2165 etiam
2736 2112 2932 2185 priora
2969 2112 3065 2166 illa
3110 2108 3420 2169 Τέτλαθι...
3459 2110 3686 2189 ἀτερπὴς
3724 2164 3726 2183 2

2105 2199 2386 2273 Metagcni
2410 2200 2467 2252 in
2493 2198 2684 2255 fabula
2708 2195 2953 2277 ”Ομηρος
2981 2200 3269 2268 attribuit,
3293 2200 3680 2273 probantibus
3724 2224 3726 2229 ·

2105 2284 2412 2343 Fritzschio
2434 2288 2666 2357 Quaestt.
2695 2286 2983 2363 Aristoph.
3011 2305 3064 2355 1,
3088 2304 3153 2362 p.
3187 2284 3326 2359 285,
3355 2297 3418 2341 et
3447 2288 3687 2363 Bergkio
3724 2344 3726 2347 ,

2107 2374 2449 2431 Commentt.
2479 2393 2539 2448 Ρ.
2579 2381 2724 2443 422,
2753 2374 2860 2429 nisi
2882 2374 3043 2448 quod
3068 2374 3162 2429 hic
3191 2373 3434 2449 quidem
3465 2386 3684 2431 utrum-
3724 2382 3726 2425 ἶ

2108 2480 2220 2535 que
2246 2461 2622 2535 fragmentum
2649 2461 2722 2517 ad
2754 2464 2932 2517 Auras
2951 2464 3165 2517 retulit.
3197 2462 3339 2516 Mihi
3365 2462 3504 2518 haec
3531 2464 3684 2517 valde

2109 2549 2288 2607 dubia
2313 2548 2594 2619 videntur,
2619 2568 2687 2606 ao
2709 2552 2904 2607 nescio
2925 2569 2996 2607 an
3025 2569 3216 2607 versus
3233 2550 3318 2605 illi
3339 2553 3556 2623 potius
3589 2555 3684 2605 lle·
3724 2560 3726 2627 ξ

2108 2638 2367 2712 gemoni,
2400 2638 2498 2709 qui
2541 2638 2614 2695 de
2651 2650 2988 2714 paupertate
3023 2657 3126 2695 sua
3167 2641 3563 2712 conqueritur
3599 2659 3682 2713 ap.

2109 2726 2312 2783 Athen.
2347 2724 2436 2795 15,
2457 2744 2518 2799 p.
2547 2724 2695 2801 698,
2719 2725 3140 2802 D,assignandi
3165 2728 3300 2783 sint.
3333 2750 3360 2775 ι·
3389 2728 3451 2782 Ε
3473 2729 3569 2787 M.
3597 2728 3686 2784 cc-

2113 2824 2295 2869 terum
2326 2813 2398 2869 cf.
2425 2813 2588 2872 Iliad.
2627 2834 2676 2881 1,
2709 2812 2859 2885 5863
2899 2832 2992 2885 12,
3021 2814 3156 2881 243.

2877 2918 2930 2976 3.

2193 3029 2391 3084 Pollux
2431 3028 2490 3098 3,
2539 3027 2612 3099 75
2669 3046 2684 3087 ε
2739 3027 2828 3086 καὶ
2877 3026 3254 3107 δουλοπρέπεια
3295 3027 3624 3107 Θεόπομπος
3662 3029 3684 3084 ὁ
3724 2983 3726 2996 Ι

2113 3113 2356 3192 κωμικός.
2399 3113 2489 3172 καὶ
2526 3113 2862 3197 δουλάρια
2892 3117 3028 3178 Μετ.
3051 3117 3159 3194 (cf.
3193 3119 3500 3196 Aristoph.
3523 3121 3684 3178 Thes-
3724 3145 3726 3152 ·

2113 3208 2310 3282 moph.
2345 3203 2455 3276 504
2475 3209 2518 3284 ).

2803 3333 2986 3392 XXV.

2571 3457 3212 3526 ARISTAGORAS.

2155 3663 2166 3676 ³
2195 3603 2368 3657 Poeta
2392 3618 2593 3675 parum
2615 3611 2784 3658 notus
2809 3620 2926 3658 una
2952 3602 3230 3660 comedia
3273 3624 3286 3657 z
3321 3623 3377 3663 v.
3420 3609 3680 3680 prolego-

2114 3707 2281 3748 mena
2317 3689 2638 3746 fabularum
2679 3692 3006 3766 Metagenis.

2610 3851 3192 3914 ΜΑΜΜΑΚΥΘΟΣ.

2196 4067 2398 4124 Athen.
2434 4066 2528 4138 13,
2556 4087 2619 4142 p.
2657 4069 2801 4140 571,
2831 4071 2876 4125 B
2910 4089 2922 4123 :
2967 4067 3070 4145 ἐγὼ
3111 4065 3239 4146 γὰρ,
3274 4049 3322 4118 ὦ
3354 4067 3552 4149 ἄνδρες
3581 4069 3688 4126 mis-
3724 4107 3726 4110 -

2119 4172 2280 4224 σιτοι,
2309 4164 2365 4209 et
2405 4165 2594 4212 cetera
2627 4173 2755 4232 quae
2795 4159 3074 4231 exscripta
3111 4167 3242 4214 sunt
3281 4159 3343 4212 in
3388 4159 3694 4234 mangenis
3724 4231 3726 4234 Ι

2119 4244 2396 4295 Auratum
2427 4241 2500 4300 fr.
2542 4261 2563 4297 1
2581 4285 2592 4298 .

2873 4358 2926 4396 2.

2199 4437 2360 4496 Idem
2390 4439 2449 4505 8,
2492 4459 2552 4515 p.
2589 4440 2728 4511 355,
2781 4446 2830 4499 A
2869 4461 2884 4501 ε
2923 4441 3014 4500 καὶ
3059 4439 3357 4518 μελλόντων
3417 4457 3484 4501 et
3529 4457 3690 4503 cetera

2123 4527 2404 4603 exscripta
2429 4529 2642 4586 ibidem
2661 4573 2677 4600 ,
2709 4530 2783 4589 fr.
2813 4550 2871 4586 2.

2897 4637 2952 4695 3.

2205 4741 2582 4797 Antiattieista
2611 4760 2669 4816 p.
2709 4741 2784 4798 85
2815 4761 2829 4798 ε
2877 4741 3242 4816 Βασιλεὺς,
3278 4741 3448 4818 χωρὶς
3484 4749 3586 4802 τοῦ
3613 4741 3692 4816 ἄρ·
3724 4747 3726 4758 “

1222 4905 1272 4955 3.
1823 4903 2032 4970 [detur.
2129 4904 2313 4976 amyli,
2343 4905 2529 4978 pultis,
2551 4873 2782 4976 nucum,
2811 4907 2987 4981 ¹iuris,
3013 4907 3326 4976 bulborum,
3357 4907 3588 4978 viui(?)‚
3615 4922 3692 4962 cu·

469 4989 695 5044 Duobus
724 4986 809 5042 vel
838 4985 1011 5044 tribus
1033 4986 1361 5046 instructum
1382 4987 1664 5058 ellychniis
1678 5031 1693 5057 ‚
1716 4997 1778 5046 ut
1802 4989 1934 5045 mihi
1959 5008 1978 5042 1
1993 4991 2035 5044 i·

954 5077 1056 5130 Ex
1095 5076 1249 5132 ΕΑΒ.
1290 5077 1575 5133 lNCERT.

538 5261 611 5274 —-
634 5232 924 5304 Rhaphani
945 5275 959 5298 ,
1234 5171 1280 5217 Ι.

3457 4995 3692 5062 [curhitae

2887 5086 2940 5136 2.

2130 5165 2256 5221 Una
2279 5166 2391 5223 avis
2415 5167 2638 5239 optima,
2667 5183 2847 5226 aroere
2873 5168 3178 5226 convivium
3203 5166 3598 5242 impedientes.
