3809 5850
462 398 536 448 w
1448 360 2232 449 coMOEmAE'vm’Ems
2276 388 2691 463 1111110ωῶ

452 532 519 576 111
536 516 791 593 Tlnucyd.
824 516 885 589 6,
920 516 1017 574 86.
1050 518 1251 573 Cicero
1274 523 1644 591 prce-centiam
1670 524 1854 575 animi
1874 520 2024 577 dixit
2119 521 2134 596 (
2162 519 2206 577 δ’
2235 512 2323 579 ουν
2351 534 2508 579 recte
2547 524 2720 581 Mein.
2749 522 2819 597 )‘
2796 544 2850 579 εν
2876 522 3150 591 Μετοίκοις
3172 526 3683 605 λειποπωγῳνία

451 610 555 667 Or.
598 626 706 682 pro
746 608 961 663 Milone
1004 604 1103 663 63.
1140 605 1409 679 Cognatae
1452 624 1685 679 quoque
1726 609 2023 682 potestatis

450 706 531 752 est
553 692 936 773 παρουσία,ι·ε1·
950 711 1226 767 proesenS,
1250 689 1695 769 oxuzpbqsoph.
1726 696 1866 755 Ε1.1
1885 695 2018 765 181,

448 795 509 841 et
533 786 687 843 alias.

1035 884 1141 945 lv.
1190 886 1457 946 ΛΑΜΙΑ.

1212 1037 1265 1072 1.

528 1132 722 1189 Schol.
762 1130 1051 1207 Aristoph.
1098 1130 1311 1187 Eccles.
1363 1149 1456 1203 77,
1509 1126 1569 1185 τὸ
1612 1132 1705 1187 τοῦ
1756 1128 1967 1205 Λαμίου
2002 1150 2016 1191 :

448 1220 731 1298 ἀρσενικῶς
776 1216 831 1275 δὲ
881 1216 1095 1293 Λαμίαν
1126 1206 1308 1294 [εἶπεν
1334 1213 1446 1273 ἔστι
1493 1213 1547 1272 δὲ
1578 1215 1669 1273 καὶ
1711 1218 1948 1286 θηλυκῶς
1988 1223 2021 1290 ἡ

449 1312 636 1384 Λάμια
678 1310 902 1383 supplet
928 1310 1097 1366 Mein.
1124 1307 1149 1385 ]
1185 1304 1283 1364 ὖπὲ
1346 1298 1409 1377 ἧς
1446 1309 1475 1363 ὁ
1503 1305 1844 1386 Φερεκράτης
1881 1306 2021 1387 λέγει

448 1398 502 1456 ἐν
538 1399 615 1476 τῷ
651 1395 914 1475 ὁμωνύμῳ
955 1395 1223 1473 δράματι,
1264 1328 1345 1451 ἔτι
1408 1395 1749 1465 σκυτάλην
1796 1396 2023 1476 ἔχουσ’

448 1483 798 1564 ἐπέρδετο.
827 1484 1263 1541 «scribendum
1288 1480 1503 1562 Κράτης
1530 1504 1639 1559 pro
1668 1486 1824 1541 edito
1850 1486 2020 1564 Φερε·

446 1573 662 1652 κράτης.
694 1576 903 1631 Risisse
940 1573 1169 1631 videtur
1194 1574 1602 1647 Aristophanes
1637 1573 1749 1630 hoc
1778 1576 2022 1631 Cratetis

444 1662 777 1738 figmentum
808 1660 881 1718 de
922 1664 1131 1717 Lamia
1150 1662 1393 1735 pedente
1420 1662 1591 1719 crassi
1620 1662 1805 1717 baculi
1847 1682 2020 1717 causa

446 1770 577 1805 cum
614 1752 675 1804 in
705 1749 1126 1816 Ecclesiazusis,
1158 1759 1283 1803 tum
1310 1747 1487 1821 Vesp.
1538 1747 1711 1818 1175.
1754 1748 1871 1815 'Ubi
1902 1768 2020 1804 non

448 1838 653 1892 dubito
682 1839 823 1909 quin
847 1837 1017 1891 etiam
1042 1832 1189 1889 illud
1209 1835 1282 1891 de
1300 1834 1666 1908 Cardopione
1702 1854 1771 1891 ex
1797 1836 2021 1893 Cratete

446 1924 773 1981 derivatum
794 1924 885 1981 sit.
920 1946 945 1973 υ
976 1924 1027 1979 Ε
1050 1924 1142 1978 Μ.

1212 2057 1264 2094 2.

526 2153 732 2211 Athen.
770 2172 861 2224 10,
893 2172 955 2229 p.
1000 2154 1141 2223 418,
1168 2154 1212 2210 C
1240 2169 1255 2210 ε
1282 2149 1361 2208 ὅτι
1395 2148 1449 2206 δὲ
1476 2148 1567 2207 καὶ
1592 2148 1782 2216 πάντες
1804 2150 2018 2207 Θεττα-

446 2238 527 2297 λοὶ
551 2241 622 2306 ὡς
646 2239 941 2320 πολυφάγοι
980 2240 1347 2313 &centnm-to,
1387 2240 1491 2318 Kp.
1527 2237 1686 2317 φησὶν
1716 2241 1770 2297 ἐν
1799 2236 2018 2314 Λαμίᾳ,

544 2347 679 2430 fler-n
714 2360 981 2451 τριπήχη
1014 2366 1411 2435 Θετταλικῶς
1443 2358 1818 2449 τετμημένα.

446 2489 597 2543 τοῦτο
626 2484 670 2541 δ’
702 2474 844 2543 εἶπεν
862 2530 878 2558 ,
925 2492 994 2551 ὼς
1037 2488 1139 2544 τῶν
1177 2485 1464 2545 Θετταλῶν
1503 2483 1710 2561 μεγάλα
1760 2482 1889 2563 κρέα
1927 2506 2016 2541 τε·-

448 2570 699 2647 μνόντων.
720 2574 961 2633 Casauh.
982 2570 1135 2645 Ἔπη
1154 2594 1264 2653 pro
1286 2571 1417 2631 ἐπεί.
1440 2598 1465 2624 ι
1484 2574 1657 2631 Dicta
1681 2573 1800 2629 haec
1828 2574 1888 2627 in
1909 2574 2014 2629 ho·

446 2664 659 2719 minem
686 2664 950 2738 ampullis
991 2674 1048 2720 et
1092 2661 1586 2741 sesquipedalibus
1625 2663 1810 2719 verbis
1853 2672 2016 2719 uten-

448 2762 583 2807 tem.
614 2774 638 2801 ν
662 2752 715 2806 Ε
740 2752 827 2807 M.

1210 2846 1263 2903 3.

526 2962 734 3020 Pollux
780 2983 843 3037 9,
892 2962 967 3017 62
1001 2981 1016 3020 τ
1061 2961 1109 3019 οἱ
1138 2957 1317 3035 μέντοι
1364 2956 1505 3018 ὀκτὼ
1550 2957 1725 3018 &eom
1770 2961 2018 3035 ἡμίεκτον

448 3050 807 3127 ὠνομάζοντο,
834 3048 903 3116 ὥς
929 3070 1088 3129 φησιν
1117 3050 1172 3107 ἐν
1204 3047 1387 3128 Λαμίᾳ
1418 3050 1521 3128 Κρ.

550 3164 852 3259 Ἡμίεκτόν
892 3169 1027 3234 ἐστι
1064 3176 1287 3258 χρυσοῦ
1348 3162 1808 3258 (μανθάνειςς)
1856 3169 2019 3232 ὀκτὼ

1808 3266 2019 3340 ’ὃολοιᾌ

444 3399 604 3457 Libri
628 3397 918 3478 μανθάνῃς,
947 3400 1107 3476 quod
1135 3401 1386 3458 correxit
1422 3402 1593 3457 Mein.
1618 3403 1739 3476 Ego
1772 3402 2020 3458 scribam

446 3487 585 3545 ὀκτὼ
608 3486 802 3548 ὀὸολοί.
832 3495 991 3548 Auro
1014 3491 1269 3546 venalem
1290 3509 1405 3546 esse
1429 3491 1509 3546 ait
1530 3491 1812 3546 heminam
1830 3532 1845 3560 ,
1876 3493 2018 3562 vini,

446 3579 674 3651 opinor,
704 3579 945 3634 ridicule
985 3596 1187 3633 aurum
1219 3597 1435 3634 vocans
1458 3589 1593 3634 octo
1625 3579 1843 3635 oboloS.
1876 3603 1900 3628 α
1935 3583 2020 3636 De

444 3661 680 3746 ἡμιίκτῳ
706 3686 763 3722 v.
795 3666 1029 3724 Boeckh.
1062 3667 1266 3738 Quaest.
1294 3666 1523 3722 metrol.
1550 3683 1611 3738 p.
1646 3662 1779 3722 135.
1826 3691 1850 3715 ι»
1884 3668 1956 3721 Μ

1206 3785 1259 3844 4.

524 3893 711 3950 Schol.
745 3892 992 3949 Platonis
1026 3911 1089 3966 p.
1126 3891 1237 3948 382
1274 3893 1467 3965 Bekk„
1509 3894 1539 3948 ὃ
1585 3895 1800 3967 μῦθος
1836 3890 2015 3956 eludu-

446 3979 640 4038 λ“ετο;
678 3976 943 4054 μέμνηται
982 3977 1039 4034 δὲ
1078 3979 1240 4050 αὐτῆς
1282 3979 1509 4052 (intell.
1552 3981 1647 4048 τῆς
1689 3977 2012 4056 παροιμίας)

445 4063 537 4122 καὶ
563 4068 850 4158 Κρατῖνος,
875 4063 968 4124 καὶ
998 4067 1105 4143 Κρ.
1133 4064 1341 4144 Λαμίᾳ.

978 4195 1003 4272 [
1028 4194 1426 4253 ΜΕΤΟῙΚΟῙ.
1454 4193 1478 4272 ]

525 4327 710 4400 Etym.
736 4328 815 4381 M.
842 4344 902 4399 p.
928 4324 1071 4400 698,
1106 4345 1194 4394 10,
1216 4320 1576 4400 Πωγωνιῆῒης
1605 4341 1619 4383 :
1645 4321 1835 4400 πώγων
1852 4366 1870 4398 .‚
1904 4319 2014 4379 πώ-

444 4433 635 4488 γωνος,
678 4409 1010 4489 πωγωνίτης.
1050 4408 1259 4488 λέγουσι
1291 4411 1349 4468 δέ
1372 4433 1508 4476 τινες
1548 4409 1629 4468 ὅτι
1672 4410 1779 4467 ἀπὸ
1810 4413 1914 4469 τῶν
1943 4412 2014 4476 εἷς

2115 605 2232 687 ἔφη.
2261 607 2478 667 δυναται
2505 600 2625 681 ουν,
2657 607 2838 689 ὥσπερ
2862 608 3001 668 οἰκία
3029 611 3298 685 οἶκιοίτης,
3329 612 3469 672 οὕτω
3501 640 3686 693 πωγω-

2113 695 2296 767 νιοίτης
2317 696 2572 775 γενέσθαι.
2600 701 2777 755 Recte
2805 701 3073 776 Sylburg.
3105 704 3276 758 scribi
3297 703 3468 775 jussit
3506 707 3689 763 λιπο-

2115 784 2457 863 πωγωνία,
2505 788 2788 862 siquidem
2827 789 2946 845 haec
2999 809 3110 847 vox
3153 793 3288 847 vitae
3332 798 3686 863 communiS,

2115 892 2302 947 neque
2325 875 2542 930 altioris
2574 876 2831 950 spiritus,
2865 877 3023 933 haud
3057 877 3234 934 dubie
3271 880 3466 935 locum
3491 883 3690 937 habuit

2117 962 2176 1016 in
2195 965 2414 1018 senario
2429 1004 2444 1031 ,
2481 982 2652 1037 quem
2677 965 2890 1020 intrare
2912 967 3112 1039 nequit
3137 966 3562 1045 λειποπωγωνία.
3591 974 3690 1026 Ce-

2117 1061 2302 1106 terum
2339 1050 2620 1107 eomoedia
2660 1053 2738 1107 sic
2767 1053 3038 1127 inscripta
3061 1055 3338 1111 tribuitur
3366 1058 3688 1113 Pherecrati

2117 1148 2174 1193 et
2204 1138 2429 1193 Platoni
2459 1137 2615 1213 apud
2645 1138 3038 1196 Andronicum
3063 1141 3304 1198 Bekkeri
3339 1143 3560 1200 Anecd.
3584 1147 3684 1203 Gr.

2115 1244 2176 1298 p.
2215 1226 2386 1295 1461,
2414 1227 2784 1301 Apollonium
2811 1230 2898 1283 De
2923 1246 3095 1302 pron.
3125 1248 3182 1303 p.
3215 1236 3361 1301 404,
3383 1232 3448 1300 Β,
3487 1230 3687 1288 Ρο1111-

2115 1332 2274 1382 cem,
2299 1314 2613 1371 Eudociam
2635 1361 2651 1385 ,
2685 1314 2918 1371 Suidam
2943 1332 2958 1372 ·.·
2988 1326 3054 1371 111
3079 1317 3150 1373 ab
3178 1319 3356 1374 altera
3389 1331 3559 1397 parte
3586 1334 3692 1378 stet

2113 1402 2300 1456 solum
2331 1402 2650 1477 Etymologi
2677 1404 3071 1475 testimonium.

2687 1553 2752 1609 V.
2801 1548 3112 1609 ΠΑΙΔΙΑῙ.

2879 1722 2926 1760 1.

2193 1829 2450 1887 Gramm.
2481 1830 2723 1885 Bekkeri
2745 1830 2966 1886 Anecd.
2996 1849 3059 1905 p.
3091 1830 3230 1905 379,
3265 1831 3361 1902 31,
3385 1828 3552 1891 Ἄλλο
3579 1833 3691 1893 ἔτε-

2115 1938 2200 1996 ρον
2232 1937 2248 1973 :
2287 1918 2347 1973 ἐκ
2370 1915 2715 1995 παραλλήλου
2742 1915 3041 1993 λέγουσι...
3075 1920 3178 1997 Κρ.
3213 1920 3489 1988 Παιδιαῖς·

2210 2039 2352 2110 Τοῖς
2386 2025 2457 2098 δὲ
2499 2024 2834 2126 τραγῳδοῖς
2873 2034 3072 2127 ἕτερος
3108 2036 3322 2128 σεμνὸς
3357 2042 3552 2104 πᾶσιν
3585 2040 3696 2107 λό-

3011 2166 3112 2233 γος
3139 2139 3327 2220 ἄλλος
3358 2136 3457 2211 ὅδ’
3495 2147 3688 2214 ἔστιν.

2114 2266 2387 2325 Similiter
2413 2268 2646 2340 Suidss,
2673 2269 2773 2327 sed
2795 2268 2988 2327 infine
3009 2288 3206 2329 versus
3233 2269 3394 2338 ἄλλος
3425 2272 3474 2330 δ’
3509 2274 3684 2335 ἐστίν.

2873 2401 2926 2438 2.

2109 2494 2112 2499 ’
2192 2494 2400 2553 Pollux
2427 2512 2487 2569 9,
2531 2468 2761 2563 11411)
2791 2490 2846 2551 δὲ
2887 2492 3166 2565 κυνητίνδα
3207 2493 3314 2553 ἀπὸ
3341 2498 3430 2553 τοῦ
3475 2500 3696 2575 κυνεῖν,

2111 2578 2146 2637 ὅ
2167 2582 2275 2639 ἐστι
2318 2578 2656 2660 καταφιλεῖν,
2702 2578 3040 2656 ὠνόμασται,
3035 2572 3194 2685 ω’ἥπερ
3225 2582 3524 2655 ὖποδηλουν
3553 2584 3698 2645 ἔοικε

2113 2671 2216 2747 Κρ.
2247 2668 2300 2723 ἐν
2335 2668 2406 2725 Π.
2438 2666 2623 2743 σχεδὸν
2652 2665 2707 2724 δὲ
2745 2668 2835 2724 και
2857 2690 2978 2747 περι
2999 2670 3103 2725 τῶν
3129 2669 3390 2728 πλείστων
3413 2673 3442 2729 ὁ
3464 2672 3698 2745 ποιητὴς

2071 2785 2084 2797 ·
2113 2756 2316 2836 ειρηκεν
2346 2745 2490 2821 οὗτος
2519 2757 2572 2812 ἐν
2608 2755 2742 2835 τῷδε
2770 2754 3022 2835 δράματα
3051 2756 3178 2837 φησὶ
3205 2757 3250 2816 δ’
3275 2748 3364 2817 ουν

2211 2922 2291 2938 -—
2327 2875 2580 2959 Παίζειν
2611 2872 2669 2948 δ’
2701 2874 2817 2949 ανδ
2823 2908 3072 2976 ρικοισιν
3103 2886 3162 2952 ἐν
3189 2892 3390 2976 χοροῖς

2207 2993 2318 3062 τὴν
2353 2979 2689 3062 κυνητίνδ’·
2728 2993 2930 3083 ὥσπερ
2969 2990 3145 3069 εἰκὸς,
3173 2993 3312 3071 τοὺς
3337 2994 3562 3072 καλοὺς
3595 3021 3702 3086 φι-

3374 3103 3555 3166 λοῦσι
3581 3094 3697 3178 δή.

2113 3225 2272 3281 Libri
2312 3225 2635 3299 depravatis
2673 3227 2924 3281 numeris
2969 3223 3186 3291 Παίζειν
3227 3223 3272 3280 δ’
3319 3223 3373 3282 ἰν
3421 3227 3698 3306 ἀνδρικοῖς

2114 3318 2316 3390 χοροῖσι
2362 3309 2458 3381 τὴν
2488 3308 2860 3382 κυνητίνδαν...
2890 3312 3113 3390 φιλοῦσα
3141 3309 3220 3370 δέ.
3261 3311 3566 3384 Κυνητίνδα
3601 3339 3700 3375 re-

2113 3402 2297 3455 stituit
2333 3399 2530 3469 Mein„
2563 3411 2796 3456 auctore
2825 3399 3122 3456 Lobeckio
3149 3397 3399 3475 Paralip.
3424 3421 3488 3477 p.
3537 3405 3656 3461 155
3680 3429 3696 3471 ;

2113 3487 2320 3544 deinde
2342 3489 2565 3561 scripsit
2586 3486 2791 3565 φιλοῦσ’
2812 3485 2891 3543 ἀεὶ
2909 3528 2926 3558 ,
2949 3487 3049 3544 sed
3077 3490 3262 3562 aptius
3283 3495 3580 3548 sententiae
3611 3507 3702 3550 est

2113 3574 2175 3645 δὴ
2193 3619 2210 3646 ,
2237 3580 2461 3643 scilicet,
2506 3578 2622 3632 sive
2647 3579 2796 3634 serio
2837 3577 3087 3647 (lictum,
3119 3580 3237 3634 sive
3259 3578 3484 3636 ironice
3515 3603 3529 3637 :
3563 3584 3704 3658 ple-—

2113 3685 2323 3739 rosque
2351 3668 2502 3722 enim
2539 3666 2634 3721 ille
2657 3665 2918 3740 homiues
2947 3662 3104 3740 (τοὺς
3127 3664 3421 3738 πλείστους,
3447 3672 3702 3746 vulgum

2108 3756 2403 3810 hominum
2435 3794 2451 3822 ,
2476 3751 2492 3831 )
2524 3755 2602 3811 ait
2629 3773 2819 3812 amare
2836 3755 3090 3830 pulcros.
3125 3756 3287 3813 Idem
3311 3760 3488 3818 Mein.
3517 3762 3580 3816 111
3609 3762 3699 3818 di-

2108 3855 2320 3900 metros
2342 3844 2459 3914 haec
2485 3841 2783 3916 descripsit
2799 3845 2874 3898 ita
2914 3863 2926 3896 :

2206 3952 2448 4036 Παίζειν
2477 3949 2536 4022 δ’
2575 3961 2635 4022 ἐν
2671 3951 2971 4049 ἀνδρικοῖς
2999 3963 3236 4050 χοροῖσι

2205 4067 2316 4138 τὴν
2348 4055 2657 4135 κυνητίνδ’
2677 4113 2695 4146 ,
2729 4067 2924 4155 ὥσπερ
2955 4061 3138 4145 εἰκὸς,

2205 4173 2343 4248 τοὺς
2378 4171 2598 4246 καλοὺς
2629 4176 2865 4260 φιλοῢσ’
2901 4168 3015 4234 ἀεί.

2870 4298 2920 4352 3.

2187 4411 2394 4468 Athen.
2421 4430 2443 4465 1
2461 4429 2483 4466 1
2499 4451 2515 4479 ,
2531 4430 2592 4484 p.
2613 4409 2750 4484 478,
2773 4411 2818 4468 1²·
2841 4430 2855 4464 :
2878 4405 3190 4482 μνημονεύει
3205 4407 3250 4466 δ’
3270 4408 3433 4466 αὐτοῦ
3463 4409 3584 4490 (τοῦ
3601 4434 3708 4470 κο·

442 4523 519 4558 ων
547 4499 810 4577 ληγόντων
842 4501 935 4557 οὐκ
977 4497 1089 4578 ἔχει
1116 4497 1384 4575 γεγονέναι
1425 4497 1696 4576 πωγωνία.
1746 4501 1847 4577 Κρ.
1884 4502 2009 4577 γοῦν
2105 4495 2296 4555 τύλου
2317 4540 2334 4568 ,
2353 4497 2612 4573 poculi,)
2646 4497 2750 4572 Κρ.
2779 4495 2833 4552 ἐν
2857 4493 3071 4570 Π.,καὶ
3091 4493 3404 4574 Ἕρμιππος
3419 4497 3476 4554 ἐν
3507 4499 3709 4564 Θεοῖς.

1096 4670 1329 4724 LAMIA
1340 4711 1351 4722 .

1202 4759 1257 4809 2.

445 4840 622 4898 Verba
645 4839 975 4898 tricubitalia
989 4881 1005 4908 .,
1031 4839 1343 4898 Thessaliae
1364 4849 1563 4898 secata.

1205 4935 1259 4984 3.

446 5017 677 5076 Hemina
712 5014 965 5073 venditur
1002 5030 1171 5084 auro,
1202 5015 1640 5089 (intelligisne?)
1666 5026 1791 5074 octo
1816 5016 2012 5074 obolis,

1200 5107 1253 5155 4.

444 5191 633 5249 Oratio
662 5189 869 5263 perdita
894 5197 991 5246 est.

2788 4666 2992 4721 LUDI.

2107 4837 2500 4913 Tragoedorum
2533 4847 2718 4896 autem
2753 4759 3134 4896 alialomnium
3157 4838 3376 4897 diversa
3401 4843 3593 4898 oratio
3621 4853 3720 4901 est

3337 4930 3714 5004 [magnifica.

2857 5021 2910 5072 2.

2105 5133 2180 5145 —
2202 5105 2273 5159 Et
2297 5101 2485 5160 ludere
2509 5103 2568 5160 111
2591 5102 2774 5160 choris
2803 5101 3050 5160 virilibus

2108 5189 2370 5256 κυνητῑνδα
2403 5204 2416 5239 :
2442 5197 2504 5245 ut
2527 5188 2702 5257 decet,
2731 5188 2944 5261 pule-ros
2967 5195 3157 5245 amant
3172 5186 3401 5244 scilieet.
