3809 5850
1524 450 2042 512 ANTIPHANES.

182 588 263 645 καὶ
302 584 494 664 γίνεται
535 582 589 641 δὲ
620 582 797 641 καὶτὸ
827 582 1003 655 κάπη,
1049 588 1081 654 ἡ
1116 582 1315 663 φάτνη,
1352 583 1496 663 παρὰ
1534 566 1597 641 το
1632 584 1730 641 κά-

182 698 345 747 πτειν,
382 674 415 731 8
448 675 587 733 ἔστιν
620 671 823 731 ἐσθίειν.
866 674 997 753 φησὶ
1034 672 1135 752 γὰρ
1164 673 1533 754 Ἀριστοφάνης
1569 675 1737 753 (pro-

182 768 431 823 babiliter
472 766 651 821 Mein.
686 760 1028 841 Ἀντιφάνης)
1060 761 1306 823 Ἱππεῦσι
1356 788 1383 815 ιι
1438 770 1737 821 καπαῑον

180 851 315 925 Δία,
349 879 373 904 υ
400 842 515 923 ἦτοι
542 848 813 930 εὗφατνον.
845 854 997 909 Nihil
1024 854 1139 910 tale
1162 853 1452 929 Aristoph.
1474 854 1739 911 Ceterum

178 944 303 998 libri
323 942 615 1016 depravati
635 937 725 997 καὶ
754 961 805 1015 γ.
838 937 1001 999 δὲκαὶ
1030 938 1136 998 ἀπὸ
1164 944 1255 998 τοῦ
1275 937 1419 1010 κάπη
1452 936 1621 1019 φάτνη
1638 983 1653 1011 ,

178 1028 392 1086 καπαῖον
416 1027 532 1100 ἤτοι
552 1026 748 1107 φάλτον
774 1024 900 1087 Δία.
928 1054 954 1079 «ι
974 1028 1058 1085 De
1082 1026 1229 1099 κάπη
1249 1072 1267 1101 ,
1292 1031 1349 1086 h.
1377 1048 1429 1089 e.
1454 1025 1647 1107 φάτνη,
1680 1048 1734 1083 v,

180 1118 415 1191 Hesych.
446 1136 539 1175 vv.
578 1114 839 1174 Καπαλαὶ
872 1128 931 1173 et
975 1114 1183 1181 Κάπας.
1226 1116 1315 1175 Cf.
1364 1120 1549 1191 Etym.
1586 1116 1735 1174 Gud.

176 1226 237 1281 p.
269 1225 397 1281 297,
432 1203 530 1267 55.
574 1230 601 1254 ι
646 1206 855 1277 Mein„
890 1206 994 1281 qui
1024 1207 1085 1261 in
1123 1206 1339 1263 ultimis
1369 1203 1600 1278 conjicit
1638 1224 1738 1282 φα·

180 1315 361 1353 τναιον.

648 1424 833 1484 an.
884 1422 1243 1484 ΚΑΙΝΕΥΣ.

250 1566 451 1623 Athen.
491 1584 585 1634 to,
615 1582 674 1641 p.
695 1562 834 1633 433,
862 1562 905 1620 C
934 1578 949 1621 :
978 1561 1072 1619 οὗκ
1101 1560 1164 1619 ἂν
1193 1558 1421 1639 ἁμάρτοι
1446 1558 1501 1619 δέ
1524 1584 1599 1625 τις
1628 1558 1731 1639 (P)

170 1650 263 1709 ani
286 1650 345 1709 τὸ
370 1648 621 1725 ποτήριον
646 1650 807 1707 αὐτοῦ
824 1649 1137 1729 (Nestoris)
1160 1646 1325 1727 λέγων
1356 1646 1548 1726 φιάλην
1567 1650 1739 1725 (libri

168 1742 231 1799 h.
262 1744 305 1799 1.
352 1738 415 1797 τὸ
438 1738 601 1811 ὅπλον
634 1740 913 1810 inserunt,
948 1740 1223 1815 glossema
1251 1738 1412 1813 quod
1452 1748 1607 1795 recte
1641 1756 1738 1793 ex·

166 1831 347 1905 pungi
387 1829 549 1903 jussit
602 1828 903 1903 Koppiers.
961 1827 1199 1884 Observ.
1254 1826 1459 1901 philol.
1511 1844 1574 1901 p.
1640 1819 1738 1901 4ο)

166 1912 361 1995 Ἄρεως
386 1914 527 1974 κατὰ
570 1913 660 1973 τὸν
686 1911 1019 1993 Ἀντιφάνους
1071 1910 1269 1973 Καινέα
1290 1955 1307 1983 ,
1352 1914 1405 1971 ἐν
1448 1900 1492 1990 ᾧ
1531 1910 1739 1988 λέγεται

166 2028 355 2079 ουτως,

266 2116 397 2189 Εἶτ’
436 2118 509 2194 ἦν
545 2114 735 2196 δῆλος
778 2116 997 2211 φιάλην
1026 2107 1223 2205 Ᾰρεως

264 2228 425 2297 κατὰ
450 2226 765 2319 Τιμόθεον,
808 2218 1021 2303 ξυστόν
1050 2250 1117 2293 τε
1152 2226 1353 2309 βέλος.

173 2362 344 2415 Versu
370 2378 399 2414 1
430 2355 605 2413 codd.
631 2354 899 2412 mendose
922 2354 991 2413 Et
1020 2356 1105 2430 τῇ.
1133 2356 1340 2425 1mmo,
1360 2362 1663 2426 postquam
1684 2352 1745 2405 in
1768 2428 1771 2431 ἢ

172 2450 361 2503 virum
398 2456 619 2503 munta
658 2444 831 2501 suerit
873 2462 906 2499 a
946 2445 1213 2517 Neptuno
1234 2482 1250 2509 ,
1293 2440 1606 2507 Caenidem,
1624 2439 1744 2513 jam

170 2538 433 2593 Caeneum
471 2535 827 2591 nominatam
846 2570 863 2601 ,
902 2533 1073 2587 arinis
1108 2530 1437 2587 excelluisse
1478 2527 1643 2597 dicit,
1673 2526 1747 2583 ad

170 2624 409 2680 modum
438 2622 759 2690 Timothei,
790 2618 992 2676 famosi
1016 2617 1178 2675 ducis
1202 2616 1651 2695 Atheniensium,
1676 2617 1749 2673 de

170 2732 285 2787 quo
315 2718 381 2769 ad
402 2710 697 2785 Aristoph.
732 2710 962 2765 Plutum
994 2708 1128 2767 180.
1154 2712 1237 2765 De
1264 2709 1469 2765 Coeneo
1494 2724 1553 2763 v.
1578 2702 1745 2762 Ovid.

174 2804 305 2859 Met.
336 2819 405 2857 ια
425 2842 445 2875 ,
470 2798 745 2875 189-209,
770 2794 1063 2873 459-535,
1092 2807 1201 2853 etc.
1239 2820 1265 2846 κ
1299 2797 1477 2852 Maur.
1493 2791 1747 2850 Schmid-

173 2892 279 2946 tius
314 2888 437 2966 (De
468 2885 843 2962 dithyrambis
860 2904 926 2961 p.
966 2881 1113 2962 109)
1141 2902 1156 2943 z
1182 2871 1295 2943 Εἶθ’
1326 2883 1361 2952 ἡ
1386 2882 1565 2953 θῆλυς,
1584 2882 1749 2938 nimi·

174 2997 299 3033 rum
338 2977 539 3034 Caenis.
575 2975 901 3032 Aristoteles
928 2975 1088 3031 Poet.
1116 2992 1171 3029 c.
1204 2993 1273 3028 αι
1310 2992 1323 3026 2
1353 2968 1493 3047 λέγω
1524 2965 1601 3037 δὲ,
1646 2957 1750 3026 οἷον

180 3059 405 3140 Ὁμοίως
418 3064 531 3142 ἔχει
540 3060 703 3142 φιάλη
718 3059 847 3140 πρὸς
868 3059 1135 3132 Διόνυσον,
1145 3058 1233 3117 καὶ
1250 3056 1410 3124 ἀσπὶς
1426 3055 1554 3136 πρὸς
1572 3051 1753 3136 Ἄρην·

176 3153 275 3229 ἐρεῖ
312 3151 483 3209 τοίνυν
512 3149 607 3207 καὶ
629 3147 725 3220 τὴν
750 3147 950 3206 ἀσπίδα
975 3145 1211 3226 φιάλην
1242 3141 1511 3224 Ἄρεως,
1542 3143 1635 3200 καὶ
1656 3137 1752 3214 τὴν

178 3240 364 3316 φιάλην
400 3238 603 3298 ἀσπίδα
628 3234 905 3297 Διονύσου.
935 3237 1157 3310 Quibus
1178 3236 1383 3292 similia
1404 3235 1577 3290 habet
1598 3233 1751 3290 Rhe·

180 3339 283 3388 tor.
320 3331 381 3399 3,
414 3336 449 3395 4
472 3370 489 3400 ,
514 3328 617 3384 ubi
640 3326 817 3385 codd.
849 3321 1026 3403 Ἄρεος
1050 3343 1161 3399 pro
1188 3319 1402 3400 Ἄρεως,
1432 3339 1601 3396 quam
1637 3321 1754 3376 sor-

182 3436 321 3474 mam
364 3417 535 3473 etiam
564 3415 877 3489 Antiphani
920 3411 1195 3488 reddidi3
1226 3411 1299 3468 cf.
1338 3407 1755 3469 Anaxandridis

182 3503 287 3562 sab.
316 3505 527 3564 incert.
558 3523 656 3564 αι.
693 3528 717 3554 υ
752 3503 801 3559 Ε
840 3505 929 3561 Μ.

700 3661 917 3722 LXIII.
962 3659 1233 3720 ΚΑΡΕΣ.

256 3811 468 3868 Amen.
488 3815 547 3880 4,
562 3827 625 3883 p.
658 3805 796 3880 134,
818 3807 863 3862 B
889 3820 904 3860 ι
926 3773 1136 3878 μήποτ’.
1160 3797 1217 3859 δὲ
1240 3799 1329 3858 καὶ
1348 3797 1483 3858 ’Am
1508 3797 1560 3853 a
1584 3793 1758 3873 καρσι

190 3899 315 3955 κατὰ
350 3895 411 3954 τὸ
430 3893 664 3956 Ἀττικὸν
694 3893 803 3958 ἔθος
831 3893 925 3962 τῆς
943 3887 1217 3970 ὀρχήσεως
1244 3888 1488 3967 κωμῳδεῖ
1511 3907 1627 3942 τινα
1650 3886 1751 3942 τῶν

192 3989 373 4066 σοφῶν,
394 3987 466 4050 ὡς
489 3983 637 4062 παρὰ
666 3981 871 4040 δεῖπνον
894 3978 1238 4060 ὀρχούμενον,
1268 3975 1432 4054 λέγων
1453 3972 1633 4043 οὕτως,

372 4139 473 4150 --
506 4102 643 4190 Οὐχ
687 4101 825 4188 ὁρᾷς
858 4098 1215 4186 ὀρχούμενον

275 4205 376 4272 καὶ
408 4203 575 4299 χερσὶ
598 4204 704 4270 τὸν
744 4202 1051 4286 βάκηλον;
1090 4194 1219 4265 οὐδ’
1261 4197 1610 4287 αἰσχύνεται

276 4318 307 4378 ὁ
337 4313 441 4378 τὸν
476 4304 845 4402 Ηράκλειτον
880 4309 1067 4374 πᾶσιν
1099 4300 1511 4396 ἐξηγούμενος,

276 4425 309 4483 ὁ
338 4421 449 4490 τὴν
490 4407 829 4483 Θεοδέκτου
858 4411 1035 4504 μόνος
1062 4411 1393 4501 ἀνευρηκὼς
1424 4411 1664 4500 τέχνην,

278 4531 311 4590 ὁ
336 4522 417 4590 τὰ
444 4522 748 4613 κεφάλαια
778 4517 1127 4612 συγγράφων
1168 4507 1491 4606 Εὐριπίδῃ.

209 4685 225 4699 *
258 4662 541 4737 Apparet,
566 4661 689 4715 haec
710 4661 771 4713 in
796 4657 1079 4714 celebrem
1112 4655 1299 4708 virum
1338 4651 1583 4725 aliquem
1614 4649 1761 4703 dicta

3283 466 3388 516 8⁴11

1828 598 2076 644 versatus
2106 589 2200 645 ille
2223 592 2267 645 si
2297 589 2422 665 quis
2449 588 2614 655 alius,
2639 589 2698 641 in
2727 587 2960 641 historia
2992 588 3362 664 philosophiae
3383 633 3399 659 ,

1834 678 2194 733 Heraclidem
2223 679 2521 734 Ponticum
2554 677 2745 731 notari
2773 676 3133 745 existimavit,
3151 679 3404 752 designa—

1830 764 1900 818 tis
1935 766 2206 840 Diogenis
2245 766 2458 823 Laertii
2503 765 2669 834 locis,
2709 782 2778 819 ex
2829 765 3036 836 quibus
3077 766 3405 841 intelligitur

1830 854 2189 912 Heraclidem
2277 853 2716 929 interpretando
2792 854 3083 909 Heraclito
3161 856 3405 911 multum

1830 960 2019 1016 operae
2041 944 2378 1019 impendisse
2407 942 2620 1019 (Diog.
2646 945 2716 999 L.
2749 960 2807 1016 9,
2843 949 2933 1015 14,
2970 943 3069 1015 qui
3102 941 3158 1012 5,
3189 942 3264 999 88
3287 984 3305 1013 ,
3349 944 3406 999 in

1830 1032 1991 1087 libris
2037 1034 2360 1091 Heraclidis
2391 1044 2802 1089 commemorat
2831 1028 3176 1109 Ἡρακλείτου
3215 1028 3411 1105 ἐξηγή-

1831 1140 1937 1185 σεις
1959 1118 2033 1199 δ’)
2056 1163 2072 1191 ,
2099 1124 2278 1179 libros
2307 1123 2380 1179 de
2421 1132 2542 1178 arte
2578 1122 2864 1177 rhetorica
2894 1119 3214 1177 condidisse
3253 1132 3310 1179 et
3338 1122 3410 1178 de

1830 1210 2205 1285 Tragicorum
2229 1210 2411 1267 tribus
2435 1208 2794 1287 principibus
2816 1204 3262 1265 commentatum
3293 1227 3412 1267 esse

1834 1296 1926 1373 (5,
1961 1298 2096 1375 87);
2140 1300 2386 1375 denique
2429 1300 2715 1375 elegantia!
2772 1308 2828 1354 et
2865 1300 3126 1372 corporis
3167 1298 3412 1355 ornandi

1831 1388 2302 1448 studiosissimum
2325 1390 2490 1447 fuisse
2519 1386 2616 1463 (5,
2641 1387 2718 1443 86
2746 1405 2760 1444 :
2785 1375 2928 1449 οὗτος
2957 1384 3136 1457 ἐσθῆτί
3158 1408 3216 1443 τε
3237 1386 3412 1461 μαλα·

1830 1478 1899 1555 κῇ
1937 1478 2160 1555 ἐχρῆτο,
2200 1475 2292 1534 καὶ
2329 1475 2616 1555 ὑπέρογκος
2651 1464 2716 1547 ’ἦν
2755 1472 2816 1533 τὸ
2857 1475 3012 1549 σῶμα
3055 1473 3407 1553 [Hemsterh.

1832 1564 2081 1643 σχῆμα],
2110 1562 2248 1623 ὥστε
2287 1562 2444 1623 αὐτὸν
2479 1561 2583 1621 ὑπὸ
2619 1564 2722 1621 τῶν
2750 1560 2996 1620 Ἀττικῶν
3021 1560 3097 1634 μὴ
3125 1559 3410 1631 Ποντικὸν,

1832 1652 1968 1711 ἀλλὰ
1998 1674 2080 1710 πο
2101 1674 2196 1729 μπ
2217 1651 2364 1711 ικὸν
2394 1653 2684 1710 καλεῖσθαι.
2705 1648 2869 1729 πρᾷός
2895 1671 2950 1705 τε
2981 1638 3071 1720 ἦν,
3095 1647 3184 1705 καὶ
3217 1646 3272 1705 τὸ
3313 1647 3412 1726 βά-

1832 1738 1995 1817 δισμα
2024 1739 2231 1818 σεμνός.
2261 1741 2480 1817 (Minus
2500 1740 2877 1816 probabiliter
2899 1738 3032 1793 libri
3051 1758 3143 1815 πρ.
3173 1758 3230 1793 τε
3253 1725 3319 1807 ἦν
3351 1733 3414 1793 τὸ

1836 1828 1958 1908 βάδ.
2001 1829 2090 1887 καὶ
2121 1828 2327 1905 σεμνός.
2359 1829 2496 1887 Erat
2521 1826 2582 1885 τὸ
2621 1824 2746 1902 βάδ.
2787 1822 3003 1901 σεμνὸς,
3033 1830 3280 1901 ingressu
3297 1822 3412 1909 sq-

1830 1932 2006 1975 stosus
2031 1940 2051 1973 .·
2080 1919 2200 1977 vid.
2244 1917 2532 1993 Aristoph.
2563 1915 2716 1973 Nub.
2748 1914 2844 1984 48,
2884 1924 2993 1969 etc.
3039 1913 3238 1988 Both.)
3277 1912 3415 1987 Quae

1836 2008 2059 2078 omnia,
2082 2009 2128 2063 si
2151 2008 2234 2063 rei
2262 2022 2540 2062 summam
2572 2012 2787 2079 spectas
2807 2042 2824 2072 ,
2865 2002 2942 2058 ita
2978 2002 3325 2059 conveniunt
3356 2002 3416 2057 in

1834 2096 2242 2171 philosophum
2269 2094 2342 2151 ab
2372 2092 2692 2168 Antiphane
2725 2091 2951 2146 irrisum
2967 2131 2986 2161 ,
3003 2100 3069 2145 ut
3090 2089 3162 2147 de
3181 2090 3414 2145 veritate

1839 2182 2184 2261 conjecturae
2207 2182 2472 2239 dubitare
2497 2181 2594 2242 vix
2627 2180 2816 2236 liceat.
2851 2180 3056 2234 Versus
3098 2177 3130 2233 5
3175 2190 3410 2234 senten-

1838 2275 1974 2330 tiam
1996 2274 2284 2351 explicans
2304 2270 2567 2329 Casaub.:
2591 2274 2688 2345 qui
2707 2270 2760 2325 E
2761 2268 2970 2343 ure'pidi
2971 2266 3246 2339 fabulam
3269 2287 3414 2322 com-

1834 2381 2042 2439 ponere
2064 2380 2392 2435 aggressum
2414 2376 2633 2414 summa
2663 2362 2852 2433 capita
2886 2356 3178 2423 describit,
3221 2369 3279 2411 et
3295 2362 3416 2430 pre·-

1840 2470 1990 2506 mam
2016 2450 2308 2523 tragoedioe
2317 2446 2538 2521 faciem
2573 2448 2844 2503 delineat.
2883 2446 3157 2501 Existimo
3190 2457 3376 2501 autem
3397 2488 3412 2514 ,

1840 2540 1957 2596 haec
1987 2538 2058 2595 de
2081 2538 2352 2613 Euripide
2375 2539 2594 2593 minore
2627 2534 2738 2592 dici
2758 2577 2775 2604 ,
2813 2534 2886 2591 de
2920 2552 3038 2608 quo
3083 2534 3155 2591 cf.
3183 2536 3416 2595 Boeckh.

1840 2633 2005 2700 Trag.
2031 2630 2132 2687 Gr.
2157 2648 2216 2705 p.
2251 2628 2388 2687 226.
2419 2627 2577 2685 Idem
2613 2624 2842 2682 videtur
2864 2625 3300 2682 commemorari
3339 2626 3412 2681 ab

1846 2718 2110 2792 Ephippo
2157 2716 2376 2791 Epheb.
2434 2736 2494 2784 α,
2547 2726 2605 2771 et
2649 2713 3052 2771 Anaxandride
3101 2714 3234 2769 Ner.
3287 2732 3347 2770 α.
3395 2738 3418 2761 ι·

1844 2812 1894 2865 Ε
1921 2811 2005 2868 Μ.
2025 2812 2200 2865 Versu
2225 2826 2258 2865 a
2287 2808 2419 2863 libri
2451 2805 2565 2871 ταῖς
2598 2804 2784 2883 χερσὶ,
2812 2822 2992 2878 quum
3017 2805 3148 2863 Ath.
3175 2819 3418 2878 genera-

1844 2900 1948 2955 tim
1975 2898 2130 2955 dicat
2174 2893 2513 2975 ὀρχούμενον.
2545 2897 2728 2971 Igitur
2766 2894 2862 2951 hic
2901 2912 3135 2969 quoque
3181 2890 3422 2949 confusa

1844 2999 1976 3044 sunt
2003 3009 2036 3044 κ
2065 2998 2121 3044 et
2165 3007 2228 3061 τ,
2259 2996 2564 3059 ortumque
2606 2983 2872 3039 videatur
2914 3001 2947 3036 σ
2993 2983 3050 3036 in
3097 2977 3250 3043 ταῖς
3286 2997 3354 3034 ex
3384 2999 3420 3054 χ

1844 3078 2034 3134 littera
2055 3076 2225 3132 simili
2251 3076 2344 3148 (v.
2372 3093 2507 3131 ann.
2539 3071 2612 3129 ad
2635 3073 2817 3128 Thuc.
2845 3073 2898 3142 8,
2921 3071 3057 3146 91),
3078 3089 3202 3144 quae
3225 3071 3418 3140 sequi-

1847 3177 1975 3236 tur3
2011 3168 2071 3220 in
2108 3165 2291 3220 verbo
2333 3163 2450 3239 ὀρχ.
2483 3171 2670 3217 autem
2698 3161 2866 3215 simul
2907 3159 3182 3214 intellexit
3209 3155 3415 3213 Athen.

1846 3251 1943 3323 τὴν
1987 3247 2351 3330 χειρονομίαν,
2393 3250 2452 3307 h.
2499 3265 2554 3306 e.
2587 3247 2822 3303 mollem
2863 3264 2929 3302 ac
2981 3245 3309 3314 delicatam,
3349 3263 3422 3300 ne

1849 3343 2032 3400 dicam
2056 3340 2418 3408 cinaedicam,
2446 3354 2564 3411 quo
2601 3345 2858 3408 spectare
2891 3343 3058 3408 putes
3103 3328 3164 3388 τὸ
3188 3330 3420 3409 βάκηλον

1850 3431 2198 3508 (σκιαμαχεῖν
2226 3431 2387 3484 Plato
2417 3429 2556 3501 Leg.
2590 3425 2650 3494 8,
2681 3443 2744 3500 p.
2774 3430 2880 3490 401
2930 3422 3022 3479 ed.
3050 3423 3282 3496 Bipont.
3319 3439 3422 3494 ap-

1847 3521 2025 3596 pellat
2040 3517 2101 3576 τὸ
2121 3515 2504 3596 χειρονομεῖν),
2529 3531 2800 3568 manuum
2819 3511 3334 3586 gesticulationem.
3351 3513 3418 3568 V.

1849 3609 2180 3666 Schneider.
2210 3605 2284 3662 ad
2307 3605 2580 3678 Xenoph.
2598 3603 2854 3676 Sympos.
2892 3619 2949 3672 α,
2985 3618 3078 3674 19,
3109 3610 3158 3655 et
3185 3597 3257 3654 de
3280 3617 3423 3652 voce

1752 3743 1758 3748 .
1852 3696 2079 3777 βάκηλος
2091 3694 2348 3754 Lobeck.
2375 3693 2452 3750 ad
2471 3693 2678 3765 Phryn.
2695 3709 2758 3764 p.
2774 3708 2914 3760 272,
2933 3707 3078 3764 quos
3099 3688 3233 3743 citat
3251 3688 3421 3743 Mein.

1848 3792 1918 3846 V.
1948 3794 1980 3854 4
2006 3813 2032 3838 ι
2059 3786 2414 3856 Theodectes,
2441 3791 2670 3850 orator,
2695 3779 2840 3835 Cilix
2861 3795 3092 3854 genere,
3115 3775 3423 3848 discipulus

1852 3878 2124 3950 Platonis,
2144 3875 2406 3930 Isocratis
2423 3884 2482 3928 et
2499 3870 2834 3930 Aristotelis.
2853 3869 3054 3924 Cicero
3079 3865 3237 3924 Orat.
3271 3883 3290 3918 1
3304 3882 3377 3933 72
3406 3884 3416 3914 :

1860 3967 2216 4030 Theodectes,
2265 3966 2515 4038 inprime}
2549 3956 2648 4036 (ut
2687 3958 3008 4014 Aristoteles
3032 3973 3188 4029 stepo
3212 3951 3427 4026 signifi·

1850 4051 2204 4132 ca1)politus
2227 4056 2460 4127 scriptor
2484 4061 2654 4125 atque
2679 4043 2913 4117 artffex.
2945 4070 2967 4094 υ
3011 4043 3244 4100 Gesner.
3277 4042 3426 4097 'rhe-

1851 4165 2002 4204 saur.
2028 4145 2090 4202 L.
2125 4145 2190 4200 L.
2226 4161 2284 4212 2,
2317 4161 2378 4216 p.
2406 4137 2543 4210 783.

2347 4307 2556 4368 LXIV.
2607 4303 2921 4364 KAPINII.

1941 4487 1966 4510 α
2007 4461 2230 4538 Καρῖναι
2253 4458 2414 4514 dictae
2435 4455 2668 4510 fuerunt
2681 4447 2938 4526 praeficae,
2951 4465 2982 4502 e
3001 4447 3168 4503 Caria
3185 4443 3428 4509 adscitae,

1854 4569 1978 4624 quae
2033 4550 2138 4605 sub
2188 4549 2458 4604 tibiarum
2504 4545 2862 4613 aliorumque
2923 4539 3426 4592 instrumentorum

1852 4641 2044 4695 sonitu
2077 4637 2344 4712 lugubres
2389 4633 2592 4690 modos
2629 4637 2926 4686 cantarent
2970 4646 2982 4680 ι
3033 4643 3084 4679 v.
3131 4619 3428 4678 Menandri

129 4825 131 4828 y
206 4769 323 4808 tuse.
350 4755 435 4808 De
462 4769 580 4825 quo
603 4751 985 4822 interrogatus
1006 4761 1041 4800 a
1064 4761 1155 4798 me
1178 4738 1759 4812 Trendelenburgius,
1851 4733 2076 4806 Fragm.
2111 4728 2202 4786 ed.
2226 4746 2346 4802 pr.,
2371 4743 2431 4798 p.
2466 4742 2533 4796 91
2549 4763 2566 4790 ‚
2591 4731 2645 4777 et
2669 4718 2937 4792 exemplis
2957 4714 3125 4785 hujus
3151 4711 3426 4776 nominiS,

129 4883 137 5122 i

135 5219 142 5366 l

1365 4862 1588 4870 ...—-.—-

816 4927 973 4984 cAEN
982 4927 1141 4982 nus.
1172 4887 1179 4894 ’

214 5015 377 5074 Postea
404 5015 738 5088 conspicuus
762 5011 871 5070 fuit
888 5021 1075 5085 patera
1096 5009 1289 5066 Martis

135 5149 138 5160 ι
216 5101 269 5156 ad
290 5103 511 5160 modum
530 5099 833 5166 Timothei,
855 5107 911 5155 et
928 5097 1098 5170 polito
1122 5097 1247 5153 telo.

850 5187 1105 5243 CARI-Is.

278 5307 337 5319 -
364 5283 483 5336 Non
522 5277 674 5334 vides
704 5275 1030 5341 saltantem,

1637 4826 3421 4866 -.-..--.------------·----·-·--·

1804 4901 1817 4946 ¹
1860 4913 2022 4968 etiam
2046 4905 2325 4967 manibuS,
2347 4901 2599 4958 bacelutn
2633 4896 3032 4970 impudentem,

1859 4998 1954 5070 qui
1979 4977 2316 5050 Heraclitum
2337 4988 2593 5044 omnibus
2615 4985 2866 5057 explicat,

1862 5084 1956 5156 qui
1980 5079 2130 5137 solus
2153 5081 2196 5133 T
2201 5074 2474 5133 heodectis
2498 5071 2706 5128 invenit
2733 5078 2926 5135 artem,
3009 5107 3015 5114 .

1858 5171 1956 5244 qui
1985 5181 2198 5226 summa
2224 5162 2397 5236 capita
2423 5159 2720 5218 conscribit
2747 5153 3037 5228 Euripidi?

3137 5331 3210 5371 21.
