3809 5850
527 395 602 444 ⁴8
1181 350 1187 361 ’
1519 383 1928 444 coMOEmAE
1970 385 2295 447 vmssms
2336 385 2750 460 RELIQUIAE.

523 513 784 586 ἀνατολήν
806 536 818 550 ·
843 514 932 572 καὶ
961 513 1063 595 γὰρ
1085 512 1148 583 δὴ
1173 513 1264 572 καὶ
1288 511 1382 581 τὰς
1409 513 1638 582 ἐκθύσεις
1659 515 1786 596 πρὸς
1827 515 1915 574 τὸν
1944 515 2091 588 ἥλιον
2182 519 2349 575 litera
2398 520 2571 594 longa
2613 521 2924 594 corripitur
2960 530 3089 576 ante
3124 543 3167 576 ω
3184 563 3199 591 ,
3234 523 3373 578 sicut
3400 543 3414 576 ι
3440 534 3547 578 ante
3573 545 3599 590 η
3628 525 3668 576 in

525 603 811 674 ἐποιοῦντο,
840 601 1078 680 καθάπερ
1114 601 1207 659 καὶ
1245 601 1298 658 ἐν
1344 600 1610 682 Ἠλέκτρα
1649 604 1858 682 (415),
1909 603 1999 662 καὶ
2044 605 2091 662 οἱ
2184 602 2392 680 ξυνίημι
2407 609 2689 683 Soph.El.
2720 609 3669 686 126,etc.Conf.Aristoph.Amy-98.

521 689 639 755 τοὺς
666 689 966 770 καθαρμοὺς
995 688 1047 748 δὲ
1073 690 1426 755 ἐπιτελοῦντες
1452 689 1579 769 πρὸς
1602 689 1696 761 τὴν
1729 689 1799 750 ἔω
1825 691 2085 754 ἵστανται.

527 781 598 837 K.
637 777 859 859 Χείρωνι
890 776 1032 856 (sic)
1068 799 1080 833 ε

619 885 740 987 Kys
775 889 853 966 δὴ
907 895 1051 984 πρὸς
1084 895 1165 958 ἔω
1197 900 1435 984 πρῶτον
1473 893 1760 960 ἁπάντων
1805 897 1957 960 ἴστω
1992 895 2093 960 καὶ

1619 995 1894 1090 λοίμὸανε
1922 1001 2091 1094 χερσὶ

619 1113 825 1198 σχῖνον
866 1105 1156 1197 μεγάλην.

520 1237 606 1289 De
641 1235 700 1288 vi
747 1251 952 1308 magna
979 1235 1152 1289 scillae
1197 1235 1258 1288 in
1301 1233 1729 1290 lustrationibus
1758 1235 2090 1311 Aristopha-

518 1341 617 1378 nes
643 1323 796 1398 apud
817 1325 1100 1398 Harpocr.
1126 1341 1184 1398 p.
1209 1341 1311 1397 90,
1341 1321 1416 1378 28
1445 1341 1458 1376 :

601 1430 742 1511 Πρὸς
769 1429 858 1490 τὸν
880 1430 1110 1512 στροφέα
1141 1435 1230 1502 τῆς
1257 1430 1480 1497 αὐλαίας
1515 1429 1697 1510 σχίνου
1731 1431 1967 1512 κεφαλὴν
1992 1455 2087 1490 κα·

1805 1519 2087 1599 τορύττειν.

515 1635 598 1688 lta
636 1633 782 1688 enim
813 1651 921 1707 pro
969 1629 1143 1709 ἐχίνου
1185 1652 1304 1710 κειρ.
1351 1633 1598 1688 correxi.
1628 1631 1846 1686 Plinius
1890 1633 1963 1692 H.
2012 1631 2083 1692 N.

517 1739 611 1792 20,
651 1721 753 1796 39.
809 1740 821 1775 :
875 1721 1235 1793 Pythagoras
1271 1722 1494 1774 scillam
1541 1725 1600 1774 in
1639 1721 1836 1774 limine
1877 1729 2112 1794 quoque*

501 1817 706 1880 janua·
744 1827 1068 1881 suspensam
1115 1808 1390 1862 malorum
1433 1808 1961 1861 medicamentorum
2000 1813 2089 1862 in·

513 1903 730 1952 troicum
748 1898 964 1970 pellere
993 1896 1190 1952 tradit.
1219 1894 1435 1950 Eodem
1461 1896 1749 1968 pertinent
1772 1913 1896 1967 quae
1916 1895 2089 1951 habet

515 1986 812 2040 Anatolius
854 1984 1011 2058 apud
1059 1982 1389 2040 Fabricium
1427 1983 1575 2038 Bibl.
1607 1984 1706 2039 Gr.
1750 1982 1852 2040 lib.
1889 1989 1947 2052 10,
1993 1993 2088 2056 29,

513 2093 574 2146 p.
611 2072 723 2128 330
754 2092 766 2126 :
797 2069 966 2136 Λύκος
1000 2072 1234 2142 ἀκινητεῑ
1253 2071 1467 2141 σκίλλης
1491 2071 1635 2150 αὐτῷ
1659 2068 2090 2149 προσενεχθείσης

517 2161 691 2234 (male
721 2161 896 2216 codd.
917 2155 1432 2238 ’προσενελθούσης).
1460 2161 1548 2219 Cf.
1577 2159 2088 2216 Pseudodemocri-

513 2261 600 2303 tus
624 2249 702 2307 ib.
734 2269 794 2323 p.
829 2247 964 2319 336,
993 2249 1259 2324 Diphilus
1288 2248 1442 2322 apud
1475 2249 1652 2304 Clem.
1682 2249 1842 2306 Alex.
1875 2249 2085 2307 Strom.
2132 2273 2139 2334 ξ

515 2357 570 2407 7,
598 2355 656 2411 p.
693 2336 833 2409 303,
875 2345 906 2403 l.
947 2338 1134 2410 Sylb„
1175 2337 1416 2392 Casaub.
1463 2336 1537 2390 ab
1583 2337 1872 2410 Theophr.
1922 2337 2084 2396 Char.
2132 2337 2138 2358 ⁸

522 2426 608 2494 16,
641 2445 703 2500 p.
747 2425 878 2482 186.
906 2455 988 2468 —
1009 2426 1323 2482 Chironum
1354 2425 1594 2480 eliorum
1615 2425 1734 2480 haec
1766 2424 1957 2480 dicere
1979 2445 2087 2501 pu-

514 2524 592 2568 tat
622 2513 825 2588 Bergk.
860 2514 1202 2572 Commentt.
1239 2533 1304 2588 p.
1339 2511 1478 2586 ²39²
1511 2513 1933 2586 colloquentem
1956 2533 2087 2569 cum

512 2603 706 2675 aliquo
737 2641 753 2669 ‚
797 2602 896 2674 qui
943 2602 1212 2657 Solonem
1257 2619 1328 2657 ex
1363 2600 1558 2656 inseris
1585 2602 1854 2656 suscitare
1891 2602 2081 2660 vellet.

513 2697 593 2744 Ac
623 2698 844 2743 constat
868 2707 1034 2758 sane,
1078 2689 1395 2745 inferorum
1435 2687 1676 2743 deorum
1713 2690 2083 2762 supplicatio·

510 2795 610 2832 nes
644 2787 701 2832 et
727 2787 1093 2832 mortuorum
1121 2777 1483 2832 evocationes
1505 2795 1636 2831 cum
1659 2775 1947 2854 καθαρμοῖς
1974 2779 2086 2834 sive

509 2864 833 2922 lustralibus
871 2865 1044 2920 sacris
1079 2863 1246 2918 fuisse
1290 2861 1626 2935 conjunctas
1661 2882 1675 2918 z
1724 2883 1782 2918 v.
1826 2864 2079 2920 Lobeck.

509 2964 793 3039 Aglaoph.
823 2982 888 3037 p.
915 2960 1056 3036 695.
1097 2986 1121 3012 ι)
1157 2963 1208 3016 E
1235 2962 1322 3015 M.

1267 3073 1324 3131 8.

586 3198 778 3253 Schol.
813 3194 1208 3269 Aristophanis
1240 3197 1346 3251 Av.
1383 3192 1532 3263 766,
1565 3192 1620 3248 εἰ
1652 3190 1696 3247 δ’
1749 3193 1778 3249 ὁ
1818 3190 2082 3251 Πεισίου

507 3285 893 3364 προδοῦναι
944 3304 957 3338 :
1004 3281 1151 3339 οὐδὲν
1179 3278 1342 3360 σαφὲς
1374 3279 1583 3359 ἔχομεν,
1628 3279 1704 3345 τίς
1757 3280 1785 3336 δ
1823 3280 2079 3352 Πεισίου,

505 3372 621 3431 οὐδὲ
643 3371 763 3449 περὶ
789 3373 880 3442 τῆς
904 3369 1206 3450 προδοσίας·
1233 3368 1313 3428 ὅτι
1337 3368 1391 3427 δὲ
1420 3370 1524 3427 τῶν
1547 3366 1666 3426 λίαν
1687 3371 1928 3447 πονηρῶν
1956 3370 2084 3437 ἐστι,

505 3462 654 3531 δηλοῖ
711 3462 817 3540 Κρ.
877 3460 930 3517 ἐν
976 3460 1082 3530 Χ.,
1125 3457 1376 3538 Πυλαία,
1418 3456 1638 3537 Ὥραις.
1691 3459 1850 3515 Alius
1897 3459 2080 3517 schol.

503 3552 720 3607 ibidem
753 3571 765 3605 :
801 3551 1056 3629 Κρατῖνος
1085 3547 1341 3625 Χείρωσι·

601 3664 722 3731 Καὶ
778 3672 1014 3755 πρῶτον
1062 3664 1168 3754 μὲν
1221 3660 1384 3753 παρὰ
1430 3655 1800 3728 ναυτοδικῶν
1859 3662 2080 3755 &veni-sm

1354 3768 1493 3857 τρία
1522 3759 1791 3832 κνώδαλ’
1825 3762 2081 3853 ἀναιδῆ,

605 3873 875 3953 Πεισίαν,
914 3868 1210 3963 ὀφίωνα,
1246 3871 1581 3963 Διῖτρέφεα.

505 4008 573 4063 V.
637 4025 658 4062 1
721 4004 852 4060 libri
901 3996 1120 4080 πρῶτα,
1192 4013 1516 4057 correctum
1577 4020 1611 4057 a
1663 4000 1939 4061 Porsono.
1994 4006 2081 4059 De

505 4093 879 4161 Nautodicis‚
927 4091 1001 4147 ad
1029 4108 1173 4163 quos
1210 4089 1571 4146 deferebatur
1603 4090 1637 4158 ἡ
1677 4084 1842 4153 ξενίας
1867 4086 2041 4169 γραφὴ
2060 4131 2078 4159 ,

502 4184 776 4257 appositis
803 4182 980 4254 Lysiae
1023 4190 1080 4235 et
1107 4181 1615 4253 grammaticorum
1655 4176 1868 4246 verbiS,
1904 4197 2079 4233 accu-

2265 828 2549 902 Hephaest.
2577 831 2663 884 De
2690 829 2821 900 syll.
2850 847 2911 902 p.
2956 847 3022 901 17
3052 848 3063 883 :
3108 827 3237 906 φησὶ
3260 826 3315 886 δὲ
3334 826 3606 905 Ἡλιόδωρος
3634 826 3675 883 τὸ

2185 937 2225 989 μ
2249 913 2615 994 ἐπιφερόμενον
2646 914 2835 995 ἀφώνῳ
2862 907 3018 987 ἦττον
3038 917 3142 972 τῶν
3171 915 3343 974 ἄλλων
3368 919 3515 994 ὑγρῶν
3534 917 3674 992 (litte-

2184 1022 2372 1059 rarum
2401 1003 2783 1081 liquidarum)
2821 1001 2995 1068 κοινὰς
3028 1011 3195 1061 ποιεῖν
3229 1006 3283 1062 ἐν
3312 1005 3412 1070 τοῖς
3444 1003 3570 1063 ἔπεσι
3588 1004 3678 1060 ουλ-

2182 1087 2372 1157 λαὸοίς.
2416 1089 2501 1148 διὰ
2530 1095 2683 1148 τοῦτο
2709 1090 2799 1149 καὶ
2831 1093 2931 1170 Κρ.
2964 1094 3017 1150 ἐν
3042 1098 3150 1158 τοῖς
3174 1093 3245 1152 Χ.
3274 1089 3513 1162 πεποίηκε

2280 1221 2519 1312 Σκῆψιν
2547 1225 2655 1316 μὲν
2683 1223 2969 1317 Χείρωνες
2996 1227 3293 1317 ἐλτίλυμεν
3324 1231 3400 1303 ὣς
3422 1226 3679 1302 ὑποθήκας,

2190 1364 2307 1423 ἀντὶ
2332 1371 2423 1425 τοῦ
2450 1365 2479 1396 ⁴
2506 1364 2852 1444 ἐληλύθαμεν,
2896 1364 3025 1446 ὅπερ
3066 1367 3409 1446 ἐξηλέγξαμεν
3438 1369 3598 1450 ψεῦδος
3624 1369 3679 1425 ὄν.

2182 1457 2318 1512 Haec
2368 1457 2709 1532 explicatio,
2760 1458 2808 1512 si
2850 1459 3135 1532 legeretur
3182 1456 3526 1535 ἐξελέγξομεν,
3572 1471 3683 1514 certe

2179 1545 2333 1600 hunc
2373 1563 2596 1600 sensum
2632 1545 2900 1615 haberet,
2942 1547 3041 1604 sed
3077 1548 3363 1623 ineptum,
3412 1572 3435 1597 ιι
3470 1547 3683 1604 Venimus

2181 1643 2422 1707 propter
2461 1632 2522 1689 id
2538 1673 2555 1702 ,
2594 1633 2755 1707 quod
2774 1634 3137 1690 mendacium
3170 1653 3283 1692 esse
3304 1634 3637 1692 ostendemus.
3663 1659 3679 1682 ι

2181 1721 2375 1777 Valeat
2408 1722 2580 1795 igitur
2622 1722 3019 1796 Hephaestion3
3055 1723 3305 1796 itemque
3344 1723 3575 1791 valeant,
3614 1722 3685 1795 qui

2182 1808 2502 1864 obtrudunt
2557 1809 2792 1864 Hesiodi
2844 1827 2988 1882 opus
3032 1809 3369 1884 inscriptum
3420 1806 3686 1876 Ὑποθῆκαι,

2181 1897 2440 1970 quamvis
2484 1895 2859 1972 significatum
2896 1898 3265 1972 Aristophani
3316 1897 3685 1962 Daetalensibus‚

2180 1985 2506 2041 Pherecrati
2542 1986 2602 2039 in
2639 1985 2886 2040 Chirone
2909 1995 2965 2040 et
2992 1985 3257 2056 fortasse,
3280 1985 3518 2060 Bergkio
3554 1985 3687 2041 Com-

2179 2084 2384 2130 mentt.
2418 2090 2554 2148 pag.
2586 2071 2703 2128 225
2742 2074 3083 2147 suspicante,
3119 2073 3279 2148 apud
3310 2073 3615 2129 Athenaeum
3640 2069 3687 2136 8,

2178 2177 2310 2234 pag.
2342 2159 2452 2228 364
2470 2201 2486 2229 ,
2514 2163 2584 2218 A.
2612 2162 2797 2214 Immo
2819 2161 2930 2215 hoc
2952 2160 3124 2236 dixit,
3147 2161 3194 2215 si
3214 2160 3361 2234 quid
3386 2159 3573 2229 video,
3598 2159 3691 2214 cho·

2179 2267 2277 2303 rus
2326 2249 2669 2316 Chironum,
2716 2266 2939 2304 scenam
2987 2249 3453 2323 ingredientium,
3490 2267 3541 2304 se
3578 2247 3691 2302 velut
3735 2289 3736 2292 ,

2180 2337 2515 2393 consiliandi
2543 2347 2600 2391 et
2630 2335 2975 2392 admonendi
3017 2354 3185 2394 causa
3227 2337 3531 2394 advenisse.
3564 2339 3692 2392 Deest

2178 2425 2434 2483 verbum.
2460 2427 2723 2482 Ceterum
2751 2425 2888 2481 libri
2910 2427 3127 2500 aliquot
3152 2421 3441 2503 Χείρωνας.

2924 2557 3013 2594 10.

2258 2651 2450 2708 Schol.
2502 2650 2788 2724 Aristoph.
2832 2650 3008 2725 Vesp.
3060 2649 3201 2706 1231
3223 2695 3241 2722 ,
3271 2647 3326 2708 ’A
3348 2646 3574 2724 δμήτου
3615 2642 3693 2700 λό-
3735 2639 3736 2660 ’

2176 2756 2210 2812 γ
2229 2756 2325 2794 ονε
2358 2733 2449 2792 καὶ
2471 2739 2625 2792 τοῦτο
2650 2733 2791 2815 ἀρχὴ
2816 2735 3124 2796 σκολίου....
3144 2734 3414 2815 Ἁρμόδιος
3444 2737 3602 2814 (recte
3620 2735 3694 2790 sii-

2175 2843 2335 2883 vern.
2368 2821 2661 2902 Ἡρόδικος.
2697 2825 2773 2884 cf.
2801 2826 2976 2883 Mein.
3009 2827 3151 2882 Hist.
3180 2827 3308 2882 crit.
3340 2827 3499 2884 Com.
3528 2843 3581 2900 p.
3618 2819 3694 2892 13)

2176 2911 2223 2971 δ’
2242 2913 2296 2971 ἐν
2319 2917 2423 2978 τοῖς
2448 2910 2899 2991 Κωμῳδουμένοις
2918 2911 3115 2972 καὶτὸν
3133 2909 3399 2989 Ἄδμητον
3424 2910 3696 2990 ἀναγέγραφε

2177 3001 2289 3080 (ita
2315 3004 2489 3058 Mein.
2517 3021 2625 3077 pro
2648 3003 2969 3078 depravatis
2994 2999 3175 3077 οἶνοίγει
3201 3002 3478 3081 γραφήν),
3500 2996 3699 3077 παραθεὶς

2180 3087 2438 3168 Κρατίνου
2465 3090 2517 3147 ἐν
2543 3091 2620 3148 X.

2274 3221 2695 3315 Κλειταγόρας
2758 3216 2951 3311 ᾅδειν,
3007 3226 3156 3291 ὅταν
3195 3218 3498 3314 App-odim}
3563 3224 3701 3313 μέλος

3560 3331 3703 3413 αὐλῇ.

2184 3496 2207 3521 α
2232 3476 2317 3529 De
2330 3475 2507 3529 seolio
2522 3474 2641 3544 illo,
2657 3473 2816 3547 cujus
2836 3475 2929 3529 alii
2949 3469 3224 3548 Alcaeum,
3243 3476 3343 3530 alii
3360 3474 3702 3549 Sapphonem.

2175 3562 2271 3616 alii
2292 3560 2541 3635 denique
2562 3563 2862 3618 Praxillam
2885 3574 3177 3618 auctorem
3201 3562 3473 3633 edebant,
3498 3573 3707 3618 veterum

2173 3650 2518 3723 scriptorum
2546 3650 2677 3705 loca
2696 3651 3021 3724 composuit
3038 3651 3269 3706 Jacobs.
3298 3669 3438 3709 ann.
3473 3648 3543 3704 ad
3562 3648 3707 3701 Brun·

2176 3737 2288 3791 ckii
2306 3738 2473 3795 Anal.
2502 3758 2549 3808 1,
2568 3756 2631 3812 p.
2666 3758 2687 3793 1
2701 3737 2800 3809 57,
2820 3750 2931 3794 etc.
2958 3741 3043 3794 De
3061 3740 3353 3813 Clitagora
3370 3780 3388 3809 ‚
3408 3736 3620 3815 poetria
3640 3731 3707 3787 vel

2171 3837 2366 3900 poeta,
2392 3844 2450 3880 v.
2478 3826 2683 3901 Bergk.
2715 3827 3061 3883 Commentt.
3091 3845 3155 3901 p.
3186 3829 3329 3885 228.
3364 3825 3536 3897 Cujus
3554 3825 3707 3879 canti-

2173 3915 2309 3970 lcnae
2332 3926 2553 3988 partem
2572 3916 2820 3969 servavit
2840 3915 3131 3987 Aristoph.
3156 3917 3327 3989 Vesp.
3360 3914 3532 3981 1246.
3556 3913 3573 3988 (
3594 3910 3713 3968 Κλει-

2174 3998 2397 4079 ταγόρας
2414 4043 2431 4071 ,
2484 4002 2666 4060 intell.
2724 4000 2803 4071 τὶ,
2842 4020 3071 4057 carmen
3111 4004 3353 4075 aliquod
3412 4004 3682 4075 Clitagorae
3700 4034 3713 4059 9

2172 4089 2321 4144 sicut
2346 4088 2483 4167 αὐλῇ
2505 4091 2655 4146 valet
2677 4088 2810 4165 αὐλῇ
2836 4110 2941 4160 τις,
2970 4091 3150 4164 ellipsi
3178 4084 3383 4165 nota.)
3420 4090 3512 4146 Cr.
3556 4086 3717 4141 dicens

2175 4178 2222 4233 C
2226 4179 2486 4249 litagoroe
2508 4196 2734 4233 carmen
2752 4197 2955 4233 canere
2986 4179 3204 4235 tibicine
3235 4178 3468 4232 Admeti
3495 4174 3717 4230 modulos

501 4281 620 4324 rate
646 4268 790 4324 dixit
814 4268 1013 4324 Meier.
1039 4268 1208 4322 Proc.
1239 4268 1356 4323 Att.
1388 4286 1450 4341 p.
1481 4265 1579 4323 83.
1612 4268 1682 4323 V.
1719 4284 1752 4320 α
1784 4265 1917 4320 libri
1948 4262 2079 4323 Ὀσ-
2166 4277 2480 4339 praeeunte,
2518 4268 2713 4322 nescio
2764 4284 2839 4321 an
2884 4284 2983 4321 eos
3020 4266 3339 4335 notaverit,
3386 4266 3492 4337 qui
3536 4274 3716 4319 temere

501 4354 714 4433 φύωνα,
743 4357 976 4411 nomine
998 4355 1292 4423 inusitato,
1313 4365 1370 4409 et
1392 4353 1664 4432 Διῖτρέφη,
1691 4372 1808 4427 quo
1830 4364 2076 4408 metrum
2172 4354 2365 4408 omnia
2402 4354 2726 4411 miscerent.
2762 4352 3363 4428 Bergk.„Commentt.
3418 4354 3460 4407 l.
3494 4371 3573 4423 c.‚
3604 4364 3723 4423 pro·

499 4446 898 4519 arnapa-sticum
945 4444 1358 4515 corrumpitur.
1403 4443 1598 4497 Secuti
1643 4460 1837 4497 sumus
1886 4442 2073 4497 Fritz-
2169 4442 2295 4516 prie
2336 4440 2555 4498 dictum
2580 4452 2749 4516 putat
2790 4440 2865 4497 ad
2888 4440 3321 4516 significandam
3350 4441 3493 4496 artis
3522 4437 3719 4493 musicae

498 4537 716 4590 selnium
735 4536 969 4593 Dissert.
1003 4534 1076 4589 de
1100 4534 1297 4591 Daetal.
1320 4553 1384 4609 p.
1427 4552 1448 4588 1
1469 4532 1560 4589 16.
1592 4534 1660 4588 In
1686 4529 2071 4609 nomine’Otp.
2120 4558 2127 4589 1
2172 4530 2659 4604 depravationem.
2699 4555 2723 4579 „
2762 4532 2810 4585 E
2834 4532 2921 4586 M.

1255 4758 1306 4806 7.

498 4846 612 4911 Age
635 4838 818 4909 igitur.
845 4838 1082 4909 primum
1120 4838 1367 4892 omnium
1393 4835 1463 4892 ad
1486 4836 1749 4892 orientem
1780 4850 2075 4892 conversus

2169 4750 2371 4806 Pisiam
2389 4789 2406 4815 ‚
2431 4748 2738 4821 ophionem
2754 4789 2770 4814 ,
2800 4746 3141 4819 Diitrephen.

2926 4840 2977 4889 9.

1267 4926 1464 4990 [stato.
1487 4923 1798 4993 sumitoque
1825 4922 2075 4978 manibus
2170 4924 2339 4996 Quasi
2358 4920 2683 4979 consiliandi
2714 4936 2879 4978 causa
2900 4926 3069 4987 (uos)
3093 4920 3357 4977 Chirones
3398 4916 3736 4975 advenimus.

494 5017 702 5072 scillam
731 5028 1005 5085 magnam.
1101 5024 1114 5032 ·

1254 5105 1306 5155 8.
1425 5096 1669 5167 [belluas
1692 5095 2069 5169 impudentes.

497 5194 562 5245 Et
606 5190 844 5262 primum
884 5186 1106 5261 quidem
1153 5185 1220 5243 ad
1274 5185 1599 5241 Nautodicas
1636 5183 1907 5241 adducam
1958 5192 2069 5241 tres
2113 5226 2121 5243 .

2919 5016 3001 5065 10.

2168 5099 2454 5170 Clitagorae
2495 5112 2713 5154 carmen
2754 5112 2971 5162 canere.
3010 5093 3231 5167 quando
3268 5093 3501 5149 Admeti
3526 5089 3733 5147 modum

3294 5172 3497 5255 [praeit
3526 5178 3713 5235 tibicen
