3809 5850
727 578 849 623 vut
1854 559 2284 622 PRAEFATIO.

730 707 973 780 stram,
1012 723 1045 758 υ
1088 693 1187 763 de
1214 692 1509 786 antiqua
1536 691 1775 764 solum
1796 716 2106 787 ‚prorsus
2129 709 2202 764 et
2230 693 2444 789 plane
2481 695 2701 776 valet3
2734 697 2810 766 in
2840 711 3088 766 nostra
3117 699 3390 768 etenim

731 814 913 886 illud
950 822 1098 885 vita
1124 814 1216 886 de
1246 813 1576 886 moribus
1606 812 1829 887 modo
1864 830 1936 884 et
1971 815 2346 887 affectibus
2381 843 2778 914 eorumque
2811 817 3143 890 fatalibus
3180 844 3393 890 even-

729 940 821 1007 tis
854 939 1160 1034 capitur,
1206 963 1391 1021 non,
1434 953 1515 1008 ut
1549 939 1621 1007 in
1671 937 1821 1024 illa,
1855 936 1950 1007 de
1993 952 2140 1008 tota
2170 939 2424 1034 populi
2459 941 2599 1010 vita
2627 955 2700 1010 et
2735 942 3046 1040 actione.
3089 945 3195 1012 De
3229 965 3389 1012 mo-

726 1058 934 1130 ribus
969 1075 1208 1130 autem
1240 1061 1407 1156 quia
1442 1060 1717 1130 mentio
1751 1059 2048 1146 incidit,
2079 1058 2222 1129 hoc
2257 1058 2520 1132 addere
2545 1061 2824 1158 placet:
2861 1088 3010 1132 non
3046 1087 3388 1158 negamus

728 1206 897 1253 cum
948 1184 1197 1277 cynica
1230 1182 1683 1278 impudentia
1726 1197 1799 1252 et
1846 1181 2193 1256 obscoena
2237 1183 2635 1254 nudatione
2685 1185 2909 1254 multa
2958 1185 3260 1281 proferri
3311 1187 3384 1254 in

724 1305 1017 1403 antiqua
1071 1303 1424 1377 comoedia
1466 1320 1681 1404 atque
1720 1308 1829 1402 agi
1882 1309 2074 1402 (non
2136 1332 2174 1377 a
2211 1305 2642 1380 mulieribus
2691 1307 3026 1403 quidem,
3079 1332 3386 1404 quarum

724 1444 963 1525 partes
998 1429 1191 1501 viros
1223 1431 1448 1525 egisse
1478 1445 1797 1518 constat,
1836 1454 2076 1527 neque
2110 1453 2354 1502 coram
2389 1431 2735 1500 matronis
2789 1445 2859 1500 et
2907 1431 3176 1500 civium
3205 1429 3385 1502 filia-

724 1552 947 1640 bus);
990 1553 1115 1624 sed
1167 1552 1386 1624 iidem
1431 1551 1533 1623 illi
1576 1569 1842 1649 poetae,
1889 1555 2016 1649 qui
2071 1553 2470 1623 immundis
2523 1553 2790 1622 facetiis
2847 1577 3384 1650 nonnunquam

725 1673 1113 1748 indulsisse
1138 1677 1621 1772 reperiuntur,
1648 1674 1982 1747 horribili
2010 1674 2290 1772 flagello
2323 1674 2692 1783 caedebaqt
2725 1675 3058 1748 homines
3081 1677 3384 1748 vitiosos

724 1814 795 1870 et
822 1798 1161 1868 scelestos
1180 1851 1199 1886 ,
1228 1824 1414 1894 quos
1448 1798 1779 1869 hodierni
1817 1798 1970 1868 ludi
2001 1800 2302 1870 comitas
2328 1815 2401 1870 et
2431 1800 2801 1870 urbanitas
2833 1801 3104 1871 salibus
3131 1815 3202 1870 et
3233 1802 3378 1871 risu

726 1919 1123 2016 perfundit.

818 2045 1089 2112 Verum
1118 2027 1281 2112 laeta
1314 2041 1432 2112 illa
1462 2040 1793 2126 libertam,
1831 2056 1912 2112 ut
1949 2057 2119 2111 sunt
2153 2067 2262 2112 res
2293 2041 2661 2130 humanae,
2697 2043 2874 2113 abiit
2907 2044 2979 2112 in
3018 2042 3381 2113 licentiam

725 2179 797 2234 et
823 2171 969 2236 vim
989 2165 1267 2259 dignam
1300 2166 1451 2258 lege
1472 2172 1623 2259 regi
1633 2193 1661 2249 ;
1696 2165 1994 2235 accessit
2023 2163 2266 2234 infelix
2295 2163 2468 2235 belli
2498 2165 3090 2261 Peloponnesiaci
3125 2165 3381 2252 exituS,

720 2302 791 2358 et
818 2286 1110 2358 fortuna
1138 2287 1337 2358 urbis
1360 2287 1599 2358 fracta.
1631 2289 1748 2358 Sic
1780 2287 2043 2358 factum
2067 2303 2145 2357 ut
2175 2286 2298 2357 illo
2329 2303 2654 2384 tempore
2677 2286 3050 2358 Comoedia
3077 2287 3380 2358 modum

716 2423 1028 2480 verteret
1058 2423 1129 2478 et
1176 2410 1574 2479 exoriretur
1606 2433 1829 2504 quam
1876 2423 2149 2479 veteres
2185 2409 2413 2479 critici
2447 2407 2902 2505 appellarunt
2931 2409 3220 2478 mediam
3251 2435 3378 2480 co-

722 2531 1085 2602 moediam.
1125 2531 1355 2604 Aliam
1384 2534 1581 2601 enim
1618 2547 1784 2627 post
1818 2531 1936 2601 illa
1971 2531 2290 2602 comicus
2316 2532 2528 2626 jocus
2561 2531 2862 2602 ludendi
2901 2531 3209 2603 formam
3247 2533 3382 2602 cir-

722 2657 1169 2750 cumspicere
1214 2655 1557 2742 debebat,
1593 2679 1753 2751 quae
1784 2653 1968 2724 nihil
2009 2653 2308 2724 haberet
2343 2653 2548 2750 quod
2579 2655 2653 2724 in
2691 2655 3102 2750 potentium
3141 2655 3380 2726 homi-

724 2801 939 2864 num,
980 2776 1250 2873 quibus
1316 2793 1469 2848 tum
1520 2801 1801 2847 summa
1848 2777 1924 2846 in
1987 2777 2271 2847 civitate
2333 2791 2655 2872 potestas
2717 2774 3146 2848 demandata
3196 2794 3380 2864 erat,

720 2899 1361 2998 reprehensionem
1392 2901 1825 2989 incurreret,
1853 2899 1964 2971 vel
2009 2901 2248 2997 ipsum
2285 2899 2641 2997 populum
2664 2954 2681 2979 ‚
2702 2899 2850 2994 jam
2887 2925 2974 2970 ex
3004 2898 3379 2972 debilitate

720 3024 1316 3120 suspicaciorem,
1346 3022 1771 3094 offenderet.
1806 3027 2066 3119 Neque
2100 3038 2340 3093 tamen
2375 3023 2538 3094 ideo
2571 3022 2806 3093 media
2843 3022 2993 3093 hoec
3024 3024 3378 3094 comoedia

720 3146 1073 3241 ingenuos
1128 3146 1425 3241 spiritus
1474 3144 1783 3233 dimisit,
1824 3144 1950 3215 sed
1994 3142 2084 3215 ad
2125 3144 2558 3215 modestiam
2591 3142 2959 3241 quandam
2993 3169 3147 3215 scse
3177 3170 3376 3215 com-

718 3268 964 3363 posuit
1002 3282 1069 3337 et
1104 3266 1457 3337 leniorem
1482 3266 1731 3360 jocum
1761 3266 2197 3363 temperavit.
2235 3267 2620 3336 Rarissima
2654 3265 2838 3337 fiunt
2881 3282 3302 3361 argumenta
3335 3292 3372 3335 a

719 3388 1033 3485 publicis
1082 3388 1297 3458 rebus
1336 3390 1591 3485 petita,
1640 3389 1893 3485 privati
1930 3404 2170 3458 autem
2220 3388 2587 3471 homines,
2618 3412 2932 3484 quorum
2986 3412 3222 3458 mores
3268 3387 3375 3458 vel

721 3509 912 3583 dicta
945 3509 1334 3583 offensioni
1370 3527 1495 3583 aut
1530 3511 1703 3583 risui
1732 3525 1960 3593 erant,
1999 3534 2179 3606 saepe
2210 3508 2712 3581 traducuntur.
2749 3510 2910 3581 Fuit
2951 3522 3197 3580 autem
3227 3508 3378 3580 haec

717 3633 1071 3705 comoedia
1096 3635 1507 3728 jocosarum
1534 3632 1916 3705 fictionum
1937 3633 2391 3718 feracissima,
2421 3656 2579 3728 quae
2601 3657 2784 3729 saepe
2805 3654 2888 3702 ex
2920 3631 3377 3727 mythologiae

719 3782 955 3852 groecae
985 3756 1413 3827 inexhausto
1447 3756 1646 3827 fonte
1675 3755 2152 3843 ducebantur,
2183 3780 2367 3851 saepe
2397 3756 2613 3825 etiam
2643 3779 2727 3825 ex
2767 3753 3376 3850 pbilosophorum

724 3879 1048 3949 moribus
1086 3878 1595 3973 singularibus.
1640 3878 2000 3974 Praecipua
2031 3902 2202 3951 vero
2235 3878 2308 3949 in
2345 3877 2482 3951 hac
2518 3892 2668 3951 erat
2699 3876 2902 3949 sedes
2921 3876 3376 3975 parodiaram

720 4024 897 4095 quas
919 3998 1285 4095 hodieque
1314 4024 1679 4083 vocatum,
1712 4014 1784 4069 et
1811 4024 2292 4096 personarum
2318 4002 2505 4074 ultra
2529 4026 2774 4071 verum
2802 4016 3378 4095 exaggeratarum

719 4145 898 4217 quas
932 4118 1243 4191 dicimus
1272 4136 1666 4216 grotesques
1720 4118 1745 4188 .·’
1788 4136 2008 4218 atque
2052 4123 2314 4195 harum
2361 4146 2835 4220 personarum
2888 4146 3052 4218 pars
3098 4124 3372 4194 transiit

720 4246 936 4315 etiam
968 4246 1042 4313 in
1081 4268 1347 4314 novam
1377 4242 1841 4329 comoediam,
1882 4261 2078 4317 certe
2121 4245 2382 4317 milites
2423 4244 2711 4341 gloriosi
2763 4260 2833 4315 et
2874 4246 3210 4342 parasiti,
3247 4248 3374 4342 qui

722 4392 907 4466 saepe
946 4368 1041 4439 ita
1075 4366 1533 4456 exhibentur,
1578 4387 1661 4441 ut
1714 4368 1970 4441 mediae
2017 4395 2238 4466 quam
2277 4394 2476 4441 novae
2511 4368 2881 4439 comoediae
2915 4370 3206 4463 ingenio
3249 4394 3374 4466 ap-

721 4507 1021 4589 pareant
1050 4492 1630 4589 propinquiores.

816 4615 999 4687 Talis
1028 4632 1173 4685 erat
1218 4616 1316 4685 rei
1362 4618 1650 4686 comica.-
1680 4616 1980 4687 Athenis
2023 4614 2346 4687 conditio
2384 4639 2613 4711 usque
2647 4612 2738 4684 ad
2781 4612 3059 4684 cladem
3096 4614 3378 4685 Chaero·

722 4762 1023 4809 nensem
1061 4766 1077 4806 :
1114 4738 1397 4809 nullum
1431 4764 1513 4809 ex
1547 4739 1778 4810 media
1810 4740 1949 4810 hac
1993 4756 2198 4815 aetate
2245 4755 2606 4814 servatum
2637 4755 2742 4811 est
2784 4756 3374 4813 monumentum.

720 4862 1075 4933 Successit
1098 4886 1265 4929 nova
1285 4860 1663 4950 comoedia,
1691 4886 1912 4958 quam
1939 4863 2292 4935 imitando
2324 4878 2828 4961 expresserunt
2853 4864 3079 4933 Latini
3115 4878 3376 4959 poetae3

724 4984 983 5054 horum
1016 4984 1267 5078 viginti
1308 4985 1633 5081 quinque
1679 4984 1954 5056 fabulas
1991 4987 2348 5059 habemus
2385 4987 2838 5083 superstiteS,
2885 5002 3224 5082 praeterea
3255 5012 3376 5083 ge-
