3809 5850
477 400 589 449 208

473 540 641 579 nerus
685 517 946 589 λάπτει,
995 520 1055 574 id
1094 530 1156 573 ut
1193 538 1260 574 ex
1303 516 1543 573 δάπτει
1573 531 1909 593 corruptum
1932 519 2028 573 sit.

471 612 728 667 Fortasse
748 604 1022 664 λέπεται
1041 650 1058 681 ,
1085 609 1174 662 vel
1211 604 1406 663 λέπει
1446 627 1458 661 ;
1491 602 1795 670 κατεσθίεις.
1821 629 1845 655 »ι
1873 606 2027 660 ΕΜ.

473 697 654 754 —1d.
678 718 738 772 p.
765 714 904 765 222,
932 694 1027 765 23,
1048 706 1104 750 et
1123 694 1336 751 Anecd.
1361 694 1701 749 Bachmann.
1734 712 1784 763 1,
1803 712 1861 767 p.
1890 711 2031 767 291,

479 804 574 855 12,
601 786 646 844 Δ
665 782 682 840 ί
693 782 728 840 ὅ
740 786 906 861 ηθρα
933 800 949 843 :
978 778 1046 839 τὰ
1075 780 1270 861 ἔφυδρα
1303 776 1496 860 χωρία,
1535 778 1630 839 καὶ
1654 781 1710 838 αἱ
1740 777 2035 859 διαρρύσεις

469 873 572 929 τῶν
598 869 820 933 ὑδάτων.
854 868 1014 935 οὕτως
1042 870 1100 929 Ε.

1075 982 1182 1039 123
1205 1014 1284 1026 -
1309 1001 1436 1052 127.

551 1094 718 1153 Phot.
749 1114 810 1171 Ρ.
843 1112 982 1168 271,
1015 1112 1113 1161 20,
1143 1090 1534 1170 Μισθάριον
1561 1112 1574 1147 :
1606 1088 1694 1149 τὸν
1721 1089 1930 1166 μισθόν.
1966 1094 2031 1151 Ε.

469 1214 550 1226 -
577 1184 666 1239 Id.
713 1204 770 1259 p.
819 1182 932 1254 273
959 1223 975 1251 ,
1011 1188 1064 1250 4,
1111 1178 1397 1255 Μνώμενος
1427 1198 1442 1240 :
1476 1178 1915 1256 μνηστευόμενος·
1944 1179 2034 1238 καὶ

471 1270 854 1345 ἐμνήσατοτ
901 1270 1311 1345 ἐμνηστεύσατο.
1343 1270 1408 1331 Ε.
1455 1302 1528 1315 -
1572 1272 1662 1329 Id.
1707 1291 1769 1347 Ρ.
1817 1274 1952 1344 460,
1980 1282 2037 1330 ct

471 1360 692 1431 SuidaS,
726 1362 777 1419 Π
803 1359 1076 1437 ροσίσχε
1197 1357 1290 1417 καὶ
1324 1360 1390 1418 Ε.

569 1474 864 1567 Προσίσχε
905 1476 1008 1539 τὸν
1047 1484 1181 1541 νοῦν
1219 1466 1393 1567 τῇδε.

471 1636 548 1647 --
577 1604 664 1659 ld.
697 1606 866 1661 Phot.
895 1625 958 1679 p.
994 1613 1134 1681 499,
1176 1624 1274 1675 22,
1308 1601 1533 1671 Σάξας
1563 1622 1577 1659 :
1610 1602 1724 1659 ἀντὶ
1765 1606 1856 1662 τοῦ
1890 1602 2037 1679 ἁμά-

471 1688 574 1755 ξας.
601 1688 764 1756 οὕτως
795 1693 860 1751 Ε.
883 1718 908 1741 κ
929 1696 1189 1750 Fortasse
1221 1689 1376 1757 νάξας
1409 1710 1516 1767 pro
1548 1688 1753 1765 ἁμάξας
1782 1691 2037 1747 scriben-

469 1778 608 1833 dum
630 1790 733 1839 est.
753 1806 776 1829 =
795 1781 1172 1839 Mein.—ld.
1204 1779 1284 1835 ib.
1311 1788 1408 1848 24,
1435 1790 1490 1835 et
1514 1781 1712 1835 Suidas
1728 1798 1784 1837 v,
1802 1776 2033 1857 Σαπρός,

473 1863 739 1943 Σαπρόν
773 1888 786 1922 :
818 1867 878 1925 οὐ
901 1866 961 1923 τὸ
993 1864 1258 1944 μοχθηρὸν
1287 1865 1377 1924 καὶ
1407 1867 1622 1945 φαῦλον,
1655 1864 1791 1924 ἀλλὰ
1826 1864 1886 1923 τὸ
1921 1888 2033 1923 πα-

470 1951 636 2013 λαιόν.
669 1954 736 2013 Ε.

1071 2052 1178 2110 128
1209 2083 1280 2097 -
1313 2052 1442 2121 134.

549 2162 717 2223 Phot.
749 2182 814 2240 p.
838 2160 976 2237 511,
1008 2163 1305 2236 Σιληνοί
1336 2181 1351 2223 :
1378 2165 1426 2221 οἱ
1457 2158 1703 2243 Σάτυροι.
1731 2165 1799 2223 Ε.
1833 2193 1913 2208 -
1936 2162 2028 2223 Id.

468 2272 530 2329 p.
563 2250 699 2324 515,
727 2250 1010 2331 Σιοκόρο
1028 2276 1050 2318 ς
1077 2275 1089 2309 :
1118 2251 1388 2329 νεωκόρος.
1415 2254 1484 2312 Ε.
1508 2253 1702 2311 Codex
1727 2249 2032 2317 σιώκολλος.

469 2342 502 2397 λ
530 2352 587 2398 et
615 2363 644 2417 ρ
672 2342 936 2399 confusis.
967 2341 1254 2399 Porsonus
1276 2340 1552 2417 σιωκόμος,
1586 2342 1834 2397 Meinek·
1859 2338 2032 2398 σιοκό-

471 2449 600 2501 μος,
639 2429 712 2484 ad
751 2430 984 2485 Helotas
1017 2430 1278 2486 referens.
1308 2459 1384 2471 —
1412 2430 1503 2487 Id.
1537 2448 1599 2503 p.
1625 2427 1739 2484 520
1773 2448 1788 2484 t
1817 2426 2032 2493 Σκιὰς

471 2512 560 2571 καὶ
591 2512 953 2591 σκιάδειον,
983 2516 1036 2572 ἐν
1061 2505 1106 2595 ᾧ
1129 2518 1158 2572 ὃ
1199 2512 1443 2579 Διόνυσος
1479 2515 1723 2585 κάθηται.
1764 2512 1925 2581 οὕτως
1958 2515 2027 2575 Ε.

469 2630 494 2654 «ι
525 2606 610 2660 De
627 2604 740 2660 hoc
765 2606 974 2661 Bacchi
991 2604 1332 2665 umbraculo
1361 2605 1564 2661 Pollux
1597 2623 1653 2674 7,
1687 2612 1820 2675 174,
1855 2616 1915 2661 et
1936 2606 2029 2660 in-

471 2702 659 2765 terpp.
685 2692 951 2766 Hesychii
991 2712 1045 2750 v.
1073 2689 1273 2761 Σκιάς;
1301 2710 1390 2748 res
1417 2702 1556 2747 nota
1581 2710 1645 2748 ex
1671 2710 1939 2747 vasorum
1958 2689 2029 2750 fi-

467 2781 626 2854 guris
663 2778 963 2839 bacchicis.
997 2804 1022 2829 ι·
1050 2782 1140 2837 Μ.
1185 2812 1262 2823 -
1285 2781 1373 2836 ld.
1423 2798 1484 2853 p.
1527 2778 1662 2847 524,
1696 2778 1958 2845 Σκοπός
2012 2798 2026 2839 z

469 2869 657 2944 σχῆμα
684 2865 1020 2946 ὀρχηστικόν.
1070 2864 1232 2934 οὕτως
1270 2870 1337 2928 Ε.
1381 2892 1405 2918 α
1451 2870 1538 2925 De
1573 2868 1686 2923 hoc
1718 2868 2032 2923 saltationis

467 2971 707 3032 genere,
738 2957 959 3013 diverso
988 2956 1060 3012 ab
1095 2975 1164 3012 eo
1200 2956 1358 3030 quod
1401 2957 1711 3012 vocabatur
1742 2954 1895 3034 σκὼψ
1932 2969 2029 3013 aut

469 3041 737 3113 σκωπίας,
767 3064 824 3101 v.
853 3045 1056 3100 Pollux
1087 3051 1146 3115 4,
1175 3045 1306 3116 1ο3,
1341 3055 1398 3100 et
1418 3045 1679 3119 inprimis
1705 3045 1931 3103 Salmas,
1958 3046 2031 3100 ad

468 3133 784 3206 Scriptores
801 3133 944 3191 Hist.
961 3137 1109 3210 Aug.
1125 3152 1181 3205 2,
1201 3153 1265 3209 Ρ.
1290 3132 1427 3193 836.
1455 3157 1478 3184 υ
1505 3134 1592 3190 Μ.
1609 3132 1794 3190 -1d.
1811 3153 1874 3208 p.
1894 3132 2029 3208 539,

475 3238 568 3290 17.
589 3217 885 3290 Στοιὸήν
919 3221 1026 3284 εὼς
1063 3219 1242 3294 ἡμεῖς,
1270 3217 1328 3277 τὸ
1359 3217 1748 3297 ἀναπλήρωμα·
1776 3218 1869 3277 καὶ
1895 3220 2031 3276 δια·-

466 3304 856 3383 κόλληματὸ
883 3305 1012 3365 αὐτὸ
1038 3311 1188 3366 τοῦτο
1215 3309 1286 3368 Ε.
1310 3341 1390 3352 -
1411 3309 1498 3368 Id.
1523 3327 1586 3383 p.
1622 3307 1754 3378 533,
1783 3308 1844 3378 6,
1871 3309 2029 3368 Συν-

465 3395 632 3471 εχῶς
664 3415 678 3451 :
706 3396 764 3453 οὗ
809 3397 1044 3466 πυκνῶς,
1093 3395 1214 3453 ἀλλ’
1243 3395 1616 3461 ἀδιαλείπτως.
1659 3393 1822 3461 οὕτως
1856 3397 1924 3456 Ε.
1952 3431 2033 3443 -

467 3483 558 3543 ld.
581 3503 644 3562 p.
683 3483 817 3566 598,
853 3504 948 3563 12,
977 3483 1231 3567 Τρασιά
1265 3505 1280 3545 :
1317 3477 1376 3547 οὗ
1396 3483 1464 3548 τὰ
1493 3487 1630 3547 σῦκα
1657 3482 1909 3567 ψύχεται.
1942 3485 2029 3548 οὔ·

463 3594 562 3640 τως
583 3575 653 3634 Ε.

1182 3667 1310 3724 135.

545 3775 752 3832 Studes
784 3796 797 3830 ε
831 3773 1324 3854 Ἀδραμύτειον.
1360 3776 1522 3844 οὕτως
1549 3781 1619 3834 Ε.
1650 3777 1743 3835 καὶ
1769 3776 2031 3857 Ἀδραμυ-

465 3860 634 3932 τηνός.
660 3862 987 3933 Θουκυδίδης
1011 3864 1098 3938 (5,
1139 3885 1162 3921 1
1186 3909 1202 3937 ,
1224 3867 1323 3922 ubi
1346 3887 1403 3926 v,
1431 3867 1601 3942 anu.)
1629 3864 2028 3944 Ἄτραμύττειον

468 3948 678 4026 (vulgo
729 3947 1164 4030 Ἀτραμύττιον).
1217 3954 1406 4013 Schol.
1465 3955 1721 4028 Thucyd.
1767 3955 1810 4013 l.
1856 3956 1897 4010 l.
1958 3975 2031 4013 ex

462 4039 624 4092 Oro:
660 4034 1187 4116 Ἀδραμύττειον
1219 4043 1278 4096 Ε.
1330 4066 1354 4092 «ι
1383 4043 1469 4098 De
1499 4042 1666 4098 variis
1697 4043 1894 4100 formis
1920 4045 2031 4100 hu-

455 4123 551 4194 jus
598 4129 843 4183 nominis
887 4128 1039 4183 conf.
1089 4129 1283 4205 Steph.
1341 4131 1504 4204 Byz„
1548 4133 1702 4186 Eust.
1746 4131 1823 4188 ad
1858 4133 2023 4190 Iliad.

460 4229 521 4285 p.
547 4211 686 4290 649,
705 4215 967 4273 Creuzer.
983 4216 1058 4273 ad
1073 4217 1294 4274 Xanthi
1309 4216 1623 4293 fragmenta
1643 4238 1705 4294 p.
1741 4221 1871 4296 198.
1895 4245 1922 4270 ι»
1939 4223 2024 4281 Μ.

1062 4321 1272 4378 136-
1308 4321 1436 4382 138.

542 4427 725 4497 Idem,
763 4423 814 4484 ’A
832 4447 946 4505 ναρ
965 4424 1102 4506 ρύει
1133 4449 1144 4483 :
1179 4425 1294 4486 ἀντὶ
1322 4431 1416 4485 τοῦ
1437 4427 1546 4486 θύει
1569 4428 1659 4486 καὶ
1692 4430 1929 4510 σφάττει.
1954 4437 2021 4493 Ε.

460 4513 550 4573 καὶ
579 4517 614 4584 ἡ
653 4512 805 4572 θυσία
835 4512 891 4572 δὲ
939 4514 1328 4594 ἀνάρρυσις.
1375 4549 1456 4561 -
1500 4519 1593 4577 Id.
1638 4531 1696 4576 et
1738 4525 2022 4595 Zonaras,

462 4601 939 4680 Ἀναγχιππεῑν
989 4625 1002 4659 :
1056 4604 1172 4662 ἀντὶ
1211 4608 1303 4663 τοῦ
1345 4607 1458 4683 μετ’
1487 4604 1718 4685 ἀνάγκης
1759 4607 2020 4671 ἱππεύειν.

463 4693 527 4749 Ε.
554 4719 634 4734 -
657 4691 748 4750 Id.
780 4687 834 4749 'A
851 4689 1318 4751 ποκαθεύδουσ
1335 4715 1352 4750 ι
1369 4716 1397 4749 ν
1428 4692 1581 4751 :nixari
1599 4698 1688 4752 τοῦ
1710 4697 2022 4754 ἀποκοιτοῦ-

461 4799 563 4835 σιν.
591 4781 656 4837 Ε.
687 4777 920 4836 τουτέστι
963 4785 1183 4854 γυναῖκα
1214 4781 1527 4861 χωρίζεσθαι
1557 4781 1736 4861 ἀνδρὸς
1765 4783 1853 4840 καὶ
1896 4783 2023 4864 ἄφί-

461 4861 707 4917 στασθαι.
741 4883 766 4908 κ
792 4862 860 4916 V.
889 4859 1129 4916 Bekkeri
1176 4862 1390 4918 Anecd.
1419 4883 1479 4937 p.
1531 4864 1669 4932 428,
1716 4875 1768 4919 et
1810 4867 2019 4924 Zonar.

463 4947 601 5003 Lex.
628 4945 688 5002 h.
715 4965 773 5004 v.
821 4971 846 4996 υ
875 4947 926 5001 Ε
951 4948 1038 5004 M.

1221 5121 1336 5167 125.

467 5197 678 5254 Adhibe
711 5199 819 5255 huc
847 5201 1113 5256 animum.

1460 384 1872 445 coMOEmAE
1918 382 2246 444 vm‘ssms
2288 385 2699 459 RELIQUlAE.

2750 518 2953 589 139-
2988 526 3103 585 141.

2206 640 2387 709 Idem,
2414 652 2471 697 et
2488 659 2725 715 gramm.
2750 639 2989 698 Bekker.
3014 660 3070 715 p.
3112 640 3241 715 398,
3282 638 3597 715 Ἀνεπίπλη·

2126 749 2195 784 κτ
2212 749 2273 793 ος
2294 746 2307 785 :
2326 718 2370 807 ᾧ
2390 727 2553 793 οὐδεὶς
2572 726 2879 799 ἐπιπλήττει
2895 725 3324 805 ἁμαρτάνοντα-
3333 730 3471 787 Idem
3489 732 3547 791 l'e‘
3559 755 3599 808 ρ.

2128 837 2272 894 ροιν
2318 834 2332 875 :
2374 814 2462 873 ἐπὶ
2506 819 2731 895 σταυροῦ
2760 814 2916 895 φησὶν
2962 819 3023 873 Ε.
3064 818 3315 873 Similiter
3336 819 3497 892 Etym.
3536 824 3593 875 M.

2124 924 2185 978 p.
2214 904 2359 972 228,
2390 904 2465 961 52
2508 926 2521 961 :
2571 902 2659 961 ἐπὶ
2700 907 2927 982 σταυροῦ
2978 902 3030 961 δὲ
3062 902 3269 983 (γέρραϋ)
3296 905 3429 985 φησὶν
3452 908 3507 965 Ε.
3537 939 3595 951 -

2127 993 2315 1064 Idem,
2338 992 2383 1051 K
2402 996 2618 1067 ομμοῧ
2638 995 2792 1051 σθαι
2824 1010 2839 1050 :
2872 990 3291 1059 καλλωπίζεσθαι.
3320 994 3379 1053 Ε.

2849 1122 2979 1182 142.

2206 1238 2459 1296 Zonaras
2500 1242 2637 1297 Lex.
2676 1258 2737 1312 p.
2784 1256 2935 1311 917,
2980 1236 3224 1298 Εὖκτόν
3272 1260 3283 1293 :
3323 1238 3599 1313 ἔπιθυμητόι.

2125 1323 2216 1383 καὶ
2242 1327 2309 1384 Ε.

2226 1451 2611 1516 Εὐκτότατον
2646 1450 2867 1541 γάμον.

2206 1588 2476 1662 Equitum
2514 1606 2707 1645 versus
2758 1586 3127 1658 1288-1313‚
3174 1590 3284 1645 sive
3324 1590 3605 1660 1176-1203

2126 1685 2328 1731 nostrae
2352 1675 2513 1745 edit„
2536 1696 2647 1751 pro
2676 1676 3007 1750 Eupolideis
3032 1678 3214 1733 habita
3233 1695 3367 1743 esse,
3398 1678 3605 1749 intelligi-

2130 1775 2221 1819 tur
2244 1782 2277 1819 e
2294 1764 2512 1819 scholio
2540 1784 2553 1818 2
2582 1765 2639 1820 ἐκ
2654 1766 2745 1819 τοῦ
2764 1760 2993 1829 «Ὅστις
3016 1752 3101 1821 οὗν
3132 1766 3301 1821 τοῦτον
3324 1760 3495 1839 ἄνδρα·
3510 1760 3605 1837 φασί

2126 1871 2259 1915 τινες
2280 1849 2565 1915 Εὐπόλιδος
2585 1840 2830 1921 εἶναιτὴν
2848 1850 3173 1930 παράὸασιν,
3197 1850 3295 1927 εἴγε
3318 1849 3453 1929 φησὶν
3462 1860 3491 1898 ἰ
3508 1850 3607 1905 Ξυν-

2128 1937 2350 2007 εποίησα
2376 1940 2452 2017 τῷ
2480 1938 2733 2017 φαλακρῷ
2751 1962 2775 1989 ¹·
2800 1938 2889 2013 (h.
2932 1956 2987 1999 e.
3022 1938 3412 2013 Aristophani).
3438 1938 3611 2011 Quibus

2127 2028 2330 2083 similia
2357 2030 2585 2102 scripsit
2616 2029 2795 2084 schol.
2834 2028 2988 2084 Nub.
3044 2026 3153 2094 554
3184 2049 3196 2083 :
3240 2030 3298 2083 E.
3328 2026 3375 2082 ἐν
3399 2033 3487 2088 τοῖς
3520 2022 3605 2081 Βά-

2127 2134 2281 2179 πταις
2308 2113 2604 2171 τούναντίον
2636 2112 2793 2193 φησὶν
2841 2111 2921 2171 ὅτι
2965 2114 3293 2185 συνεποίησεν
3321 2108 3607 2190 Ἀριστοφάνει

2127 2200 2247 2267 τοὺς
2266 2200 2501 2268 Ἱππεῖς·
2536 2200 2677 2278 λέγει
2706 2200 2760 2261 δὲ
2786 2200 2883 2273 τὴν
2916 2201 3215 2262 τελευταίαν
3244 2199 3521 2279 παράὸασιν.

2838 2389 2991 2407 -Ι--ῄ

2830 2522 2986 2580 xlv.

2572 2684 3175 2755 PHRYNICHUS.

2206 2847 2581 2921 Phrynichus,
2612 2859 2782 2922 poeta
2811 2850 3087 2920 comicus,
3113 2846 3409 2905 secundum
3428 2840 3609 2901 Suidam

2126 2935 2477 2991 Atheniensis
2504 2935 2643 3004 fuit3
2673 2947 2863 2994 tamen
2904 2940 3089 2995 schol.
3122 2937 3195 2994 ad
3214 2935 3478 3008 Aristoph.
3509 2933 3619 2986 Ran.
3713 2951 3714 2954 ¹

2135 3029 2199 3088 14
2218 3062 2235 3091 ,
2264 3019 2597 3099 κωμῳδεῖται
2618 3021 2693 3093 δὲ,
2723 3026 2929 3099 inquit,
2964 3027 3037 3091 ὥς
3065 3022 3223 3096 ξένος,
3250 3041 3413 3097 quum
3438 3021 3621 3074 fortasse

2124 3112 2455 3184 peregrinus
2482 3122 2625 3167 esset
2649 3124 2815 3186 pater
2840 3112 2961 3184 ejus
2988 3111 3351 3170 Eunomides.
3380 3111 3505 3165 Item
3522 3105 3623 3160 Sui·

2127 3196 2228 3252 das
2269 3214 2286 3254 t
2316 3195 2546 3271 κωμικὸς
2582 3200 2685 3255 τῶν
2737 3197 3112 3278 ἐπιδεεστίρων
3158 3193 3519 3274 (inferiorum)
3558 3193 3625 3257 τῆς

2128 3281 2351 3360 ἀρχαίας
2368 3283 2664 3363 κωμῳδίας.
2684 3287 2774 3343 Sic
2794 3290 2941 3344 enim
2959 3290 3170 3364 procul
3191 3288 3361 3344 dubio
3380 3280 3625 3358 legendum

2128 3382 2209 3427 est
2256 3390 2365 3445 pro
2418 3391 2561 3429 voce
2598 3375 2763 3429 nihili
2807 3375 3191 3455 ἐπιδευτέρων,
3226 3373 3485 3448 siquidem
3520 3367 3623 3423 Phr.

2128 3470 2397 3532 tanquam
2420 3458 2659 3538 φορτικὸς
2699 3463 2971 3520 irridetur
3008 3466 3083 3522 ab
3131 3463 3486 3538 Aristophane
3510 3458 3625 3512 nan.

2122 3549 2164 3608 1.
2194 3548 2231 3605 l.
2267 3547 2373 3626 (cf.
2414 3547 2577 3606 Suid.
2618 3569 2675 3604 ν.
2701 3547 2890 3623 Λύκις,
2916 3564 2974 3608 et
3006 3553 3295 3627 Aristoph.
3320 3549 3461 3606 Nub.
3492 3543 3627 3608 541.)

2125 3639 2309 3694 Etiam
2326 3639 2505 3696 schol.
2529 3637 2603 3695 ad
2622 3640 2770 3696 Ran.
2803 3647 2871 3706 14
2894 3661 2906 3695 :
2928 3639 3265 3720 κωμῳδεῖται
3290 3635 3341 3694 δὲ
3442 3629 3515 3688 ἐπὶ
3531 3649 3628 3707 φαυ-

2123 3723 2301 3796 λότητι
2328 3725 2662 3800 ποιημάτων,
2694 3725 2783 3783 καὶ
2806 3727 2877 3792 ὣς
2898 3726 3151 3807 ἀλλότρια
3175 3725 3359 3804 λέγων,
3385 3719 3464 3779 καὶ
3482 3721 3539 3781 ὣς
3558 3736 3632 3770 ²2·

2122 3812 2374 3890 κόμετρα.
2408 3815 2549 3887 (Suo
2569 3816 2831 3889 periculo
2852 3821 3189 3892 Anonymus
3210 3819 3293 3872 De
3312 3831 3452 3870 com.
3468 3827 3518 3883 p.
3532 3821 3629 3865 xlv.

2122 3903 2505 3976 Phrynichum
2540 3908 2645 3968 τοῖς
2680 3899 3109 3979 ἀξιολογωτάτοις
3149 3903 3351 3961 veteris
3390 3893 3635 3956 comoediae

2122 3989 2451 4044 auctoribus
2472 4001 2758 4060 accenset3
2787 4008 3111 4065 vereorque
3130 4003 3195 4047 ut
3220 4001 3367 4047 recte
3391 3987 3542 4043 Mein.
3572 3980 3636 4033 fa·

2120 4077 2383 4132 bularum
2407 4075 2527 4149 ejus
2546 4077 2855 4152 fragmenta
2882 4080 3157 4154 singulari
3180 4075 3450 4153 elegantia
3471 4082 3521 4128 et
3540 4066 3633 4124 exi·

2118 4165 2237 4220 mio
2258 4165 2453 4239 vigore
2484 4167 2789 4239 conspicua
2810 4185 2927 4223 esse
2955 4167 3147 4238 dicat,
3174 4193 3199 4218 ιι
3223 4165 3379 4237 cujus
3404 4163 3499 4228 rei,
3524 4182 3545 4208 ⁸
3572 4157 3639 4207 3¹¹·

2120 4254 2274 4326 quit,
2302 4277 2326 4304 α
2360 4254 2403 4309 si
2430 4254 2559 4327 quis
2584 4255 2843 4328 exempla
2868 4255 3186 4330 desiderat,
3217 4255 3264 4308 is
3286 4251 3447 4308 adeat
3466 4245 3635 4304 Athen.

2121 4358 2178 4415 2,
2205 4358 2266 4414 P·
2315 4347 2424 4416 49,
2458 4340 2544 4411 D;
2579 4349 2635 4412 4,
2668 4361 2732 4415 p.
2772 4341 2914 4413 165,
2950 4343 3027 4414 B;
3058 4361 3281 4418 argum.
3310 4338 3502 4411 OEdipi
3538 4331 3635 4388 Col.

2116 4445 2177 4500 Ρ.
2222 4427 2281 4496 5,
2312 4440 2369 4484 et
2392 4429 2681 4484 Plutarchi
2707 4430 2895 4488 Alcib.
2931 4448 3029 4488 20.
3072 4432 3135 4506 a»)
3178 4427 3334 4486 Obiit
3372 4426 3425 4481 in
3462 4419 3635 4479 Sicilia·

2118 4517 2298 4571 Porro
2339 4517 2543 4574 Suidas
2597 4537 2611 4571 :
2665 4515 2863 4584 ἐδίδαξε
2912 4521 3035 4592 γοῦν
3090 4516 3181 4574 ἐπὶ
3226 4514 3320 4581 πς·’
3364 4505 3640 4584 ὀλυμπιάδος

2120 4603 2366 4680 (olymp.
2402 4605 2496 4675 86,
2550 4616 2679 4662 ante
2722 4607 2854 4663 Chr.
2905 4619 3021 4667 nat.
3070 4603 3387 4680 435·432).
3436 4595 3639 4675 δράματα

2117 4689 2341 4749 δὲαῦτοῧ
2372 4691 2485 4749 ἐστι
2510 4691 3097 4770 ταῦτα·Ἐφιάλτης,
3134 4693 3263 4754 Κόν
3282 4714 3393 4764 νος,
3418 4683 3641 4764 Κρόνος,

2116 4777 2535 4854 Κωμασταὶ,
2569 4777 2749 4838 Σάτυ
2770 4803 2896 4858 ροι,
2940 4779 3294 4860 Τραγῳδοὶ
3321 4777 3355 4848 ἢ
3384 4765 3639 4865 :tmui-

2117 4869 2333 4943 θεροι,
2362 4866 2819 4943 Μονότροπος,
2854 4871 3145 4940 Μοῦσαι,
3172 4866 3478 4934 Μύστης,
3506 4859 3641 4917 sson-

2116 4973 2367 5031 στριαι.
2391 4979 2415 5003 υ
2442 4957 2501 5010 E·
2522 4957 2701 5010 Il1ee‘n.
2732 4958 2873 5011 nist.
2912 4959 3037 5014 crit.
3068 4957 3230 5014 Com.
3254 4975 3308 5030 p.
3342 4947 3593 5016 146-152·

2838 5129 2956 5176 ¹42.

2064 5120 2073 5262 l
2122 5206 2569 5277 Fxoptatissimas
2598 5207 2831 5279 nuptias,
