3809 5850
1573 401 1979 463 CRATINUS.
3215 456 3223 463 .
3317 418 3390 468 ’13

162 535 219 589 V.
246 530 485 610 ιράτιλος
512 528 733 609 θράττει
759 528 861 606 μὲν
883 532 957 588 ἐν.
994 532 1104 588 BL.
1139 526 1521 609 δραπετεύοντα
1564 529 1625 587 τὸ
1654 533 1731 589 ἐν.
1826 536 1963 589 Lex.
1986 551 2048 608 p.
2079 531 2192 601 415
2211 574 2228 603 ,
2263 530 2460 610 βώοσον
2494 531 2953 611 (sic).11esych.
2981 535 3161 595 Βῶσον
3194 555 3210 597 :
3242 536 3392 597 κᾶλε-

172 646 191 666 -
234 620 493 676 Scribam
538 616 850 697 Θράττει
898 639 973 692 με
1026 616 1455 675 τούνύπνιον.
1497 622 1610 675 Pro
1656 618 1734 675 δεῖ
1829 643 1948 691 σον,
1981 620 2194 699 βόησον.

166 708 291 765 fort.
316 704 410 765 καὶ
436 707 839 765 scribendum.
874 732 898 757 υ
928 709 1015 764 M.

890 821 1016 887 164.

230 934 399 989 Idem
418 934 491 993 11.
530 932 611 1001 Π,
646 932 791 1002 438,
828 930 1203 1009 ἀγκυλοχεῖλαι
1234 954 1249 989 :
1275 932 1305 963 ³*
1342 930 1732 1011 παρασύνθετον

150 1022 211 1075 ἐκ
236 1025 329 1077 τοῦ
358 1018 769 1098 ἀγκυλόχειλος,
796 1018 832 1090 ἢ
856 1022 925 1086 ὡς
947 1018 1007 1077 τὸ
1026 1019 1357 1079 δωδεκὲτα
1380 1044 1395 1077 ι
1422 1018 1569 1099 παρὰ
1590 1022 1733 1100 Κρα-

150 1107 295 1188 τίνῳ.
320 1110 701 1183 Adjectivum
724 1106 1097 1185 ἀγκυλόχειλος
1128 1130 1248 1167 11011
1271 1122 1461 1187 potest
1482 1111 1597 1166 dici
1622 1131 1732 1166 πα-

152 1195 471 1273 ρασύνθετον
516 1214 533 1253 :
570 1216 631 1252 v·
664 1196 1001 1254 Schneideri
1033 1200 1174 1254 Lex.
1206 1199 1267 1257 h.
1302 1219 1359 1258 v.
1400 1200 1734 1274 Scripserim

146 1283 295 1361 παρὰ
320 1282 609 1358 συνθέτου,
634 1287 727 1341 τοῦ
748 1282 1145 1363 ἀγκυλόχειλος,
1172 1288 1242 1349 ὡς
1270 1284 1549 1343 δωδεκέται
1576 1286 1651 1363 (i.
1680 1305 1729 1342 e.

144 1370 557 1446 δωδεκαετεῖς).
608 1374 739 1428 Hoc
780 1373 1013 1446 quidem
1054 1392 1166 1447 pro
1214 1371 1422 1431 vitioso
1468 1372 1732 1429 δεδόκεται

144 1462 289 1533 poni
312 1461 615 1533 jusserunt
637 1460 893 1517 Lobeck.
912 1462 1159 1536 Paralip.
1196 1480 1219 1516 1
1236 1502 1253 1531 ,
1274 1480 1335 1535 p.
1360 1468 1503 1529 244,
1523 1460 1728 1535 Bergk.

146 1548 501 1606 Comnentt.
528 1566 590 1623 p.
622 1546 763 1619 257,
794 1558 851 1605 et
874 1548 1049 1604 Mein.

886 1658 1014 1718 165.

226 1772 395 1828 Idem
436 1772 523 1827 ib.
555 1770 627 1842 Σ,
655 1776 764 1830 521
806 1790 819 1826 ε
846 1770 875 1797 *
895 1768 1229 1837 πισσοκονῖας
1255 1766 1419 1850 Ἄρην
1451 1774 1724 1849 Κρατῖνος.

148 1861 327 1915 Recte
350 1858 565 1933 Bergk.
599 1858 937 1914 Commentt.
958 1878 1017 1934 p.
1046 1856 1181 1930 255,

256 2014 315 2021 —-
365 1968 779 2051 πισσοκωνίας
816 1964 993 2064 Ᾰρης.

150 2106 237 2159 Sic
260 2106 451 2179 ipsum
474 2106 717 2161 Martem
730 2106 824 2164 Cr.
845 2104 1217 2179 appellaverit
1237 2115 1569 2180 propterea,
1596 2107 1731 2181 quia

154 2194 260 2247 hoc
288 2194 584 2268 supplicio
614 2191 1013 2249 afficiebantur
1052 2193 1429 2264 incendia-in
1456 2196 1555 2268 qui
1594 2196 1731 2270 plu-

156 2283 278 2336 rimi
302 2293 437 2337 sunt
472 2284 533 2336 in
568 2282 773 2351 bellis3
816 2281 890 2340 cf.
930 2299 1062 2339 ann.
1089 2282 1165 2337 ad
1184 2282 1433 2355 AEschyli
1469 2282 1725 2358 Choeph.

159 2368 288 2435 251..
320 2369 417 2426 Ad
444 2368 696 2425 eundem
720 2370 916 2424 locum
940 2380 1153 2443 spectat
1174 2370 1419 2443 Hesych.
1446 2390 1491 2425 s.
1522 2390 1575 2427 v,
1602 2372 1731 2429 Κω-

156 2458 305 2525 νῆσαι
338 2476 355 2515 :
398 2453 495 2513 καὶ
522 2452 921 2527 πισσοκῶνητον
954 2456 1113 2537 μόρον
1142 2454 1379 2533 λέγουσιν
1409 2455 1535 2515 ὅταν
1563 2456 1729 2535 πίσσῃ

158 2542 591 2623 καταχρισθὲντες
608 2542 742 2610 τινὲς
767 2544 871 2601 ὑπὸ
898 2543 1057 2625 πυρὸς
1076 2544 1429 2605 ἀποθάνωσιν.
1464 2545 1728 2624 Αἰσχύλος

161 2630 427 2709 Κρήσσαις
456 2631 549 2691 καὶ
574 2635 680 2712 Κρ.
717 2632 1044 2691 πισσοκωνία
1070 2631 1173 2711 γὰρ
1206 2636 1241 2704 ἡ
1281 2636 1371 2691 νῦν
1398 2634 1608 2692 πισεδία
1642 2636 1720 2712 (Ι.

160 2720 355 2797 πίσσα)
378 2712 419 2801 ᾗ
438 2718 651 2801 χρίουσι
674 2719 744 2778 τὰ
766 2720 1064 2800 παρίσθμια
1086 2723 1191 2778 τῶν
1221 2719 1523 2800 προὸἅτων.

884 2828 1012 2884 166.

242 2946 586 3020 Hesychius,
612 2947 695 3003 Δε
710 2941 789 3010 ξώ
816 2964 831 2999 2
854 2945 883 3000 δ
903 2945 1004 3020 xp.
1024 2941 1483 3020 ὠνοματοποίησεν
1507 2941 1613 3002 ἀπὸ
1636 2946 1728 3003 τοῦ

166 3031 395 3111 δέχεσθαι
430 3032 599 3112 δῶρα.
632 3035 699 3090 V.
728 3033 938 3092 Eunid.
968 3033 1039 3090 fr.
1062 3052 1118 3092 α.

879 3149 1009 3218 167.

230 3263 453 3332 Suidas,
504 3265 553 3321 Α
572 3258 639 3337 ἷγ
656 3261 732 3333 λη
763 3279 779 3319 :
834 3259 983 3338 βόλος
1025 3258 1349 3326 κυὸευτικός.
1398 3257 1692 3334 λαμπηδὼν
1708 3301 1725 3329 ,

166 3349 283 3427 αὐγὴ
302 3395 321 3425 ,
348 3351 455 3429 Κρ.
491 3348 602 3407 Καὶ
645 3346 885 3406 ποπάνου
927 3337 1059 3414 εἶδος
1087 3348 1279 3419 δηλοῖ,
1307 3345 1399 3404 καὶ
1428 3345 1630 3418 θυσίαν,
1658 3346 1728 3410 ὥς

164 3458 277 3514 φησι
301 3434 603 3514 Διαγόρας.

882 3533 1011 3590 168.

226 3647 385 3702 Idem
412 3666 427 3700 :
451 3643 769 3703 Ἆναλτον
790 3638 1039 3720 Ὄμηρος
1066 3643 1292 3718 (Odyss.
1326 3661 1347 3698 1
1364 3661 1421 3715 7,
1446 3643 1593 3713 2283
1626 3643 1723 3712 18,

160 3755 177 3789 1
196 3737 287 3804 13,
340 3734 461 3790 363
498 3733 519 3810 )
562 3731 657 3790 καὶ
695 3733 801 3812 xp.
842 3731 959 3790 ἀντὶ
993 3735 1086 3790 τοῦ
1131 3729 1463 3809 ἀπλήρωτον.
1511 3731 1725 3787 Eadem

150 3826 398 3882 Zonaras
418 3843 483 3898 p.
520 3821 653 3882 188.

881 3917 1011 3991 169.

223 4035 395 4091 Idem
430 4031 1019 4110 εἊνεπτερῶσθαι
1047 4027 1166 4099 τὴν
1196 4025 1439 4107 ψυχὴν,
1469 4016 1573 4084 οἷον
1602 4029 1728 4084 ἀνα·

143 4119 499 4192 σεσοὸἦσθαι,
530 4119 579 4178 Κ
588 4141 639 4198 ρ.
672 4119 891 4176 Similia
906 4129 1202 4194 grammat.
1230 4117 1471 4173 Bekker.
1499 4135 1560 4192 p.
1587 4116 1722 4190 398.

883 4253 1013 4304 170.

224 4355 397 4412 Idem
433 4373 447 4409 :
478 4351 688 4418 Βάδιζε.
727 4348 821 4408 καὶ
846 4349 1123 4427 βαδίζου
1149 4345 1265 4406 ἀντὶ
1292 4351 1383 4404 τοῦ
1412 4347 1588 4425 βάδιζε
1617 4349 1723 4426 Κρ.

882 4481 1009 4533 171.

219 4535 431 4650 Idem)
470 4577 693 4634 Βῶσον
738 4595 750 4630 ;
806 4571 1087 4651 βοήθησον.
1143 4574 1247 4650 Κρ.
1296 4573 1467 4647 Apud
1517 4575 1725 4629 Zonar.

882 4775 1001 4827 165.

218 4893 283 4904 -
308 4863 443 4919 Pioe
462 4859 665 4918 oblitos
694 4857 1029 4916 comburens
1060 4857 1225 4913 Mars,

878 4947 1000 4999 169.

142 5019 347 5076 Pennis
372 5017 527 5075 evehi
557 5016 827 5074 animam.
884 5091 979 5139 ¹73

144 5179 221 5233 151
250 5177 397 5234 tibiis
422 5189 623 5233 canam
647 5171 803 5230 vobis
822 5169 1033 5228 exodia.

2550 758 2679 808 ¹7²·

1909 850 2092 923 Idem,
2119 845 2328 915 Ἄξιος
2368 848 2598 907 λαὸεῒν
2627 852 2656 907 ὁ
2689 850 2925 925 μισθός
2959 874 2973 911 :
3007 855 3158 910 τοῦτο
3194 856 3297 911 τῶν
3323 856 3393 920 εἰς

1826 934 2015 1003 κᾶλλος
2041 938 2356 1013 ἠσκημένων
2375 984 2392 1010 ,
2441 942 2698 1014 σημαῖνον
2743 940 2949 999 τοιοῦτό
2989 963 3057 999 τι·
3087 941 3226 1009 ἄξιός
3252 945 3392 1003 ἐστιν

1824 1028 1853 1083 ὁ
1879 1026 2058 1100 μισθὸς
2079 1070 2097 1097 ,
2124 1024 2259 1083 ὥστε
2288 1026 2470 1085 λαὸεἷν
2499 1027 2678 1087 αὔτόν.
2713 1028 2826 1087 ἔστι
2857 1028 2912 1087 δὲ
2940 1028 3084 1109 παρὰ
3123 1030 3389 1110 Κρατίνῳ.

1825 1114 2096 1170 Similiter
2123 1132 2362 1189 gramm.
2396 1115 2573 1176 Bekk.
2598 1135 2662 1191 p.
2692 1122 2831 1183 [11²-

2541 1234 2673 1305 173.

1905 1346 2088 1415 Idem,
2121 1343 2349 1413 Ἔξόδιοι
2370 1347 2520 1422 νόμοι
2550 1369 2562 1403 :
2611 1345 2936 1423 αὐλήματα,
2969 1348 3036 1405 δι’
3069 1339 3141 1405 ὧν
3175 1348 3394 1429 ἐξῄεσαν

1826 1432 1873 1489 οἱ
1899 1434 2048 1511 χοροὶ
2074 1432 2164 1490 καὶ
2193 1435 2240 1489 οἱ
2270 1432 2520 1504 αὐληταί.
2553 1431 2694 1491 οὕτω
2724 1436 2829 1512 Κρ.

1920 1566 2074 1643 Τοὺς
2104 1557 2368 1648 ἐξοδίους
2399 1570 2542 1658 ὑμῖν
2579 1568 2656 1632 ἵν’
2689 1570 2853 1633 αὐλῶ
2889 1567 3028 1644 τοὺς
3060 1567 3292 1658 νόμους.

1825 1722 1850 1748 ι
1884 1699 1972 1752 De
1993 1695 2326 1768 hujusmodi
2353 1696 2607 1751 exordiis
2644 1697 2898 1771 egregius
2929 1696 3092 1750 locus
3130 1706 3216 1751 est
3259 1698 3391 1750 AElii

1822 1784 2084 1857 Dionysii
2111 1802 2208 1859 ap.
2241 1784 2499 1842 Eustath.
2532 1782 2608 1839 ad
2633 1782 2702 1841 ΙΙ.
2733 1802 2795 1857 p.
2827 1782 2964 1857 239,
3001 1802 3099 1839 no.
3143 1807 3168 1834 ι»
3201 1786 3384 1839 Mein.

1824 1890 1997 1948 quem
2031 1890 2090 1932 v.
2112 1892 2176 1949 p.
2214 1870 2349 1930 230.

2547 1990 2676 2053 174.

1903 2108 2062 2163 Idem
2080 2147 2097 2178 ,
2125 2106 2176 2164 N
2193 2101 2418 2162 αύσων
2464 2099 2878 2180 Ναυκράτης
2925 2102 3012 2159 ἐπὶ
3050 2103 3152 2161 τῶν
3201 2100 3392 2177 ὁμοίως

1823 2190 2175 2251 ἀποδιδόντων
2205 2190 2471 2262 ἀλλήλοις.
2519 2188 2956 2265 ὀνοματοποίησις
2980 2186 3036 2247 δὲ
3074 2188 3134 2246 τὸ
3161 2187 3390 2248 Ναύσων

1820 2282 1891 2345 ὡς
1913 2280 1974 2339 τὸ
1989 2282 2198 2357 ἀγαθῶν
2219 2279 2474 2355 ἇγαθῖδες,
2495 2290 2606 2335 etc.
2637 2285 2661 2328 «ἲ
2685 2280 2976 2335 Cratinum
2987 2297 3057 2333 eo
3078 2276 3390 2353 proverbio

1800 2390 1984 2427 ,11511111
2015 2390 2130 2427 esse
2159 2370 2340 2427 docet
2362 2370 2627 2443 Hesychii
2652 2369 2864 2443 glossa,
2901 2369 3160 2441 quamvis
3188 2386 3392 2423 corru-

1819 2472 1920 2534 pta
1938 2501 1955 2530 ,
1998 2456 2228 2518 Ναύσων
2253 2480 2268 2517 ;
2314 2458 2570 2534 Κρατῖνος
2596 2454 2760 2531 ὄνομα
2802 2453 3016 2525 ἐποίησε
3061 2453 3122 2512 τὸ
3161 2452 3388 2513 Ναύσων

1820 2543 1968 2624 παρὰ
2000 2544 2095 2616 τὴν
2117 2550 2242 2604 ναῦν
2266 2543 2358 2603 καὶ
2379 2543 2439 2603 τὸ
2459 2544 2690 2621 κρατεῖν.
2719 2541 2892 2601 πολλὰ
2921 2542 2979 2601 δέ
3001 2544 3113 2601 ἐστι
3139 2547 3388 2615 τοιαῦτα,

1820 2636 1891 2700 ὥς
1915 2634 2122 2710 ἀγαθῶν
2151 2634 2323 2708 (add.
2355 2628 2623 2711 ἆγαθῖδες)
2649 2630 2739 2688 καὶ
2765 2628 3063 2708 λευκότερος
3091 2626 3386 2695 Λεύκωνος.

1822 2725 1894 2779 cf.
1929 2721 2207 2780 Proverb.
2241 2722 2462 2794 Bodlej.
2497 2721 2636 2793 677.
2686 2722 2961 2776 Nausonis
2988 2739 3200 2775 nomen
3242 2718 3389 2775 ficti·

1820 2813 1966 2868 tium
1987 2814 2283 2887 usurpavit
2305 2814 2478 2867 etiam
2496 2810 2898 2885 Aristophanes
2916 2849 2932 2880 ,
2959 2827 3056 2865 seu
3075 2809 3267 2883 potius
3285 2809 3392 2864 Eu·

1819 2902 1996 2978 polis,
2018 2903 2126 2977 Eq.
2163 2898 2335 2960 1306.
2365 2924 2390 2952 n
2425 2901 2509 2956 M.

2545 3011 2674 3083 175.

1902 3137 2152 3192 Zonaras
2177 3137 2298 3194 vol.
2343 3155 2397 3201 1,
2428 3153 2489 3210 p.
2527 3133 2666 3202 804,
2695 3129 2988 3200 Ἐπιστολή
3025 3152 3039 3189 :
3081 3127 3388 3206 ἐπίσκηψις,

1819 3221 2019 3289 ἐντολή·
2055 3247 2078 3274 α
2105 3223 2158 3309 δ’
2178 3218 2232 3278 δὲ
2262 3222 2338 3298 τῷ
2367 3218 2497 3296 ἱερεῖ
2520 3217 2800 3282 ἐπιστολὰς
2829 3216 2970 3296 λέγει
3010 3214 3330 3277 καθεύδοντι.
3363 3241 3386 3266 ¹·

1821 3309 1912 3369 καὶ
1935 3311 2040 3388 Κρ.

1919 3435 2109 3512 Ᾰκουε
2137 3454 2237 3512 νῦν
2265 3445 2372 3510 καὶ
2394 3433 2580 3516 τήνδε
2612 3445 2723 3516 τὴν
2757 3441 3110 3512 ἐπιστολήν.

2544 3569 2672 3639 176.

1901 3684 2062 3741 Idem
2092 3683 2172 3742 ib.
2201 3701 2264 3757 p.
2297 3701 2415 3757 9¹9
2445 3702 2458 3736 :
2492 3678 2732 3738 Εὖθενεῖν
2761 3679 2808 3736 οἱ
2837 3671 3078 3734 Ἀττικοί·
3104 3675 3152 3730 οἱ
3183 3672 3235 3729 δὲ
3265 3669 3389 3728 Ἴω-

1822 3794 1901 3837 νες
1933 3769 2181 3842 εὐθηνεῖν.
2215 3772 2324 3848 Κρ.

1921 3891 2097 3961 AM&
2132 3885 2274 3960 τάδ’
2307 3893 2438 3959 ἔστ’
2477 3893 2768 3958 ἀνεκτέον·
2804 3889 2909 3956 καὶ
2940 3885 3076 3982 γὰρ,
3108 3883 3262 3960 ἡνίκ’
3299 3891 3390 3951 εὐ-

3213 3993 3384 4058 θένει.

1818 4137 1980 4192 Libri
2010 4134 2260 4194 ἀνοικτέον
2302 4147 2360 4192 et
2386 4135 2611 4205 εὖθενεῑ,
2643 4153 2890 4207 quorum
2930 4131 3074 4186 illud
3114 4129 3388 4185 emenda—

1820 4234 1940 4278 tum
1964 4235 2047 4279 est
2069 4241 2104 4278 a
2131 4223 2374 4298 Bergkio
2399 4224 2739 4278 Commentt.
2759 4241 2820 4294 p.
2851 4239 2925 4290 27
2962 4230 3019 4275 et
3037 4219 3247 4292 Mein.;
3275 4215 3388 4270 hoc

1820 4329 1853 4365 a
1881 4311 2177 4366 Lobeckio
2217 4310 2290 4365 ad
2321 4308 2534 4382 Phryn.
2568 4329 2628 4383 p.
2667 4307 2802 4372 466.
2839 4304 3096 4363 Ferenda
3123 4321 3241 4359 esse
3283 4303 3392 4356 ali-

1821 4399 1949 4470 quis
1972 4396 2112 4452 dicit
2131 4397 2498 4453 incommoda
2521 4398 2582 4450 in
2601 4414 2773 4470 aegm,
2797 4413 2922 4467 quae
2948 4402 3116 4449 antea
3139 4391 3386 4456 tulerint,

1821 4503 1998 4556 quum
2027 4487 2116 4538 vir
2139 4487 2355 4560 vigeret
2384 4486 2585 4558 suique
2607 4492 2810 4558 potens
2851 4490 3013 4537 esset.
3037 4511 3117 4522 --
3139 4480 3385 4534 Metrum

1822 4573 2168 4631 Cratineum.

2541 4771 2664 4822 175.

1820 4861 1967 4918 Audi
1989 4877 2141 4919 nune
2157 4862 2320 4918 etiam
2349 4859 2454 4916 hoc
2471 4859 2710 4932 jussum.

2541 4957 2664 5008 176.

1819 5046 1925 5104 Sed
1953 5047 2072 5105 haec
2099 5045 2346 5112 ferenda,
2369 5044 2414 5101 si
2439 5043 2684 5116 quidem,
2707 5057 2878 5116 quum
2903 5037 3132 5110 vigebat.
