3809 5850
1552 429 1960 490 CRATINUS.
3298 451 3359 499 1¹

645 563 742 618 IV.
789 561 1188 620 ΔΗΛΙΑΔΕΣ.

201 783 401 839 Schoi.
451 785 759 859 Ari-steph.
795 783 903 842 Av.
941 789 1088 859 1294
1123 803 1138 839 :
1187 781 1454 861 φαίνονται
1493 779 1582 840 τὸν
1609 785 1712 841 Au·

119 873 348 948 κοῧργον
379 867 676 946 Αίγύπτιον
695 861 831 928 εἶναι
855 870 1173 945 νομίζοντες,
1197 869 1232 940 ἢ
1252 869 1314 928 τὸ
1335 869 1510 948 γένος,
1530 868 1566 940 ἢ
1595 869 1710 936 τοὺς

117 958 374 1034 τρόπους.
405 959 758 1037 Φερεκράτης
791 957 1006 1036 Ἀγρίοις
1045 959 1147 1034 (fr.
1175 959 1287 1035 5)..
1325 1005 1340 1019 .
1378 958 1582 1034 μήποτε
1619 947 1710 1015 οὗν

117 1043 208 1102 καὶ
233 1047 308 1112 εἰς
339 1044 401 1102 τὸ
429 1043 560 1103 αὐτὸ
588 1049 696 1126 Κρ.
725 1046 954 1118 Δηλιάσι
979 1073 1001 1098 n
1021 1046 1272 1106 Τούτοισι
1295 1043 1350 1102 δὲ
1379 1043 1588 1104 ὄπισθεν
1611 1045 1708 1103 ἴτω

116 1133 306 1212 δίφρον
319 1133 494 1214 φέρων
513 1138 814 1213 Λυκοῦργος
835 1133 970 1213 ἔχων
987 1132 1281 1212 καλοίσιριν.
1297 1161 1322 1184 υ
1336 1135 1559 1191 Indicio
1579 1135 1708 1192 freti

115 1241 342 1293 versus,
362 1225 632 1298 anapaesti
655 1224 948 1298 Aristoph.
959 1265 978 1296 ‚
1000 1223 1310 1279 scribamus

219 1339 518 1404 Τούτοισι
551 1333 610 1406 δ’
644 1336 844 1406 ὄπισθ’
877 1344 912 1404 ὁ
945 1349 1280 1431 Λυκοῦργος
1317 1337 1436 1404 ἴτω
1475 1330 1704 1431 δίφρῳ,

1111 1447 1334 1537 φορέων
1361 1445 1700 1538 καλάσιριν.

114 1569 350 1646 Φορέων
393 1573 634 1629 lectior-e
689 1573 896 1642 forma,
939 1572 1100 1644 cujus
1138 1575 1704 1647 interpretamentum

113 1661 356 1716 videtur
387 1657 586 1738 φέρων,
623 1673 692 1716 ut
734 1662 898 1719 Iliad.
945 1681 996 1732 1,
1030 1661 1167 1732 238,
1219 1661 1274 1716 ἐν
1315 1659 1568 1738 παλάμῃς
1612 1683 1702 1738 φο·

115 1747 326 1822 ρὲουσι,
361 1759 476 1807 etc.
525 1747 764 1805 Interim
827 1752 1188 1804 Hei-mannus
1240 1750 1462 1805 leniore
1519 1761 1706 1806 muta-

115 1837 282 1891 tione
311 1835 703 1892 archilochios
747 1855 1018 1892 numeros
1063 1837 1308 1891 restituit
1350 1854 1363 1890 ε

218 1953 512 2016 Τούτοισι
551 1943 611 2016 δ’
662 1948 906 2016 ὄπισθεν
941 1949 1060 2016 ’ίτω
1099 1942 1308 2040 δίφρον
1345 1952 1533 2042 φέρων
1579 1963 1702 2016 Λυ-

211 2059 380 2148 ἔχων
413 2056 764 2149 καλοίσιριν.
1438 2051 1707 2150 [κοῦργος

117 2187 300 2241 Putat
323 2187 500 2240 Mein.
539 2185 628 2243 his
655 2183 967 2260 significari
999 2203 1274 2260 pompam
1316 2185 1594 2242 ludicram
1633 2186 1706 2241 ad

115 2273 370 2329 modum
398 2273 854 2343 Panathenaicae‚
877 2273 937 2328 in
969 2291 1082 2346 qua
1111 2273 1402 2348 Lycurgus
1421 2285 1553 2348 agat
1569 2292 1704 2349 par-

118 2373 200 2418 tes
233 2363 480 2436 virginis
504 2359 836 2439 διφροφόρου.
871 2361 1056 2435 Igitur
1080 2379 1199 2415 non
1229 2361 1377 2417 male
1403 2361 1606 2436 Bergk.
1629 2361 1704 2438 τῷ

111 2447 290 2528 δίφρῳ
307 2451 504 2506 notari
524 2451 845 2524 suspicatur
863 2449 1218 2506 effeminatos
1231 2469 1420 2506 mores
1429 2451 1699 2526 Lycurgi,

112 2559 296 2612 quem
325 2539 656 2614 AEgyptium
683 2539 885 2614 prodit
904 2540 1072 2594 vestis
1096 2539 1458 2616 AEgyptiaca,
1483 2539 1554 2596 de
1583 2559 1696 2614 qua

113 2647 170 2682 ν.
213 2627 502 2684 Herodot.
531 2647 590 2698 α,
623 2625 723 2696 8ι,
755 2627 900 2683 Poll.
925 2645 986 2697 7,
1017 2647 1112 2698 7¹·

891 2759 951 2796 2.

195 2847 396 2902 Schol.
415 2847 616 2903 venet.
643 2845 1043 2921 Aristophanis
1065 2845 1232 2921 Vesp.
1264 2843 1376 2902 523
1400 2867 1412 2901 ε
1447 2845 1698 2924 θαλλοφό-

117 2958 236 3013 pou<
265 2932 402 3013 ἔφη,
448 2932 758 3011 βουλόμενος
799 2933 918 3000 τοὺς
949 2933 1194 3012 γέροντας
1230 2932 1564 3013 (choricos)
1605 2936 1700 3005 δη-

122 3026 334 3093 λῶσαι,
379 3021 562 3093 ἐπειδὴ
603 3024 658 3081 ἐν
691 3025 798 3087 τοῖς
841 3021 1228 3091 Παναθηναίοις
1255 3022 1306 3078 οἱ
1338 3020 1576 3100 γέροντες
1622 3024 1698 3098 (οἱ

113 3111 272 3168 καλοὶ
335 3108 570 3189 γέροντες
613 3108 948 3185 ἐκλεγόμενοι
981 3112 1218 3169 Athenis
1266 3131 1282 3167 z
1319 3130 1376 3169 v.
1423 3113 1694 3186 Xenoph.

111 3204 390 3275 Sympos„
435 3206 496 3267 1.,
551 3198 656 3275 17)
715 3195 940 3261 θαλλοὺς
995 3196 1202 3275 ἔχοντες
1248 3196 1546 3271 ἐπόμπευον
1593 3200 1696 3275 (cf.

115 3290 328 3363 fragm.
362 3307 384 3341 1
423 3286 774 3361 sabulae)....
816 3282 1134 3359 μνημονεύει
1161 3287 1251 3342 τοῦ
1283 3283 1427 3351 ἔθους
1468 3288 1570 3365 Κρ.
1601 3284 1697 3363 μὲν

113 3378 166 3432 ἐν
206 3372 446 3444 Δηλιάσι
466 3416 485 3447 ,
515 3371 864 3451 Φερεκράτης
891 3370 946 3429 δὲ
975 3374 1030 3429 ἐν
1059 3370 1438 3447 Ἐπιλήσμονι.

832 3486 888 3545 3.
931 3494 988 3553 4.

197 3595 442 3649 Photius
469 3596 606 3650 Lex.
629 3613 692 3667 p.
723 3592 830 3657 481
864 3633 881 3662 ‚
920 3592 1013 3661 13,
1043 3604 1101 3648 et
1129 3592 1349 3663 SuidaS,
1374 3590 1580 3659 Ῥάζειν
1606 3592 1698 3651 καὶ

113 3681 286 3761 ῥύζειν
311 3699 328 3739 :
355 3678 414 3737 τὸ
445 3680 781 3740 ὓλακτεῖν....
814 3677 922 3734 ἀπὸ
944 3676 1126 3735 τούτου
1155 3676 1210 3736 δὲ
1235 3676 1323 3736 ἐπὶ
1345 3676 1462 3745 τοὺς
1485 3701 1696 3758 πικραι·

111 3769 366 3845 πιομένους
381 3764 476 3824 καὶ
494 3767 930 3843 σκαιολογοῦντας
951 3764 1268 3845 μετηνέχθη.
1290 3769 1333 3825 Κ
1345 3788 1394 3845 ρ.
1421 3768 1696 3836 Δηλιάσιν·

210 3870 317 3943 ἵνα
361 3886 566 3967 σιωπῇ
613 3886 724 3952 τῆς
768 3877 986 3966 τέχνης
1037 3868 1266 3964 ῥοίζωσι
1318 3875 1424 3941 τὸν
1478 3877 1694 3942 λοιπὸν

1461 3983 1693 4073 χρόνον.

119 4076 204 4132 καὶ
237 4074 360 4145 ἑξῆς

1805 563 1941 616 llaec
1968 564 2286 634 posteriora
2316 581 2521 620 vereor
2558 577 2623 620 ut
2662 583 2799 621 sana
2842 569 2954 622 sint
3000 587 3009 620 :
3054 586 3186 623 nam
3229 571 3367 642 quid

1803 649 1916 704 hoc
1945 649 2052 703 sihi
2080 651 2229 720 vult,
2270 651 2473 722 istum,
2523 671 2694 726 quem
2734 653 2878 709 dicit
2916 657 3167 710 comicus
3190 697 3207 726 ,
3250 667 3369 710 ter-

1803 754 1929 791 ram
1958 737 2280 793 allatrasse?
2306 749 2364 792 et
2399 740 2693 812 quomodo
2724 741 2813 796 his
2842 741 3219 816 con‘veniunt,
3244 762 3371 816 quae

1803 836 2141 896 sequuntur,
2200 827 2229 882 ὁ
2280 824 2326 878 δ’
2392 824 2632 904 ἐσκάριζε
2682 827 2852 884 xvim?
2906 834 2985 885 At
3022 833 3369 886 conveniunt

1803 911 2133 987 emendata,
2158 924 2224 967 ut
2250 914 2605 970 emendanda
2632 934 2749 971 mse
2770 935 2971 972 censeo
2989 958 3007 987 ‚
3036 914 3218 994 ἔρραζε
3242 915 3368 995 πρὸς

1801 994 1890 1053 τὸν
1912 1001 2038 1076 γοῦν
2054 1040 2073 1070 ,
2117 1001 2433 1056 allatrabat
2448 1005 2608 1058 illum
2635 1005 2859 1058 scilicet.
2891 1001 2999 1062 Τὸν
3027 1007 3070 1062 i.
3094 1024 3144 1063 e.
3171 1007 3369 1076 τοῦτον,

1801 1093 2016 1153 ἐκεῖνον.

2552 1193 2607 1251 5.

1882 1307 2217 1380 Hesychius,
2258 1303 2499 1386 Αἶθριαε
2544 1309 2651 1386 Κρ.
2683 1306 2907 1367 Ἰλιάσιν
2953 1309 3144 1387 (recte
3187 1314 3368 1368 corri-

1799 1403 1944 1468 gunt
1968 1392 2225 1462 Δηλιᾶσιν
2255 1411 2272 1453 2
2300 1395 2479 1450 codex
2504 1391 2805 1472 ἹῙλιᾶσιν)“

1896 1504 2319 1601 Ῡπερὸορείους
2348 1509 2548 1602 αἴθρια
2590 1521 2901 1602 τιμῶντας
2941 1515 3158 1604 στέφη·

1797 1636 1866 1696 τὰ
1901 1636 2005 1716 γὰρ
2050 1636 2416 1717 Ὑπερὸορέων
2458 1636 2575 1716 ἱερὰ
2626 1637 2763 1696 κατοί
2814 1661 2930 1696 τινα
2976 1637 3196 1718 πάτριον
3247 1641 3368 1719 ἅγι-

1799 1725 1980 1784 στείαν
2012 1728 2113 1805 οὐχ
2132 1725 2235 1783 ὑπὸ
2256 1725 2473 1803 στέγην,
2512 1727 2632 1784 ἀλλ’
2659 1729 2749 1783 ὑπ’
2784 1725 2982 1806 αἴθριον
3019 1726 3367 1807 διαφυλάττε-

1797 1831 1909 1876 ται.
1942 1818 2140 1874 Suidas
2170 1834 2185 1874 ε
2233 1813 2433 1894 Στέφος
2460 1813 2554 1872 καὶ
2580 1814 2780 1894 στέφη,
2812 1816 2905 1872 καὶ
2951 1813 3127 1894 α’ίθρια
3168 1815 3363 1896 στέφη,

1797 1901 1867 1960 τὰ
1907 1902 1959 1972 ἐξ
2000 1902 2369 1983 Ὑπερὸορέων
2417 1901 2776 1981 κομιζόμενα,
2814 1906 2885 1969 ὡς
2927 1903 3009 1960 ἀεὶ
3049 1905 3103 1961 ἐν
3131 1903 3367 1984 ὑπαίθρῳ

1799 1990 2065 2066 τιθέμενα.
2104 1995 2213 2049 Has
2242 1992 2583 2049 subdiviales
2611 2011 2905 2048 sacrorum
2937 1994 3253 2068 primitias,
3290 1994 3363 2048 ab

1799 2083 2189 2156 Hyperboreis
2212 2083 2418 2138 Delum
2454 2083 2675 2150 missas,
2700 2073 2806 2157 ip&
2835 2080 3141 2155 ἐνδεδεμένα
3170 2083 3222 2140 ἐν
3248 2104 3364 2139 πυ-

1801 2168 1903 2246 ρῶν
1929 2165 2149 2246 καλάμῃ
2171 2179 2341 2225 vocat
2361 2169 2689 2225 Herodotus
2714 2177 2773 2239 4,
2800 2167 2900 2239 33,
2925 2168 3175 2241 καλάμην
3189 2190 3245 2225 τε
3274 2168 3365 2226 καὶ

1795 2255 1914 2333 ἱερὰ
1966 2255 2248 2336 δράγματα
2295 2254 2578 2336 ἀσταχύων
2619 2258 2992 2315 Callimachus
3040 2258 3110 2316 Η.
3141 2261 3197 2313 in
3236 2259 3362 2318 Del.

1800 2345 1937 2403 283.
1970 2348 2064 2401 Ex
2098 2348 2346 2402 Alberto.

2556 2455 2617 2512 6.

1877 2571 2115 2626 Photius
2130 2573 2269 2627 Lex.
2292 2589 2355 2644 p.
2380 2568 2480 2640 26,
2511 2570 2604 2637 18,
2620 2565 2859 2638 Ἐτῆσιοι
2884 2587 2899 2624 z
2920 2564 3230 2647 πρόσκαιροι
3248 2567 3355 2648 (ἓ).-

1893 2681 2150 2760 Edonos
2175 2683 2288 2780 γὰρ
2320 2683 2555 2778 πρόσιτ’
2589 2685 2683 2751 ἀεὶ
2709 2687 2859 2779 πρὸς
2885 2691 2997 2762 τὴν
3026 2691 3247 2778 τέχνην
3264 2737 3284 2770 ,

1800 2815 1846 2873 Κ
1855 2836 1900 2891 ρ.
1945 2811 2219 2884 Δηλιάσιν.
2267 2815 2409 2874 cod.
2464 2811 2704 2892 Πρόσιτα
2758 2815 2823 2872 εἰ.
2873 2817 3078 2871 Poetas
3113 2817 3367 2872 scenicos

1797 2905 1972 2976 dixit,
1998 2906 2107 2959 nisi
2138 2904 2326 2974 fallor,
2358 2906 2664 2977 quotannis
2688 2905 2935 2962 Athenas
2955 2902 3241 2980 proficisci
3270 2923 3364 2960 so·

1795 2994 1927 3049 litos
1942 2992 2017 3049 ad
2038 2992 2317 3068 petendos
2338 2994 2565 3051 choros.
2586 2990 2703 3062 Τὴν
2722 2989 2935 3069 τέχνην,
2958 3003 3139 3049 artem
3158 2993 3365 3047 utrius-

1795 3099 1909 3154 que
1937 3082 2161 3156 generis
2188 3080 2541 3137 theatralem.

2553 3213 2607 3264 7.

1871 3305 2079 3365 Athen.
2106 3326 2166 3380 9,
2190 3326 2247 3381 p.
2274 3306 2409 3381 396,
2434 3309 2492 3375 Β,
2525 3308 2597 3363 de
2621 3312 2850 3370 πνικτοῖς
2874 3303 3128 3385 κρεαδίοις
3150 3326 3319 3382 agens
3344 3328 3357 3363 ε

1795 3394 1899 3470 Κρ.
1936 3392 1982 3449 δ’
2012 3394 2064 3449 ἐν
2092 3394 2229 3463 Δηλ.

1889 3518 1991 3593 Τῷ
2032 3504 2087 3573 δ’
2128 3505 2463 3601 ὑποτρίψας
2498 3533 2561 3573 τι
2600 3508 2771 3601 μέρος
2816 3503 3025 3583 πνίξον
3060 3512 3356 3603 καθαρύλ-

3205 3620 3351 3689 λως.

2504 3732 2560 3791 8.
2596 3752 2655 3805 9.

1871 3831 2121 3887 Gramm.
2148 3830 2389 3886 Bekkeri
2414 3828 2631 3885 Anecd.
2665 3848 2728 3903 1)-
2768 3846 2898 3899 mo,
2953 3848 3021 3885 10
3055 3846 3069 3887 :
3103 3826 3272 3886 λείπει
3299 3826 3354 3885 δὲ

1793 3914 1886 3993 (ἂν
1914 3919 2225 3993 particula)
2255 3914 2347 3973 καὶ
2371 3918 2423 3975 ἐν
2452 3914 2835 3981 ὑπο-τακτικοῖς·

1887 4036 1975 4103 Εἴ
2004 4062 2095 4113 τις
2124 4030 2178 4102 δ’
2211 4040 2378 4127 ὑμῶν
2413 4034 2631 4100 κάλλει
2669 4033 2982 4125 προκριθῇ.

213 4167 440 4268 ἷὲρραζε
485 4164 636 4265 πρὸς
679 4178 790 4247 τὴν
827 4185 970 4264 γῆν·
996 4180 1030 4237 ὁ
1073 4164 1140 4237 δ’
1187 4169 1460 4267 ἐσκάριζε
1507 4175 1697 4240 κάπέ·
1789 4164 2093 4222 καῖπάλιν·

1413 4382 1428 4391 ι
1445 4273 1690 4373 παρδεν.

719 4460 1108 4516 DELIADFS.

893 4554 939 4601 1.

124 4636 234 4690 lios
253 4651 286 4689 a
317 4642 473 4705 tergo
497 4638 790 4707 Lycurgus
815 4634 1056 4705 sequitor
1077 4650 1244 4690 curru
1262 4676 1278 4703 ‚
1305 4633 1530 4689 indutus
1553 4633 1696 4690 caia·

1887 4282 2052 4372 Πρὶν
2084 4291 2356 4374 παροῦσα
2394 4271 2433 4344 δ
2440 4273 2661 4371 ιδοίσκῃ
2680 4332 2694 4345 .

2550 4464 2605 4513 5.

1791 4546 2169 4620 Hyperboreos
2195 4544 2569 4601 subdivaiibus
2596 4543 2925 4599 honorantes
2952 4542 3121 4599 sertis.

2548 4640 2600 4688 6.

1536 4722 1692 4777 sitin.
1787 4723 2095 4796 Quotannis
2118 4721 2266 4778 enim
2288 4734 2504 4791 semper
2526 4719 2597 4775 ad
2622 4728 2793 4776 artem
2814 4718 3089 4775 acceditis.

129 4898 432 4955 Ramiferoe
461 4912 638 4954 senes.

843 4990 894 5039 3.
923 4991 976 5039 4.

2554 4816 2608 4863 7.

1792 4900 1874 4954 11Ιὶ
1898 4914 2023 4955 vero
2042 4896 2362 4970 particulam
2382 4896 2617 4969 aiiquam
2638 4896 3019 4952 comminuens
3040 4893 3179 4949 elixa
3197 4908 3355 4966 pure.

2551 4992 2587 5040 8

133 5074 238 5137 tt,
275 5073 496 5129 silentio
539 5073 648 5129 arti
693 5072 984 5144 imposito,
1037 5070 1238 5127 latrent
1283 5086 1378 5141 per
1425 5069 1696 5143 reliquum
1788 5073 1844 5128 Si
1873 5072 1997 5144 quis
2028 5078 2259 5127 vestrum
2290 5069 2697 5144 pulchritudine
2718 5068 2836 5125 aliis
2858 5064 3191 5124 antecelluit.

1427 5162 1445 5225 [
1459 5167 1692 5229 tempus.

2546 5164 2581 5213 9

147 5248 420 5307 tllatrabat
449 5249 610 5305 ilium
639 5247 880 5315 scilicet3
909 5247 954 5303 is
979 5262 1102 5304 vero
1133 5246 1344 5303 exsiluit
1368 5255 1418 5303 et
1445 5247 1680 5319 pepedit.
1789 5250 2097 5318 Antequam
2128 5244 2390 5303 accedens
2412 5242 2680 5300 ostendat.
