3809 5850
468 450 576 501 124

460 570 762 629 παύσασθαι
781 570 938 629 δικῶν
952 565 1355 649 ἁλληλοφᾶγων.
1372 592 1399 621 n
1418 570 1692 627 Meinek.:
1722 594 1747 620 α
1776 570 1909 625 Non
1926 570 2030 625 mi·

461 682 567 721 nus
593 672 861 737 corrupte
889 659 1093 717 Suidas
1122 680 1183 719 v.
1216 658 1424 719 Σεῖσαι.
1452 655 1711 717 Correxit
1743 658 2030 715 Porsonus

458 751 693 810 Miscell.
718 769 782 825 p.
817 748 929 821 287
962 768 977 804 :

558 878 715 946 Ᾰλλ’
750 875 801 943 ὦ
854 878 1101 945 πάντων
1150 877 1354 942 ἀστῶν
1398 882 1631 963 λῷστοι
1686 882 1878 941 σεῖσαι
1929 873 2033 940 καὶ

1475 982 1996 1075 προσκαλέσασθαι
2014 1031 2032 1065 ,

560 1090 870 1158 παύσασθε
892 1080 1077 1156 δικῶν
1114 1086 1582 1181 ἀλληλοφάγων.
1614 1112 1649 1147 ¹>

462 1234 601 1307 Quae
632 1234 821 1309 probo
861 1244 1068 1310 praeter
1097 1234 1249 1291 istud
1274 1234 1466 1303 ἀστῶν,
1506 1234 1666 1309 quod
1700 1234 1974 1291 abhorret
2001 1252 2035 1289 a

462 1324 747 1397 scriptura
788 1323 1033 1395 codicis,
1063 1325 1276 1397 vixque
1300 1322 1527 1379 dubites
1550 1326 1691 1397 quin
1713 1324 1831 1381 Tel.
1873 1322 2031 1380 dixe·

460 1411 538 1465 rit
565 1405 773 1465 πάντων
804 1405 867 1479 δὴ
898 1410 1047 1479 ἐτῶν,
1078 1411 1167 1465 vel
1208 1407 1271 1478 δὴ
1317 1409 1461 1481 ’τῶν,
1506 1412 1546 1464 i.
1590 1429 1642 1469 e.
1670 1410 1897 1467 πολιτῶν
1928 1428 1943 1469 :
1973 1430 2030 1469 v.

462 1497 749 1572 Aristoph.
767 1493 923 1557 Plut.
946 1516 1119 1573 1079,
1134 1497 1466 1556 Schneider.
1479 1500 1620 1558 Lex.
1638 1517 1694 1557 V.
1711 1494 1898 1571 Ἕτης,
1919 1510 2030 1558 etc.

464 1584 627 1641 Iliad.
668 1606 729 1662 7,
777 1585 891 1661 ²95
933 1606 947 1641 ι
989 1585 1109 1649 ἔτας
1136 1583 1226 1641 καὶ
1260 1582 1510 1664 ἑταίρους.

1223 1703 1277 1763 5.

541 1817 755 1876 Pollux
788 1838 882 1891 10,
921 1820 1027 1886 164
1064 1840 1077 1875 :
1110 1816 1465 1890 Τηλεκλείδου
1485 1819 1538 1876 ἐν
1561 1816 1722 1898 ’Ap-qa.
1746 1818 1977 1887 εἰπόντος

564 1953 1019 2045 Δουλοπύνηρον
1044 1956 1300 2046 ῥυπαρὸν
1330 1953 1674 2045 σκόλυθρον,

463 2096 796 2179 ’κάτοπτρον
818 2096 941 2159 ἔνιοι
963 2098 1261 2160 ἀκούουσιν.
1292 2129 1313 2149 -ι
1336 2104 1523 2177 Vulgo
1548 2100 1827 2179 κόλυθρον,
1852 2104 2038 2163 codex

466 2190 774 2249 Falckenb.
822 2187 1122 2267 σκέλυθρον.
1162 2190 1325 2249 Idem
1368 2211 1479 2267 pro
1529 2189 1821 2268 κάτοπτρον
1868 2194 2040 2250 habet

466 2276 775 2356 κάτυστρον.
816 2277 1138 2335 Hemsterh.
1194 2278 1443 2350 conjecit
1510 2278 1864 2357 καθιστήριον,
1939 2282 2041 2338 sed

465 2368 822 2422 verisimilius
862 2376 946 2423 est
979 2364 1302 2443 κοίναστρον,
1349 2368 1466 2423 sive
1502 2364 1816 2447 κάνυστρον,
1864 2388 2040 2445 quam

472 2454 717 2513 formam
760 2474 795 2511 e
840 2456 1101 2530 catalogo
1146 2456 1250 2512 τῶν
1298 2454 1675 2535 δημιοπράτων
1732 2459 2040 2534 exsignavit

468 2540 671 2599 Pollux
702 2560 795 2613 10,
822 2542 917 2599 86.
946 2568 972 2593 ι
994 2545 1047 2599 Ε
1067 2544 1157 2603 Μ.

1223 2662 1281 2723 6.

548 2776 742 2834 Schol.
765 2776 1057 2851 Aristoph.
1085 2779 1194 2833 Av.
1228 2776 1345 2852 988
1375 2796 1389 2837 :
1423 2774 1717 2857 Σύμμαχος
1740 2775 1796 2836 δὲ
1821 2776 1914 2836 καὶ
1933 2800 2040 2855 μα-

466 2862 627 2936 νιώδη
660 2862 790 2945 φησὶ
818 2862 905 2921 τὸν
933 2862 1183 2935 Διοπείθη
1202 2908 1221 2942 ,
1252 2862 1340 2923 τὸν
1363 2864 1589 2947 ῥήτορα,
1620 2869 1691 2934 ὡς
1708 2867 1801 2925 καὶ
1818 2865 1963 2940 Τηλ.
1985 2868 2040 2925 ἰν

466 2954 627 3040 Ἄμφω.
688 2957 844 3026 δῆλον
898 2957 1059 3015 ποιεῖ.
1118 2982 1143 3008 κ
1195 2959 1285 3014 Dc
1343 2960 1613 3034 Diopithe
1667 2979 1725 3016 ν.
1774 2961 2036 3020 Lobeck.

466 3045 751 3123 Aglaoph.
791 3064 853 3121 p.
891 3043 1030 3120 981.
1066 3067 1091 3095 ι
1113 3046 1295 3102 Mein.

548 3278 753 3336 Athen.
786 3276 844 3348 8,
884 3297 947 3354 p.
968 3275 1105 3348 335,
1134 3281 1207 3336 A.
1230 3186 1529 3357 ῖΙχθύων,
1556 3278 1722 3357 ὄνομα
1752 3278 1951 3360 κύριον,
1979 3272 2036 3340 οὗ

468 3362 781 3442 μνημονεύει
794 3365 931 3437 Τηλ.
953 3367 1005 3423 ἐν
1021 3361 1179 3446 Ἀμφ.
1196 3367 1656 3428 Similianomina
1676 3369 1852 3431 Mein.
1875 3391 2037 3430 com-

466 3458 806 3514 memoravit
852 3457 1159 3532 Ichthyam
1199 3461 1372 3536 Diog.
1404 3463 1593 3521 Laent.
1640 3481 1700 3534 2,
1744 3481 1834 3535 10,
1878 3463 1935 3536 8,
1981 3475 2040 3520 et

466 3546 713 3621 Ichthyn
739 3547 949 3606 Athen.
981 3546 1041 3618 8,
1066 3565 1130 3622 Ρ.
1162 3547 1301 3618 346,
1332 3551 1395 3606 Ε.

1226 3669 1283 3728 8.

548 3781 710 3839 Idem
750 3788 845 3850 14,
882 3800 943 3856 Ρ.
972 3782 1110 3857 619,
1147 3783 1198 3838 A
1229 3798 1248 3839 z
1292 3779 1387 3838 καὶ
1429 3785 1533 3840 τῶν
1572 3785 1847 3858 μισθιοπῶν
1873 3782 1930 3840 δέ
1963 3806 2042 3850 τις

470 3862 533 4016 ’ἐγ
553 3867 690 4037 ’ξιίᾏ
710 3871 811 3927 τῶν
842 3870 893 3936 ἐς
920 3865 1036 3936 τοὺς
1066 3866 1256 3947 ἀγροὺς
1277 3867 1592 3949 φοιτώντων,
1618 3873 1689 3938 ὡς
1715 3873 1855 3944 Τηλ.
1882 3871 2040 3952 φησὶν

552 4185 802 4245 Gramm.
830 4183 1071 4244 Bekkeri
1094 4185 1317 4246 Anecd.
1342 4204 1405 4262 p.
1436 4185 1573 4259 464,
1599 4185 1698 4258 30,
1734 4197 1793 4244 et
1812 4188 2042 4262 suidas,

473 4271 765 4344 Αὖτίτην
800 4293 815 4329 2
866 4271 955 4332 τὸν
1006 4276 1251 4352 αὖθιγενῆ
1303 4274 1502 4356 (Suid.
1553 4276 1837 4354 αὖτογενῆ)
1876 4267 2036 4337 οἶνον.

472 4359 632 4441 'Ay-tp.
664 4361 801 4432 Τηλ.
835 4386 861 4412 «ι
886 4364 954 4421 V.
978 4363 1220 4425 Casaub.
1260 4365 1334 4421 ad
1357 4365 1563 4425 Athen.
1608 4385 1661 4436 1,
1688 4384 1751 4441 Ρ.
1793 4366 1893 4440 31,
1922 4369 1986 4426 Ε.
2016 4388 2040 4416 ¹·

472 4453 651 4509 Mein.
674 4451 837 4507 Idem
856 4451 996 4512 nist.
1028 4455 1155 4510 crit.
1178 4455 1339 4510 Com.
1369 4473 1433 4529 Ρ.
1481 4454 1557 4526 87
1582 4473 1643 4510 ει
1668 4459 1756 4511 De
1783 4466 2042 4530 tempore

472 4559 591 4614 quo
618 4550 746 4595 acta
777 4551 863 4596 est
886 4541 1006 4596 haec
1030 4542 1339 4616 comoedia,
1365 4542 1427 4598 id
1455 4554 1609 4600 certe
1636 4554 1893 4600 tenemus
1914 4585 1930 4615 ,
1957 4543 2044 4598 fa-

472 4637 759 4684 ctumoese
785 4639 916 4685 ante
939 4640 1064 4686 acta
1088 4627 1269 4706 Θηρία
1288 4631 1545 4702 Cratetis,
1566 4633 1668 4706 qui
1692 4633 1911 4706 olymp.
1938 4630 2038 4701 88,

474 4721 507 4782 4
532 4715 681 4791 (424
716 4728 845 4774 ante
872 4717 1045 4790 Chr.)
1066 4717 1189 4789 jam
1224 4719 1466 4776 obierat.
1496 4744 1523 4770 n

472 4975 547 5028 At
564 4984 689 5038 vos,
721 4971 969 5027 omnium
1000 4891 1345 5044 populu-ium
1379 4973 1571 5046 optimi
1598 4973 1667 5030 ad
1700 4973 2040 5031 turbandum

1446 434 1860 496 coMOEmAE
1900 412 2235 495 vssmms
2278 432 2686 507 nEuQmAE.

2625 565 2703 625 Π.
2748 563 3164 625 ΑΨΕΥΔΕΙΣ.

2888 731 2936 767 1.

2203 842 2406 898 Pollux
2453 860 2542 913 10,
2576 839 2654 899 68
2683 860 2700 896 :
2729 836 2792 896 τὸ
2815 836 2870 896 δὲ
2899 835 2974 895 σύ
2989 858 3221 914 στομον
3249 834 3414 913 ὄνομα
3443 835 3682 917 φιλήμα-

2122 927 2208 995 τός
2233 930 2401 1002 ἐστιν,
2437 930 2489 987 ἐν
2529 936 2636 994 τοῖς
2667 923 3024 1001 Τηλεκλείδου
3051 925 3319 1006 Ἀψευδέσι
3351 929 3468 1005 μετ’
3513 926 3687 985 ἄλλων

2123 1016 2334 1077 πολλῶν
2359 1014 2654 1097 εἰρημένον.

2885 1123 2941 1164 2.

2203 1218 2366 1275 Idem
2396 1218 2476 1276 ib.
2509 1218 2586 1294 98
2618 1236 2635 1277 τ
2667 1214 2805 1273 ἀλλὰ
2843 1211 2948 1291 μὴν
2975 1212 3067 1273 καὶ
3089 1212 3312 1292 τήγανον
3341 1211 3478 1292 ἔχοις
3505 1210 3574 1273 ἂν
3605 1216 3688 1269 εὖ·

2131 1310 2237 1381 ρεῖν
2259 1345 2349 1364 ....
2369 1305 2422 1362 ἐν
2447 1302 2801 1375 Τηλεκλείδου
2825 1300 2944 1383 Ἇψ.

2223 1416 2321 1485 Τὰ
2357 1412 2428 1485 δὲ
2452 1422 2688 1513 τήγανα
2721 1412 2938 1497 ζέοντά
2987 1442 3080 1483 σοι
3127 1418 3473 1508 μολύνεται.

2131 1547 2276 1606 cod.
2339 1548 2535 1606 Falck.
2595 1544 2664 1603 τὰ
2711 1543 2765 1602 δὲ
2822 1540 3237 1621 τηγανασίζοντα
3251 1585 3272 1615 ,
3317 1542 3474 1598 unde
3531 1541 3701 1597 facile

2128 1636 2420 1710 exsculpas
2439 1632 2528 1693 Τὰ
2565 1632 2622 1691 δὲ
2641 1632 2952 1709 τηγάνοις
2979 1632 3194 1710 (Bentl.
3221 1626 3461 1710 τηγάνῳ)
3489 1626 3700 1698 σίζοντιὶ

2129 1747 2181 1786 σ.
2209 1748 2268 1802 μ.
2291 1726 2579 1785 Glossema
2605 1734 2690 1781 est
2720 1718 2920 1789 ζέοντα.

2887 1834 2920 1890 3

2214 1947 2462 2022 Hesych.
2507 1943 2815 2023 Δρεπτόν
2863 1964 2877 2000 :
2911 1932 3042 2007 εἶδος
3084 1939 3412 2021 φιλήματος,
3447 1944 3522 2009 ὣς
3557 1942 3704 2013 Τηλ.

2131 2037 2395 2111 Scriptor
2441 2037 2691 2091 incertus
2723 2036 2914 2107 Etym.
2943 2034 3024 2089 M.
3075 2050 3136 2106 p.
3179 2032 3320 2107 287,
3359 2032 3477 2088 28:
3517 2030 3614 2087 καὶ
3647 2030 3706 2087 τὸ

2132 2122 2354 2201 δρεπτὸν
2387 2119 2744 2201 ἐσκευώρηται
2777 2117 2925 2198 παρὰ
2969 2123 3063 2176 σοῦ
3107 2118 3332 2198 φίλημα.
3361 2121 3706 2194 Scripserim

2130 2215 2394 2270 restitulis
2432 2213 2695 2289 partibus
2719 2212 3069 2268 sextariorum
3089 2250 3107 2282 ,
3139 2209 3404 2284 facilique
3431 2209 3710 2265 emenda·

2131 2304 2287 2357 tione
2305 2342 2324 2376 ,

2293 2410 2402 2473 Καὶ
2431 2409 2490 2469 τὸ
2525 2409 2746 2490 δρεπτὸν
2772 2400 2837 2482 ἦν
2861 2408 3120 2489 σκευωρία

2212 2501 2360 2581 παρὰ
2389 2505 2481 2560 σοῦ
2506 2500 2734 2582 φίλημα.

2133 2615 2476 2673 Insidiosum
2521 2612 2690 2669 fuisse
2731 2613 2812 2667 ait
2851 2612 2947 2667 ille
2967 2651 2985 2681 ,
3038 2610 3291 2684 quisquis
3323 2609 3432 2665 fuit
3451 2650 3468 2680 ,
3512 2611 3576 2665 in
3625 2612 3707 2667 fa·

2134 2703 2272 2760 bula
2310 2688 2623 2759 meretricis
2662 2700 2752 2755 vel
2776 2700 2972 2755 amasii
3001 2696 3240 2769 alicujus
3273 2698 3537 2753 osculum
3582 2698 3708 2775 δρε·

2131 2788 2280 2862 πτὸν,
2322 2809 2440 2864 quo
2469 2790 2598 2865 plus
2625 2788 2796 2843 solito
2839 2786 2912 2842 ab
2953 2804 3012 2842 se
3053 2785 3320 2843 auferret.
3363 2787 3500 2841 Fuit
3529 2787 3716 2860 igitur

2131 2876 2192 2938 τὸ
2233 2874 2451 2956 δρεπτὸν
2485 2878 2824 2952 exquisitum
2853 2876 3224 2949 lasciviusque
3261 2874 3502 2949 aliquod
3529 2894 3718 2951 genus

2133 2970 2346 3043 osculi,
2381 2967 2452 3023 de
2496 2985 2612 3040 quo
2647 2967 2970 3040 inquirere,
3015 2967 3062 3019 si
3095 2975 3297 3039 vacat,
3325 2963 3510 3035 jubeo
3547 2983 3722 3020 ama—

2131 3068 2306 3116 tores.
2337 3079 2360 3105 α
2387 3055 2641 3113 Eustath.
2671 3053 2745 3109 ad
2763 3052 2964 3126 odyss.
2989 3071 3051 3128 Ρ.
3091 3050 3276 3109 1880:
3302 3046 3568 3130 χύτραν
3603 3049 3722 3109 ἔλε-

2130 3165 2221 3221 γον
2250 3132 2384 3209 εἶδός
2409 3164 2461 3200 τι
2487 3138 2807 3220 φιλήματος,
2837 3137 2974 3198 καθὰ
2999 3139 3088 3197 καὶ
3115 3137 3366 3217 δρᾶπετον
3399 3137 3548 3216 (leg.
3576 3138 3721 3218 δρε-

2129 3253 2215 3290 πτ
2233 3229 2342 3305 ὸν)
2385 3226 2476 3286 καὶ
2515 3250 2604 3285 πα
2621 3226 2766 3302 ιδάρ
2789 3248 2912 3285 ιον.
2944 3227 3035 3284 Ad
3069 3225 3326 3306 Ἀψευδεῖς
3363 3227 3540 3283 retuli
3567 3247 3724 3304 pro-

2129 3331 2259 3397 pter
2285 3319 2532 3378 Pollucis
2552 3320 2747 3375 locum
2775 3317 2849 3376 fr.
2889 3335 2943 3374 1.
2975 3343 2997 3368 n
3027 3319 3203 3375 Mein.

2212 3543 2464 3602 Eandem
2530 3542 2780 3599 fabulam
2857 3540 3088 3614 respicit
3151 3538 3330 3596 schol.
3404 3541 3725 3616 Aristoph.

2131 3629 2300 3708 Vesp.
2351 3629 2489 3701 506,
2519 3630 2850 3688 emendatus
2885 3646 2920 3684 a
2957 3627 3238 3686 Meinekio
3264 3647 3278 3682 :
3309 3627 3404 3697 ζῆν
3431 3626 3553 3703 βίον
3591 3651 3732 3705 γεν-

2131 3719 2274 3778 ναῖον
2303 3717 2482 3797 ὥσπερ
2513 3717 2758 3796 Μόρυχος
2787 3738 2800 3772 2
2832 3712 2960 3795 πρὸς
2992 3713 3079 3773 τὸν
3109 3711 3226 3779 τοὺς
3252 3711 3524 3792 Ἀψευδεῖς
3547 3717 3728 3788 ποιή-

2134 3829 2329 3882 σαντα,
2357 3805 2437 3865 ὅτι
2465 3804 2554 3864 τὸν
2581 3803 2832 3884 Μόρυχον
2863 3805 2966 3862 τῶν
3002 3803 3284 3860 πολιτικῶν
3311 3801 3584 3874 πεποίηκε
3619 3829 3738 3877 με-

2133 3894 2354 3976 τέχοντα
2381 3891 2736 3972 πραγμάτων,
2781 3889 3044 3968 ἀγνοήσας
3065 3887 3144 3948 ὅτι
3171 3887 3418 3971 τρυφερὸς
3443 3891 3546 3949 καὶ
3579 3893 3740 3964 ἡδύ-

2135 3982 2243 4050 6ιος
2266 3983 2620 4062 κωμῳδεῖται.
2653 3985 2805 4040 Hinc
2841 3981 3030 4058 (addit
3046 3981 3321 4056 Meinek.)
3343 3983 3630 4056 suspicor
3655 3987 3742 4044 ad

2136 4071 2398 4154 Ἀψευδεῖς
2430 4073 2794 4132 referendum
2821 4089 2940 4128 esse
2959 4070 3162 4146 fragm.
3183 4070 3299 4129 inc.
3341 4068 3432 4126 16.

2667 4219 2778 4280 111.
2825 4217 3155 4278 ΗΣΙΟΔΟΙ.

2221 4394 2247 4422 α
2283 4371 2472 4428 Minus
2497 4379 2654 4425 recte
2679 4364 2925 4432 Ἡσίοδος
2953 4367 3192 4423 Antiatt.
3231 4383 3291 4439 p.
3319 4381 3422 4438 91,
3453 4369 3490 4430 4
3514 4385 3534 4436 3
3571 4384 3600 4420 1
3625 4387 3746 4440 10,

2135 4455 2233 4528 25,
2254 4457 2456 4514 Suidas
2467 4456 2786 4530 ν.οὖδαμῆ,
2809 4466 2868 4510 et
2881 4454 3062 4513 schol.
3083 4453 3370 4526 Aristoph.
3387 4457 3503 4507 Av.
3535 4473 3558 4508 1
3581 4457 3746 4529 182,

2133 4545 2236 4601 ubi
2279 4545 2656 4602 Proxenidem
2717 4544 3042 4619 sugillatum
3091 4559 3209 4598 esse
3250 4542 3358 4596 hac
3401 4540 3470 4594 in
3521 4542 3754 4604 fabula

2133 4633 2422 4689 discimus.
2451 4632 2676 4688 Ibidem
2692 4631 2810 4688 Tel.
2831 4633 3084 4705 graviter
3100 4629 3321 4684 notavit
3331 4627 3752 4708 Androclem,

2135 4731 2372 4778 testante
2411 4720 2588 4776 schol.
2633 4720 2850 4775 Veneto
2893 4717 2969 4775 ad
3012 4721 3184 4792 vesp.
3240 4736 3261 4772 1
3279 4715 3410 4784 182,
3455 4718 3754 4797 Nothip-

2742 4885 3092 4940 VERACES.

2885 4977 2912 5027 1

1525 5064 1612 5130 [et
1636 5061 2006 5120 acc-usandum
2021 5105 2038 5132 ,
2133 5061 2205 5115 Et
2231 5057 2288 5114 in
2309 5059 2503 5116 catinis
2523 5055 2806 5116 stridentia
2833 5014 3113 5114 foetlnntur
3139 5054 3257 5112 tibi.

472 5143 622 5201 fluite
648 5145 801 5214 lites,
830 5145 1031 5218 quibus
1052 5146 1188 5204 alter
1207 5147 1441 5205 alterum
1467 5145 1715 5234 devorat!

2135 5263 2200 5274 -
2229 5233 2628 5306 (emptumque
2650 5231 2810 5288 dolus
2827 5148 2940 5288 fuit
2953 5239 3112 5288 tuum
3131 5228 3432 5296 osculum.)
