3809 5850
1409 383 1931 446 ANTIPHANES.

69 515 388 586 &mittendum
427 525 552 585 ωε,
585 534 782 590 quum
823 512 970 573 ἐστὶν
991 518 1171 592 sapiat
1210 518 1482 593 glossema
1499 558 1517 589 ,
1545 537 1620 575 ne

77 606 228 671 uidam
245 646 259 671 ,
283 604 386 680 legi
409 622 592 659 versu
630 624 696 675 7.
725 605 1062 661 Sci-ibamus

179 726 290 826 ὅρα
313 733 460 825 γάρ·
495 738 532 799 ὁ
579 733 966 823 παράσιτος,
1020 728 1092 799 ἂν
1137 733 1318 826 ὀρθῶς
1345 742 1608 827 σκοπῇς,

173 840 440 917 κοινωνὸς
469 840 748 931 ἀμφοῖν,
779 849 895 915 τῆς
919 840 1111 932 τύχης
1136 838 1240 904 καὶ
1266 848 1376 905 τοῦ
1416 838 1578 924 βίου.

169 938 286 1011 Οὐδ
287 946 376 1023 εὶς
383 946 747 1039 παράσιτος
765 940 962 1037 εὔχετ’
973 946 1220 1037 ἀτυχεῖν
1238 946 1374 1023 τοὺς
1386 945 1611 1038 φίλους,
1627 1017 1632 1020 ,

160 1050 518 1117 τούναντίον
553 1043 636 1117 δὲ
659 1049 902 1127 πάντας
931 1053 1198 1144 εὐτυχεῖν
1221 1051 1339 1120 ἀεί.

97 1154 122 1225 5
157 1148 336 1223 ἐστιν
367 1162 754 1234 πολυτελὴς
781 1166 872 1241 τῷ
905 1154 1019 1240 βίῳ
1049 1180 1140 1233 τις
1160 1175 1179 1194 ·
1216 1160 1284 1222 οὐ
1307 1156 1512 1249 φθονεῖ
1523 1206 1542 1241 ,

146 1267 436 1356 μετέχειν
468 1258 549 1329 δὲ
579 1267 828 1329 τούτων
855 1264 1050 1354 εὔχετ’
1081 1266 1243 1348 αὐτῷ
1265 1262 1616 1356 συμπαρὼν,

135 1370 362 1436 κάστὶν
401 1368 602 1461 φῦος
631 1376 904 1463 γενναῖος
921 1419 941 1449 ,
991 1368 1263 1459 ἀσφαλής
1299 1369 1352 1436 θ’
1390 1368 1521 1459 ἅμα
1535 1419 1551 1450 ,

130 1482 196 1541 οὗ
237 1476 560 1569 μάχιμος
581 1528 602 1560 ,
641 1480 710 1543 οὐ
739 1468 1036 1567 πάροξυς,
1070 1476 1208 1569 οὐχὶ
1237 1474 1566 1561 βάσκανος,

127 1586 324 1674 ὀργὴν
351 1580 438 1649 ἂν
507 1586 788 1675 ἐνεγκεῖν
834 1579 1053 1675 ἀγανὸς
1071 1632 1091 1662 ,
1131 1576 1251 1673 (ἂν
1298 1584 1614 1674 σκώπτῃς,

1386 1684 1616 1781 Ὑελᾷν)

61 1816 99 1867 w
130 1798 462 1892 {gamo-3
484 1845 508 1884 ‚
551 1802 796 1891 γελοῖος
810 1846 830 1881 ,
864 1795 1062 1891 ἱλαρὸς
1086 1803 1176 1883 τῷ
1209 1792 1418 1888 τρόπῳ
1433 1845 1452 1880 ,

123 1909 258 1973 πέλ
267 1935 332 1973 ιν
373 1906 789 1999 στρατιώτης
818 1904 1036 1997 ἀγαθὸς
1080 1902 1161 1981 εἰς
1189 1896 1545 1993 ὕπερὸολῆν,

127 2019 196 2083 ξεν
227 2013 280 2087 ἦ
313 2014 409 2080 τὸ
437 2010 822 2105 σιτᾶρχημα
851 2001 1112 2078 δείπνων
1139 2010 1444 2102 εὐπρεπές.

66 2162 153 2219 lem
173 2182 200 2217 ι
230 2158 476 2217 addidi
487 2157 548 2214 ὁ.
576 2156 655 2215 V.
674 2155 711 2211 8
731 2154 1010 2233 βάσκανος,
1030 2174 1088 2211 v.
1104 2173 1236 2215 ann.
1253 2154 1324 2211 ad
1335 2152 1621 2230 Aristoph.

67 2248 140 2306 ht
154 2250 303 2319 567.
323 2250 406 2305 V.
449 2264 494 2321 9
524 2244 715 2319 vulgo
740 2238 902 2321 ὀργὴν
929 2244 1155 2321 ἐνεγκεῖν
1176 2240 1368 2319 ἀγαθὸς
1385 2286 1400 2310 ,
1437 2259 1624 2317 neque

67 2336 390 2393 finaeodd.
436 2330 636 2403 ABG,
673 2332 777 2389 sed
822 2333 966 2389 PvL
999 2332 1328 2407 ἀνενεγκεῖν,
1373 2332 1434 2391 h.
1473 2350 1526 2391 e.
1561 2327 1622 2389 ἂν

72 2430 196 2499 beyn,
221 2423 414 2499 quod
461 2422 817 2497 elegantius.
868 2422 1050 2477 Porro
1099 2420 1362 2477 dedimus
1407 2416 1622 2495 ἀγανὸς,

69 2512 160 2585 aod
177 2514 366 2568 etiam
392 2507 586 2566 Iliad.
636 2506 734 2578 13,
765 2506 884 2563 666
901 2548 918 2576 ,
956 2508 1092 2565 loco
1115 2509 1208 2565 τοῦ
1233 2504 1426 2583 ἀγαθὸς
1451 2526 1626 2582 repo-

67 2601 250 2678 ‚rminm
273 2618 408 2657 esse
433 2596 724 2673 suspicati
759 2614 970 2654 sumus.
999 2598 1085 2652 Ita
1122 2606 1180 2652 et
1203 2596 1300 2653 hic
1323 2638 1341 2671 ,
1369 2606 1438 2651 ut
1477 2597 1622 2665 illic,

69 2683 210 2742 itatm·
233 2687 538 2762 repetitio
572 2682 846 2756 adjectivi
877 2680 1092 2758 ἁγαθός.
1124 2708 1149 2735 ι
1178 2686 1244 2741 V.
1291 2701 1362 2740 10
1386 2678 1628 2762 ἐρωτικὸς

70 2774 230 2831 idetm
255 2794 392 2831 esse
423 2774 744 2843 amabilis,
769 2783 836 2828 ut
857 2772 1015 2848 apud
1035 2772 1280 2833 Theoer.
1317 2780 1386 2842 ι4
1408 2812 1426 2844 ,
1454 2771 1527 2829 δι
1567 2792 1582 2827 :

105 2883 408 2963 ἀγνύμων,
436 2882 782 2966 φιλόμουσος,
807 2881 1070 2964 ἐρωτικὸς,
1090 2884 1162 2952 εἰς
1197 2881 1358 2964 ἄκρον
1385 2882 1534 2956 ἡδύς.
1561 2909 1586 2939 1·

65 2979 192 3041 Ueia.
217 2985 292 3042 V.
327 3002 408 3040 ια
437 2983 588 3040 libri
607 2980 838 3039 δεῖπνον.

814 3095 868 3152 3.

101 3221 260 3278 Idem
295 3243 396 3296 10,
426 3243 494 3300 p.
524 3223 674 3300 423,
714 3224 759 3281 C
803 3239 820 3282 ε
861 3219 980 3284 ἀλλ’
1013 3220 1394 3302 ἀκρατέστερόν
1432 3243 1554 3300 μοι,
1577 3215 1622 3285 ὦ

63 3307 142 3378 ai,
174 3311 252 3388 τῷ
287 3309 488 3392 κυάθῳ
505 3311 734 3388 πληρῶν
763 3308 910 3389 ἔγχει
937 3310 1010 3377 εἰς
1030 3307 1128 3382 τὴν
1152 3307 1366 3386 κύλικα,
1391 3308 1465 3387 μὴ
1490 3309 1629 3371 κατὰ
1724 3344 1777 3406 Ἀ

62 3391 114 3450 ὲν
135 3397 534 3478 κυμῳδοποιὸν
559 3395 900 3478 Ἀντιφάνην,
931 3395 986 3464 ὃς
1012 3399 1066 3456 ἐν
1091 3396 1206 3457 Διδ.
1238 3395 1366 3476 φησὶ

119 3525 206 3590 Τὸ
233 3528 548 3621 ποτήριόν
580 3552 687 3620 μοι
712 3527 786 3594 τὸ
822 3528 982 3622 μέγα
1007 3528 1322 3623 προσφέρει
1348 3521 1581 3596 λαὸὠν.

123 3626 510 3726 {lay-edum
549 3629 845 3726 ἄκρατον,
875 3633 1015 3726 οὐχὶ
1055 3626 1339 3716 παιδίου,

123 3739 382 3818 πάθω-,ις
411 3732 492 3807 δὲ
519 3741 668 3807 θεῶν
697 3765 768 3807 τε
793 3740 898 3807 καὶ
929 3741 1174 3808 θεαινῶν
1207 3740 1444 3834 μυρίους
1462 3761 1481 3780 ·

127 3845 320 3910 ἔπειτ’
371 3847 486 3912 ἐπὶ
519 3847 756 3924 τούτοις
787 3851 942 3913 πᾶσι
977 3857 1088 3924 τῆς
1125 3837 1342 3938 σεμνῆς
1375 3845 1510 3923 θεᾶς

72 3939 92 4008 3
133 3949 234 4013 καὶ
263 3962 380 4018 τοῦν
415 3953 812 4046 γλυκυτάτου
851 3954 1146 4038 βασιλέως
1178 3947 1505 4047 διμοιρίαν.

71 4083 212 4142 Versu
239 4107 278 4144 a
309 4089 464 4145 libri
491 4088 725 4147 παιδίον.
761 4091 1023 4146 Correxit
1049 4091 1360 4165 Koppiers.
1391 4089 1632 4148 Observ-

3164 398 3277 453 365

1710 528 1951 575 annotat
1982 538 1995 573 z
2034 536 2066 573 α
2100 518 2395 573 Jacobsius
2422 515 2665 573 παιδίων.
2697 519 2975 577 Dobraeus
3013 520 3159 581 Adv.
3201 541 3235 577 a
3260 564 3278 597 ,

1709 624 1771 681 p.
1805 604 1955 676 326,
1983 601 2242 662 παιδικόν.
2271 604 2445 661 Aliud
2472 605 2633 663 latet.
2682 629 2707 655 »
2746 608 2815 665 V.
2850 614 2885 675 4
2922 604 3085 663 ἔπειτ’
3112 610 3280 684 Kop-

1710 694 1877 769 piers.
1908 711 2018 768 pro
2048 680 2185 751 εἶτα.
2220 689 2431 768 Σεμνὴν
2462 690 2585 749 θεὰν
2612 694 2927 751 Minervam
2966 695 3082 751 dici
3118 707 3285 772 putat

1710 781 1973 853 Casaub.,
2005 800 2185 855 quum
2201 792 2506 857 appareat,
2532 780 2652 853 jam
2674 800 2792 837 non
2820 800 3015 839 veram
3034 784 3281 857 aliquam

1714 869 1878 927 deam
1905 869 2333 945 intelligendam
2360 887 2509 939 esse,
2531 870 2632 926 sed
2660 872 2885 945 tropice
2908 872 3278 948 appellatam,

1709 958 1858 1032 regis
1878 977 2115 1014 uxorem
2131 998 2150 1027 ,
2171 958 2233 1012 ni
2260 957 2460 1028 fallor3
2486 956 2973 1031 quemadmodum
3000 960 3207 1015 Darius
3227 972 3287 1017 et

1711 1044 1935 1101 Xerxes
1970 1056 2249 1101 vocantur
2278 1042 2384 1102 θεοὶ
2418 1044 2576 1118 apud
2606 1045 2931 1119 AEschylum
2960 1047 3117 1105 Pers.
3146 1046 3281 1115 134.

1708 1131 1928 1203 Quodsi
1956 1132 2282 1192 Alexander
2316 1134 2556 1207 Magnus
2596 1131 2810 1188 dicitur
2842 1130 2999 1207 (quae
3028 1145 3112 1190 est
3140 1136 3283 1191 Mei-

1707 1221 1863 1277 nekii
1885 1223 2195 1297 sententia)
2218 1262 2235 1291 ,
2269 1221 2517 1297 proinde
2558 1221 2656 1277 ille
2702 1223 2802 1295 qui
2848 1222 2965 1277 haec
2998 1224 3281 1297 loquitur,

1712 1309 1985 1367 Barsinen
2010 1309 2099 1365 vel
2136 1310 2417 1365 Roxanen
2444 1308 2719 1364 libatione
2746 1327 2802 1365 se
2837 1309 3145 1367 honorasse
3180 1312 3279 1371 ait.

1708 1398 1775 1454 V.
1795 1396 2042 1455 Curtius.
2067 1421 2092 1446 ι
2113 1394 2449 1471 Perstringit
2466 1394 2681 1451 foedam
2698 1397 3063 1469 quorundam
3091 1397 3289 1454 adula-

1709 1486 1954 1557 tionem,
1977 1487 2107 1559 qui‚
2134 1486 2385 1560 singulos
2412 1485 2647 1559 cyathos
2674 1486 2909 1561 singulis
2955 1487 3062 1543 diis
3105 1488 3287 1544 liban-

1709 1584 1792 1631 tes
1819 1576 1880 1629 in
1907 1575 2215 1650 conviviis,
2258 1574 2315 1629 iu
2367 1574 2645 1630 honorem
2684 1576 2833 1651 regis
2865 1575 3011 1631 duos
3052 1576 3290 1648 cyathos

1709 1662 2101 1721 effundebant.
2128 1662 2214 1719 Ita
2233 1662 2389 1719 soliti
2408 1662 2776 1719 Athenienses
2798 1663 3027 1737 regibus
3049 1663 3289 1723 adulari.

1710 1749 1961 1829 Διμοιρία
1982 1762 2067 1808 oet
2098 1750 2274 1827 dupla
2308 1754 2505 1825 portio
2538 1750 2626 1827 (v.
2652 1752 2921 1827 Xenoph.
2960 1752 3159 1825 Anah„
3182 1753 3291 1810 La-

1712 1840 1839 1897 ced.
1873 1837 1965 1911 15,
1986 1846 2045 1915 4,
2074 1842 2241 1915 Aget.
2272 1836 2329 1909 5,
2354 1837 2443 1915 1).
2472 1862 2497 1891 ι
2526 1838 2768 1899 casaub.

2476 1958 2533 2019 4.

1794 2064 1956 2123 Idem
1983 2086 2045 2143 9,
2076 2085 2135 2142 p.
2174 2064 2323 2137 380,
2354 2064 2403 2125 F
2430 2086 2447 2121 ε
2479 2062 2618 2125 Ἀντ.
2646 2066 2690 2122 δ’
2724 2066 2777 2122 ἒν
2802 2065 2920 2127 Διδ.

1813 2210 1892 2225 -·
1922 2181 2341 2274 Οἰνογευστεῖν
2366 2189 2688 2277 περιπατεῖ

1813 2292 1871 2355 ἐν
1904 2296 2034 2365 τοῖς
2068 2287 2405 2382 στεφάνοις.

1718 2416 1880 2473 Libri
1930 2416 2275 2473 inconcinne
2310 2415 2681 2493 Οἶνογευστεῑ,
2714 2436 2776 2473 π.
2810 2415 2865 2472 ἐν
2903 2438 2954 2474 τ.
2992 2437 3073 2475 στ.
3109 2418 3293 2475 Immo

1718 2503 2079 2581 οἰνογευστεῖν,
2102 2511 2244 2561 vina
2279 2517 2583 2581 gustatum.
2615 2501 2875 2560 Primum
2898 2504 2997 2562 ille
3030 2524 3091 2561 se
3125 2524 3293 2563 coro-

1718 2612 1874 2650 nasse
1903 2592 2117 2649 dicitur
2138 2612 2207 2649 ex
2230 2611 2393 2650 more
2416 2592 2436 2667 (
2450 2612 2507 2651 v.
2546 2593 2745 2667 Eurip.
2774 2593 2981 2651 Alcest.
3014 2593 3128 2671 769
3148 2613 3292 2668 seq„

1719 2681 1864 2757 etc.)
1883 2702 1900 2751 ;
1923 2680 2129 2739 deinde
2151 2682 2411 2738 tabernas
2430 2682 2679 2737 vinarias
2694 2682 3099 2741 circumivisse.
3117 2685 3297 2740 Recte

1718 2770 1896 2845 igitur
1926 2768 2141 2825 dictum
2170 2768 2224 2825 ἐν
2251 2774 2359 2833 τοῖς
2392 2788 2570 2848 creo„
2604 2769 2662 2825 h.
2694 2787 2748 2827 e.
2790 2770 3051 2840 coronis,
3088 2771 3299 2844 quibus

1719 2874 1780 2913 se
1798 2867 1963 2913 antea
1980 2856 2377 2928 redimiverat3
2396 2875 2584 2932 neque
2598 2856 2893 2928 audiendi,
2920 2860 3020 2933 qui
3038 2854 3157 2925 τοὺς
3174 2880 3295 2915 στε·

1721 2943 1915 3024 φόνους
1954 2947 2405 3021 interpretantur
2439 2945 2627 3002 forum
2660 2949 3027 3004 coronarium
3048 2933 3129 3018 ,a
3176 2966 3295 3023 quo

1721 3032 1993 3090 abhorret
2020 3030 2081 3090 τὸ
2103 3031 2465 3107 οἶνογευστεῗν.
3250 3033 3255 3040 ’

2483 3146 2537 3205 5.

1801 3262 2038 3318 Antiatt.
2082 3277 2147 3334 p,
2181 3267 2329 3329 114,
2364 3265 2429 3330 4,
2464 3257 2893 3339 Συμπάσχειν
2948 3287 2962 3318 2
3015 3258 3075 3319 τὸ
3115 3260 3294 3320 ἐλεεῖν.

1781 3369 1862 3409 ντ.
1888 3348 1943 3405 ἐν
1977 3347 2093 3407 Διδ.
2123 3351 2191 3405 V.
2222 3349 2533 3423 Koppiers.
2566 3348 2806 3407 observ.
2829 3349 2976 3423 phil.
3008 3367 3072 3423 p.
3104 3367 3205 3408 aa.

2180 3490 2379 3551 xle.
2426 3491 2653 3550 ΔΙΠΛΑ
2666 3490 2840 3551 ΣῙΟΙ.

1804 3604 2025 3661 Titulus
2046 3621 2196 3680 aegre
2218 3603 2607 3680 explicandus.
2630 3605 2962 3680 scripserim
2982 3605 3176 3680 potius
3202 3606 3299 3663 Δι-

1725 3689 1963 3766 πλάσια,
1993 3693 2035 3750 i.
2070 3711 2121 3748 e.
2153 3689 2435 3770 Διμοιρία,
2475 3691 2549 3747 de
2589 3709 2702 3764 qua
2748 3691 3158 3768 disceptatum,
3206 3692 3299 3749 vel

1727 3779 1946 3854 aliquid
1966 3779 2337 3837 constitutum
2352 3819 2370 3849 ,
2393 3795 2510 3836 esse
2529 3775 2757 3836 videtur
2780 3780 2841 3834 in
2868 3780 2981 3837 hoc
3001 3779 3257 3838 dramate
3280 3798 3293 3835 :

1727 3887 1784 3927 v.
1811 3887 1944 3925 ann.
1978 3869 2053 3926 &d
2084 3866 2329 3942 Διδύμων
2366 3867 2421 3928 3.

2492 3999 2541 4038 ι.

1808 4090 2020 4149 Athen.
2052 4110 2143 4160 ιι,
2184 4109 2247 4164 p.
2282 4089 2428 4161 503,
2456 4092 2502 4146 E
2527 4109 2541 4149 :
2566 4087 2728 4153 οὕτως
2749 4088 2942 4170 (ᾠδὸς)
2975 4089 3213 4146 ἐκαλεῖτο
3240 4085 3301 4146 τὸ

75 4187 112 4240 ›-
141 4173 232 4244 37.
279 4177 472 4250 Quod
505 4195 690 4251 quum
733 4178 872 4232 olim
915 4179 1200 4234 ascivisset
1245 4176 1446 4246 Mein„
1478 4195 1636 4232 nunc
1731 4175 2003 4256 ποτήριον,
2035 4175 2163 4255 φησὶ
2207 4179 2257 4236 Τ
2267 4176 2441 4256 ρύερων
2465 4178 2517 4234 ἓν
2546 4177 2652 4244 τοῖς
2690 4174 3079 4254 Ὀνοματικοῖς,
3116 4175 3175 4234 τὸ
3215 4173 3303 4234 ἐπὶ

822 4348 872 4398 2.

155 4427 294 4485 Vide
325 4431 490 4486 enim
515 4450 530 4485 :
562 4429 839 4503 parasitus
857 4469 872 4496 ‚
897 4429 942 4485 si
959 4436 1106 4486 recte
1125 4437 1371 4502 reputas,

159 4519 433 4588 particeps
458 4523 544 4572 est
573 4531 729 4588 aeque
759 4515 1000 4572 fortunae
1027 4523 1086 4572 et
1110 4515 1258 4572 vitae.

161 4603 360 4660 Nullus
389 4605 668 4677 parasitus
689 4602 1054 4660 infortunium
1076 4611 1228 4676 optat
1249 4603 1549 4660 amicorum
1569 4643 1583 4667 .

169 4687 256 4742 sed
279 4699 480 4748 contra
504 4693 644 4746 bene
669 4705 832 4762 agere
849 4704 1042 4746 omnes
1065 4705 1298 4762 semper.

123 4775 150 4822 ὃ
179 4773 223 4828 si
247 4777 368 4847 quis
385 4783 714 4849 sumptuose
746 4775 880 4831 vivit
899 4817 916 4842 ‚
941 4789 1054 4831 non
1079 4773 1318 4842 invidet,

169 4861 254 4921 sed
271 4865 612 4938 participare
637 4863 782 4920 bona
805 4863 970 4934 eupit·
990 4862 1172 4920 socius
1187 4905 1202 4930 ‚

153 4965 356 5026 estque
384 4951 600 5008 amicus
625 4951 835 5024 probus
852 4991 868 5019 ‚
901 4957 1162 5024 tutusque
1183 4950 1388 5016 simul,

149 5057 270 5098 non
297 5053 550 5112 pugnax,
579 5055 694 5095 non
725 5038 1062 5104 iracundus,
1087 5054 1196 5094 non
1225 5038 1607 5106 calumniator,

155 5145 256 5187 11·ae
285 5125 531 5184 ferendae
558 5128 736 5194 ιηίῑίε,
771 5127 849 5194 (si
883 5125 1184 5193 cavillariS.
1221 5126 1432 5196 ridet.)

52 5215 116 5276 ί(ι
155 5217 444 5284 amabilis,
471 5215 738 5274 ridiculus
759 5258 776 5284 ‚
803 5213 970 5274 hilari
1001 5215 1220 5282 animo,

1837 4359 2027 4401 rursus
2053 4342 2206 4399 miles
2230 4344 2391 4416 longe
2411 4345 2682 4416 optimuS,

1836 4433 1882 4488 si
1914 4431 2077 4488 modo
2101 4431 2384 4502 epularum
2406 4431 2731 4504 praefectura
2758 4431 2829 4488 sit
2848 4431 3155 4488 commoda.

2494 4525 2547 4576 3.

1803 4608 2071 4664 Poculum
2102 4621 2363 4678 magnum
2388 4606 2523 4662 mihi
2546 4606 2877 4680 prehensum
2908 4606 3156 4680 porrigit.

1803 4691 1987 4749 infudi
2014 4707 2222 4748 merum
2242 4733 2257 4756 ,
2280 4707 2392 4748 non
2423 4693 2604 4764 pueri,

1803 4777 1898 4834 sed
1921 4777 2072 4833 mille
2095 4775 2318 4850 cyathos
2339 4779 2397 4834 in
2422 4778 2686 4836 honorem
2710 4777 2936 4835 deorum
2965 4793 3029 4835 ac
3052 4776 3303 4846 dearum,

1805 4874 2033 4938 postque
2062 4864 2165 4920 hos
2190 4879 2381 4922 omnes
2406 4865 2699 4923 venerabili
2727 4865 2845 4924 deae

1736 4961 1769 5010 5
1805 4961 1860 5010 et
1882 4953 2199 5010 dulcissimo
2220 4955 2333 5026 regi
2358 4953 2603 5028 duplam.

2492 5051 2547 5098 4.

1735 5159 1808 5172 -
1833 5131 1971 5187 Vina
1990 5139 2267 5202 gustatum
2298 5131 2550 5188 circumit

1739 5227 2047 5274 coronatus.
