3809 5850
523 437 640 492 52⁴

717 583 816 606 ...⁴-
845 559 1052 632 Οὕτως
1081 548 1139 620 δ’
1175 553 1481 642 ὀψοποιεῖν
1511 556 1732 642 εὐφυῶς

619 661 752 756 περὶ
778 665 890 736 τὴν
921 661 1205 728 Σικελίαν
1236 659 1416 734 αὐτὸς
1446 658 1693 748 ἔμαθον,
1727 661 1884 724 ὥστε
1914 658 2050 734 τοὺς

621 759 1006 842 δειπνοῦντας
1037 764 1120 840 εἰς
1145 762 1226 830 τὰ
1253 759 1496 830 πατάνι’
1532 757 1824 855 ἐμὸαλεῒν
1863 773 2021 830 ποιῶ

623 871 805 938 ἐνίοτε
831 872 962 948 τοὺς
992 861 1243 946 ὀδόντας
1273 868 1392 934 ὑπὸ
1420 878 1528 945 τῆς
1553 861 1798 944 ἡδονῆς.

524 1001 698 1074 Apud
751 1000 1082 1056 Athenaeum
1129 995 1363 1074 quidem
1405 997 1616 1070 reliqui
1676 993 1951 1073 βατάνιον,
1999 993 2101 1052 sed

525 1087 699 1162 ipsius
709 1096 892 1161 poetae
909 1103 1073 1142 versu
1087 1083 1118 1139 3
1137 1095 1454 1158 temperare
1471 1085 1612 1140 mihi
1626 1084 1943 1159 nonpotui,
1960 1083 2099 1156 quin

526 1193 560 1230 e
589 1174 820 1230 Polluce
855 1191 947 1241 10,
982 1181 1126 1242 107,
1155 1173 1327 1228 unice
1353 1189 1554 1227 verum
1582 1169 1812 1229 πατάνια
1847 1187 2100 1227 arcesse-

527 1279 687 1320 rem:
717 1280 854 1318 nam
888 1262 1142 1317 Athenaei
1181 1259 1354 1317 codd.
1387 1261 1560 1316 etiam
1587 1262 1648 1318 h.
1677 1263 1718 1318 l.
1748 1260 1867 1316 fere
1885 1260 2103 1318 habent

531 1343 812 1425 βατάνεια,
839 1361 896 1405 et
923 1349 1058 1404 edd.
1085 1344 1314 1425 βατάνι’.
1347 1351 1524 1405 Versu
1545 1368 1579 1404 α
1603 1346 1861 1422 librarii,
1883 1351 2103 1426 pariter

530 1439 674 1513 lapsi
713 1450 886 1512 atque
913 1434 1124 1512 Ἀπεγλ.
1161 1437 1232 1493 fr.
1259 1455 1320 1506 α,
1365 1442 1398 1502 4
1441 1479 1456 1492 .
1485 1440 1675 1497 scribe
1702 1436 1821 1516 περὶ
1851 1437 2103 1498 Σικελίαν

531 1523 654 1602 (ἂν)
686 1523 836 1591 αὐτὸς
871 1537 980 1582 etc.
1017 1527 1086 1582 V.
1125 1525 1158 1580 3
1182 1525 1264 1580 sic
1301 1527 1711 1602 Jungermann.
1743 1528 1910 1584 Libri
1941 1524 2102 1584 ἔκὸα-

529 1613 639 1671 λεῗν
656 1659 674 1690 ,
697 1637 732 1670 κ
754 1626 814 1671 et
836 1635 877 1689 μ
904 1614 1182 1688 confusis,
1214 1624 1281 1672 ut
1315 1615 1474 1691 apud
1509 1617 1801 1672 Cratinum
1835 1613 2101 1672 Cleobul.

531 1703 791 1770 [2.Verba
809 1701 945 1761 inde
979 1705 1052 1762 ab
1076 1700 1211 1761 ὥστε
1243 1724 1302 1759 ν.
1333 1722 1370 1759 2
1403 1704 1493 1760 Al.
1515 1705 1715 1778 paucis
1733 1705 1965 1760 mutatis
1991 1703 2103 1758 ite-

529 1811 659 1850 rum
683 1794 877 1868 posuit
896 1793 958 1847 in
985 1793 1262 1862 Crateua2
1292 1789 1458 1863 cujus
1481 1811 1539 1846 v.
1568 1790 1641 1850 fr.
1679 1810 1732 1864 1,
1759 1810 1816 1848 v.
1855 1789 2059 1846 21-23.

827 1938 989 2000 XVI.
1035 1937 1804 1998 ΑΣΩΤΟΔΙΔΑΣΚΛΛΟΣ.

610 2088 816 2146 Athen.
841 2085 896 2158 8,
916 2106 978 2161 p.
1008 2084 1144 2155 336,
1167 2087 1220 2141 D
1249 2104 1262 2140 τ
1285 2080 1406 2142 Ἄλ.
1431 2081 1477 2139 δ’
1499 2083 1552 2139 ἐν
1577 2079 2103 2158 Ἀσωτοδιδασκάλῳ,

532 2171 661 2251 φησὶ
689 2171 904 2231 Σωτίων
923 2175 952 2229 ὁ
973 2167 1364 2248 Ἀλεξανδρεὺς,
1389 2169 1444 2226 ἓν
1465 2176 1572 2232 τοῖς
1591 2167 1712 2247 περὶ
1733 2169 1837 2226 τῶν
1865 2168 1916 2226 T
1919 2165 2107 2242 ίμωνος

535 2261 763 2331 Σίλλων,
785 2257 890 2338 ἐγὼ
917 2256 1018 2337 γὰρ
1049 2259 1141 2317 οὐκ
1167 2255 1449 2328 ἀπήντησα
1473 2260 1548 2336 τῷ
1566 2255 1796 2336 δράματι
1825 2255 2104 2330 (pruden-

535 2361 620 2406 ter
647 2349 782 2406 fecit
819 2349 1031 2406 Athen.
1084 2357 1396 2422 propterea
1441 2340 1614 2402 iidem
1655 2363 1780 2400 non
1827 2345 2107 2418 abrogans

531 2437 774 2508 Sotioni,
798 2453 976 2509 quum
999 2434 1164 2490 facile
1185 2434 1472 2509 potuerit,
1493 2443 1558 2488 ut
1587 2433 1767 2490 Graeci
1788 2443 1973 2506 poetae
1994 2431 2106 2488 fer·

531 2525 770 2580 tilissimi
803 2541 949 2598 opus
977 2521 1268 2596 quoddam
1295 2522 1358 2576 in
1387 2521 1702 2595 AEgypturn
1730 2519 2104 2589 venderetur,

532 2612 732 2667 relicto
775 2607 940 2666 nullo
979 2610 1059 2665 cis
1086 2626 1244 2664 mare
1283 2607 1656 2684 apographo)
1675 2625 1688 2639 ·
1733 2608 1760 2662 ὁ
1797 2604 1852 2662 δὲ
1889 2604 2105 2664 Σωτίων

533 2696 711 2776 φησὶν,
751 2697 805 2754 ἐν
831 2698 907 2775 τῷ
944 2693 1176 2773 δράματι
1206 2693 1442 2767 Ξανθίαν
1479 2691 1595 2751 τινὰ
1636 2692 1838 2763 οἰκέτην
1875 2697 2107 2764 πεποιῆ-

533 2789 655 2842 σθαι
681 2780 1098 2864 προτρεπόμενον
1125 2779 1210 2842 ἔπὶ
1236 2780 1560 2854 ἡδυπάθειαν
1581 2779 1896 2859 ὁμοδούλους
1919 2783 2105 2842 ἑαυτοῦ

532 2871 622 2932 καὶ
649 2869 868 2951 λέγοντα

677 2990 756 3058 Τί
781 3001 978 3058 ταῦτα
1012 2996 1211 3083 ληρεῖς
1233 3040 1252 3075 ,
1285 2994 1611 3082 φληναφῶν
1647 2984 1772 3055 ἅνω
1804 2988 1979 3055 κάτω

679 3098 951 3181 Λύκειον,
988 3088 1410 3187 Ᾱκαδῆμειαν,
1445 3088 1709 3181 ᾐιδεῖον,
1736 3098 1935 3173 Πύλας
1959 3146 1975 3177 ,

676 3205 888 3293 λήρους
917 3212 1252 3293 σοφιστῶν,
1285 3192 1426 3267 οὐδὲ
1463 3196 1523 3265 ἓν
1553 3201 1778 3267 τούτων
1808 3201 2023 3269 καλόν.

677 3306 988 3399 Πίνωμεν,
1015 3306 1357 3399 ἐμπίνωμεν
1377 3300 1621 3399 (ἡμένω
1639 3301 1697 3397 ),
1729 3305 1960 3392 Σίκων,

677 3412 1011 3505 χαίρωμεν,
1045 3414 1152 3489 ἕως
1173 3413 1362 3479 ἔνεστι
1391 3415 1504 3486 τὴν
1534 3407 1728 3503 ψυχὴν
1751 3413 1986 3503 τρέφειν
2006 3406 2029 3477 !'

677 3512 966 3609 τύρὲαζε,
1009 3510 1224 3592 Μανῆῑ.
1251 3516 1512 3609 γαστρὸς
1543 3508 1714 3583 οὐδὲν
1731 3510 1928 3589 ἥδιον·

681 3627 832 3697 αὕτη
856 3628 1055 3714 πατήρ
1077 3649 1173 3689 σοι
1202 3622 1308 3688 καὶ
1338 3628 1527 3689 πάλιν
1561 3625 1760 3715 μήτηρ
1807 3620 1954 3713 μόνη
1983 3643 1997 3658 ·

557 3806 566 3815 .
681 3729 889 3821 αἱρεταὶ
913 3721 984 3795 δὲ
1007 3780 1024 3815 ,
1070 3724 1376 3821 πρεσῧεῒαί
1407 3754 1478 3794 τε
1497 3778 1516 3810 ,
1548 3730 1658 3795 καὶ
1697 3724 2059 3821 στρατηγίαι
2083 3776 2101 3813 ,

681 3834 1086 3925 κόμποι·κενοὶ
1115 3833 1397 3924 ψοφοῦσιν
1427 3829 1564 3898 ἀντ’
1599 3832 1941 3925 ὀνειράτων·

553 3962 632 4006 ιο
681 3936 842 4027 ψύξει
872 3935 928 4005 σ’
963 3944 994 4004 ὁ
1026 3931 1260 4029 δαίμων
1288 3947 1375 4024 τῷ
1403 3939 1781 4029 πεπρωμένῳ
1816 3938 2012 4029 χρόνῳ
2034 3987 2053 4022 ,

681 4038 834 4120 ἔξεις
861 4037 914 4107 θ’
948 4045 1038 4108 ὅσ’
1069 4037 1141 4109 ἂν
1174 4040 1368 4135 φάγῃς
1399 4067 1467 4108 τε
1499 4040 1608 4111 καὶ
1637 4042 1779 4133 πίῃς
1802 4042 1993 4133 μόνα·

681 4140 906 4225 σποδὸς
925 4140 992 4215 δὲ
1022 4144 1228 4214 τᾶλλα
1245 4196 1266 4233 ,
1291 4146 1626 4240 Περικλέης
1643 4200 1660 4233 ,
1680 4143 1923 4241 Κόδρος
1945 4198 1963 4231 ,
1985 4146 2106 4213 Ki-

538 3406 578 3478 vt

1959 4282 2084 4346 μων
2092 4307 2105 4321 .

1563 419 1847 481 MEmAE·
1877 419 2291 480 coMOEmAE
2334 419 2749 494 RELlQUlAE.

2184 549 2475 607 Sotionem
2494 553 2802 622 invenisse,
2826 547 3111 624 ejusmodi
3136 560 3239 621 est,
3264 561 3327 606 ut
3348 552 3675 609 dubitationem

2189 637 2263 694 de
2288 635 2595 714 γνησιότητι
2633 637 2751 711 ejus
2788 655 3025 694 movere
3064 647 3284 712 posset,
3322 639 3422 693 nisi
3456 639 3677 714 fragmenti

2188 743 2257 781 ea
2279 737 2425 782 esset
2444 725 2697 798 indoles,
2722 737 2789 781 ut
2818 725 3060 782 Alexide
3080 743 3430 800 nequaquam
3450 729 3690 802 indignum?

2179 814 2470 888 videatur,
2504 815 2761 887 quamvis
2805 813 3135 870 Atticorum
3178 832 3337 869 usum
3370 813 3609 870 desideres
3636 819 3690 872 ia

2188 901 2375 957 verbis
2400 898 2675 978 τυρὸάζειν
2714 913 2773 956 et
2812 898 3025 978 ψύχειν,
3072 910 3131 956 et
3172 902 3231 957 in
3256 913 3502 976 correpta
3538 904 3690 958 media?

2186 988 2347 1042 vocis
2388 985 2533 1056 ἥδιον
2582 987 2695 1058 (de
2722 1006 2841 1061 quo
2882 987 2955 1044 cf.
2994 987 3292 1062 Aristoph.
3325 988 3542 1044 Achai-n.
3566 983 3690 1060 254,j

2188 1075 2294 1131 Av.
2326 1074 2463 1146 738,
2485 1075 2643 1149 ete).
2664 1077 2765 1131 His
2786 1077 3137 1151 argumentis
3150 1074 3417 1145 adducor,
3432 1071 3690 1148 utfabulamf

2187 1179 2375 1234 neque
2410 1161 2745 1232 Alexidem‚
2780 1181 2971 1236 neque
3002 1163 3183 1216 alium
3218 1163 3457 1218 Atticum
3483 1175 3690 1238 poetam„

2188 1259 2479 1309 auctorem
2498 1249 2757 1309 habuisse
2768 1261 3040 1310 statuam.
3058 1251 3407 1326 Quanquam,
3424 1250 3557 1324 quod
3574 1239 3690 1322 cais}

2186 1339 2338 1399 ford.
2376 1340 2448 1396 ad
2470 1339 2793 1396 Marklandi
2818 1340 3122 1416 Supplices
3158 1359 3179 1396 1
3196 1359 3297 1396 101
3318 1339 3513 1408 scribit,
3527 1337 3690 1414 fragm

2187 1427 2331 1484 illud
2370 1446 2403 1484 e
2442 1427 2905 1484 doctissimorum
2936 1429 3201 1484 vir-onim
3245 1429 3493 1484 sententia
3516 1423 3690 1506 Sotion}

2188 1517 2379 1590 potius
2424 1515 2794 1573 tribuendum
2840 1533 2990 1587 esse,
3044 1535 3317 1591 quorsum
3352 1527 3564 1593 spectet,
3594 1509 3690 1580 noa}

2188 1603 2417 1677 reperio
2452 1623 2466 1658 ε
2494 1621 2627 1659 nam
2649 1601 3025 1660 Marklandus
3047 1603 3315 1678 quidem,
3344 1621 3495 1677 quem
3512 1589 3690 1680 laudan}

2189 1691 2265 1747 ad
2292 1691 2583 1768 Euripidis
2618 1692 2819 1767 Suppl.
2855 1711 2963 1764 1²7
2988 1733 3007 1762 ,
3055 1693 3297 1748 insciens
3330 1691 3481 1766 plane
3512 1689 3690 1746 Sotioni'

2188 1779 2311 1834 haec
2333 1780 2562 1851 tribuit,
2597 1781 2851 1836 Athenaei
2878 1780 3073 1836 verbis
3102 1779 3399 1856 deceptus,
3426 1798 3531 1851 quae
3550 1779 3690 1854 paulo

2190 1865 2572 1944 negligentius
2590 1870 2931 1942 inspexerat.
2962 1892 2989 1917 ιι
3018 1869 3156 1924 Haec
3184 1869 3346 1924 Mein.
3362 1867 3417 1922 in
3444 1868 3558 1922 nist.
3584 1867 3670 1921 crit.

2190 1971 2253 2028 p.
2279 1953 2389 2027 397
2413 1973 2564 2028 seq.,
2585 1966 2643 2010 et
2666 1953 3047 2010 confidentius
3072 1957 3244 2010 etiam
3273 1955 3331 2009 in
3353 1963 3519 2008 annot.
3538 1952 3625 2008 vol.
3649 1951 3690 2032 3Ξ

2189 2059 2252 2114 p.
2284 2039 2395 2115 395
2422 2059 2437 2096 ε
2472 2044 2643 2098 «Non
2669 2042 2923 2098 Alexidis
2950 2043 3076 2098 baec
3102 2059 3247 2112 esse,
3272 2041 3583 2097 certissimum
3598 2041 3690 2104 est}

2190 2131 2307 2206 Ipsi
2334 2130 2555 2187 Sotioni
2575 2141 2780 2206 praetcr
2792 2129 3198 2187 Marklandum
3218 2130 3452 2185 tribuunt
3466 2127 3690 2210 1)οΙ>ι·ειει15ῑ

2191 2218 2431 2277 Advers.
2478 2238 2534 2290 α,
2580 2238 2644 2292 p.
2688 2218 2826 2290 317,
2878 2230 2937 2275 et
2980 2221 3268 2276 Porsonus
3309 2217 3445 2293 apud
3482 2215 3665 2288 Walpol.

2192 2308 2354 2366 Com.
2376 2309 2472 2365 Gr.
2484 2327 2543 2382 p.
2562 2307 2659 2379 88,
2680 2306 2770 2381 cuj
2780 2327 2843 2364 us
2868 2308 3219 2382 conjecturae
3232 2308 3287 2364 in
3310 2306 3519 2364 Athenaei
3535 2303 3690 2358 verbis

2191 2397 2332 2451 nihil
2377 2396 2645 2471 prasidii.
2702 2397 2957 2452 Similem
2996 2415 3229 2454 scenam
3266 2395 3690 2478 repraesentaverat}

2190 2483 2393 2540 mediae
2420 2485 2511 2540 vel
2536 2502 2701 2540 novae
2729 2484 3031 2539 comoediae
3056 2494 3230 2558 poeta
3246 2525 3261 2554 ,
3282 2502 3388 2557 quo
3408 2484 3553 2538 utitur
3574 2480 3665 2532 Plu·
3689 2525 3690 2528 ,

2193 2573 2423 2628 tarchus
2453 2573 2587 2628 Non
2612 2590 2771 2630 suav.
2804 2573 2926 2628 vivi
2951 2571 3271 2630 secundum
3292 2573 3435 2648 Epic.
3456 2589 3505 2644 p·
3532 2565 3662 2640 1⁰98,
3689 2593 3690 2650 ᾗ

2192 2661 2235 2716 Β
2268 2680 2283 2716 :
2328 2658 2420 2716 καὶ
2459 2656 2560 2737 γὰρ
2588 2660 2636 2717 οἱ
2675 2657 2991 2738 θεράποντες
3034 2657 3159 2717 ὅταν
3198 2657 3378 2734 Κρόνια
3410 2657 3621 2715 δειπνῶσιν
3642 2650 3690 2718 in}

2192 2743 2439 2807 Διονύσια
2466 2748 2591 2804 κατ’
2615 2745 2772 2824 ἀγρὸν
2803 2744 3003 2824 ἄγωσι,
3028 2744 3333 2824 περιιόντες,
3354 2745 3434 2802 οὐκ
3460 2740 3511 2800 ἂν
3540 2740 3663 2796 αὐτῶν
3688 2735 3690 2806 ᾗ

2193 2832 2281 2891 τὸν
2317 2831 2605 2912 ὀλολυγμὸν
2636 2831 2938 2909 ὑπομείναις
2967 2831 3068 2891 καὶ
3102 2831 3189 2892 τὸν
3224 2829 3434 2910 θόρυὸον,
3464 2827 3543 2886 ὑπὸ
3564 2847 3663 2904 ysp-
3689 2867 3690 2872 ,

2196 2925 2356 2999 μονῆς
2383 2920 2473 2981 καὶ
2502 2919 2877 3001 ἀπειροκαλίας
2898 2925 3129 2981 τοιαῦτα
3156 2919 3433 2991 ποιούντων,
3460 2916 3531 2975 καὶ
3548 2919 3661 2995 φθεγ-
3689 2936 3690 2943 ’

2193 3010 2427 3089 γομένων

2274 3123 2348 3183 Τί
2375 3121 2467 3179 καὶ
2494 3120 2662 3195 κάθῃ
2692 3120 2920 3199 πίωμεν.
2950 3122 3043 3183 Οὗ
3068 3120 3158 3182 καὶ
3180 3120 3313 3181 σίτια

2274 3208 2561 3290 πάρεστιν;
2595 3186 2641 3269 ‹⁴2¹›
2665 3208 2912 3283 δύστηνε,
2940 3210 3023 3288 μὴ
3049 3213 3226 3291 σαυτῷ
3248 3204 3434 3291 φθόνει,
3454 3214 3576 3263 etc.-

2080 3339 2089 3347 '
2194 3328 2321 3382 Jam
2372 3326 2730 3383 absolvamus
2774 3325 3111 3382 annotanda
3152 3323 3225 3381 ad
3266 3320 3480 3396 singulos
3503 3328 3657 3370 versus.
3689 3354 3690 3357 η

2196 3417 2261 3473 V.
2298 3433 2331 3470 α
2362 3413 2630 3473 Dindorf.
2654 3410 3017 3488 Ἀκαδήμειαν
3043 3432 3157 3488 pro
3180 3406 3484 3483 Ἀκαδημίαν.
3498 3400 3659 3459 Ibidem
3689 3402 3690 3441 ἒ

2196 3502 2369 3559 codd.
2400 3504 2541 3559 PVL
2566 3499 2747 3557 ὧδεῖον
2774 3497 2975 3573 πύλας,
3000 3520 3115 3558 nec
3138 3511 3287 3556 recte
3310 3496 3432 3556 ABG
3452 3491 3661 3547 etCasau-

2196 3592 2339 3647 boni
2366 3592 2497 3649 Mss.
2526 3587 2734 3647 ὠιδείου
2772 3586 2968 3655 πύλας.
3000 3589 3183 3649 Πύλαι
3214 3598 3339 3645 sunt
3368 3576 3659 3659 Oeppozfilau

2196 3680 2324 3746 ubi,
2363 3680 2511 3734 sicut
2546 3688 2745 3752 postea
2781 3678 3025 3753 Delphis
3044 3718 3063 3749 ,
3112 3677 3533 3751 Amphictyonum
3558 3682 3659 3718 con-

2194 3779 2395 3824 ventus
2415 3767 2734 3823 habebatur
2767 3786 2780 3821 ι
2814 3784 2868 3821 v.
2898 3768 3085 3826 Baehr.
3127 3767 3201 3823 ad
3224 3762 3467 3821 Herodot.
3492 3776 3536 3827 7,
3560 3750 3655 3849 233.

2195 3856 2545 3913 Dehortatur
2579 3857 2753 3931 igitur
2777 3873 2973 3911 servus
3002 3856 3068 3914 h.
3113 3857 3153 3915 l.
3188 3866 3245 3911 ct
3279 3851 3442 3909 verbis
3470 3846 3656 3921 αἴρεται...

2194 3941 2471 4021 ὀνειράτων
2498 3962 2529 4000 a
2556 3944 2818 3999 curandis
2840 3946 3057 4019 ingenii
3080 3942 3335 4019 operibus
3358 3930 3578 4013 (ἅρεταῖςῑ
3602 3925 3652 4026 ff·

2200 4034 2491 4106 Aristoph.
2529 4033 2762 4106 Lysistr.
2802 4029 2941 4107 510,
2982 4030 3125 4108 512)
3168 4049 3291 4087 cum
3325 4016 3645 4101 philosophicis

2200 4130 2317 4175 tum
2354 4120 2625 4194 politicis,
2662 4120 2849 4175 ventri
2876 4119 3108 4176 studens
3154 4130 3213 4175 et
3250 4134 3356 4192 pra
3388 4114 3497 4167 vino
3524 4114 3653 4160 cetera
3689 4148 3690 4151 ,

2200 4220 2581 4263 contemnens.
2618 4231 2643 4256 «ι
2668 4210 2753 4263 De
2779 4207 2943 4263 Odeo
2968 4226 2999 4263 a
3022 4206 3363 4283 philosophis
3384 4199 3651 4271 frequen1³¹⁰

2197 4294 2313 4351 vid.
2338 4293 2629 4351 Plutarch.
2662 4296 2747 4351 De
2779 4296 2977 4368 exsilio
3008 4314 3057 4351 c.
3103 4300 3195 4363 14,
3224 4303 3279 4347 et
3298 4290 3440 4361 Diog.
3460 4286 3587 4339 Laen
3630 4290 3649 4339 '.'

539 4406 562 4429 α
593 4380 764 4453 Quod
792 4380 933 4437 dicit
959 4380 1184 4451 Athen„
1213 4400 1271 4438 se
1297 4382 1409 4437 hoc
1454 4382 1649 4438 drama
1689 4384 1919 4437 nonnisi
1948 4384 2106 4458 apud
2207 4382 2336 4447 184.
2368 4408 2391 4432 a
2425 4384 2605 4438 Mein.
2635 4384 2707 4441 V.
2741 4388 2773 4447 Ι.
2804 4383 2938 4437 libri
2960 4385 3116 4439 varie
3136 4378 3373 4452 corrupti
3398 4362 3651 4428 ἑνπινοιιὲνω,

1034 4536 1612 4607 ΑεοιιῖΡιοοιιῡΑ.

612 4668 674 4677 -
705 4640 843 4693 Tam
867 4644 992 4709 apte
1012 4644 1198 4694 autem
1219 4652 1485 4711 opsonare

539 4722 686 4779 cirea
711 4722 951 4780 Siciliam
970 4722 1086 4796 ipse
1101 4722 1298 4793 didici,
1327 4732 1392 4782 ut

543 4810 887 4867 convivantes
907 4809 1180 4868 interdum
1203 4810 1414 4884 patellis
1432 4809 1624 4869 dentes

543 4896 762 4969 injicere
783 4896 979 4954 faciam
1009 4912 1120 4969 prae
1138 4897 1431 4969 voluptate.

929 4986 1306 5056 NEQUITlAE
1339 4985 1730 5042 MAGISTER.

646 5068 793 5141 Quid
821 5070 950 5127 talia
975 5072 1229 5143 nugaris,
1259 5071 1501 5144 garriens
1519 5072 1588 5127 ab
1609 5072 1721 5128 imo
1739 5070 1810 5128 ad
1827 5087 2107 5130 summum
2204 5078 2267 5129 to
2302 5074 2571 5130 recreabit
2599 5082 2655 5131 te
2682 5074 2820 5132 deus
2836 5074 2985 5131 fatali
3010 5082 3271 5144 tempore,

646 5160 922 5228 Lyceum,
951 5157 1296 5215 Academiam
1321 5201 1336 5228 ‚
1358 5159 1571 5215 Odeum
1593 5200 1608 5227 ,
1633 5159 1788 5231 Pylas
1805 5202 1824 5227 ‚

649 5242 1011 5315 sophistarum
1041 5246 1246 5318 nugas?
1269 5242 1406 5303 nihil
1435 5244 1628 5302 horum
1653 5255 1959 5304 venustum.

3466 4474 3647 4497 ....-—-

2302 4550 2559 4608 Bibamus
2577 4593 2593 4619 ‚
2634 4559 2855 4608 strenue
2883 4550 3134 4608 bibamus
3162 4544 3463 4617 (sedentes),
3486 4535 3627 4593 Siwni

2196 4644 2229 4694 5
2301 4636 2664 4711 gaudeamus,
2693 4635 2828 4694 dum
2848 4637 2979 4695 licet
2996 4638 3230 4695 animam
3251 4628 3460 4687 nutrire!

2304 4724 2484 4793 turba,
2514 4728 2731 4781 Manes!
2756 4732 2945 4781 ventre
2964 4722 3099 4780 nibil
3116 4721 3353 4779 suavius

2304 4812 2395 4868 hic
2416 4820 2569 4885 pater
2591 4812 2725 4880 tibi,
2751 4826 3051 4885 rursusque
3074 4818 3239 4867 mater
3256 4804 3382 4869 solu
3524 4881 3533 4891 ι

2241 4898 2247 4905 ’
2304 4916 2471 4973 opera
2498 4915 2623 4957 vero
2645 4900 2875 4973 ingenii,
2906 4908 2961 4957 et
2982 4898 3289 4972 legationes,
3310 4900 3362 4949 et
3382 4889 3579 4983 impeffl·

2304 5002 2457 5045 vanae
2472 4988 2817 5060 jactationes,
2842 4986 3123 5059 strepitant
3136 4983 3301 5040 instar
3312 4976 3609 5034 somniorum:

2304 5168 2357 5217 et
2380 5160 2607 5219 habebis
2624 5206 2638 5231 ‚
2664 5178 2791 5234 quae
2818 5161 3113 5219 comederis
3134 5156 3435 5225 bibensque,
3458 5142 3567 5199 sola.

2304 5247 2479 5320 pulvis
2498 5258 2679 5309 autem
2700 5258 2880 5309 cetera
2896 5293 2911 5321 ‚
2938 5246 3191 5319 Pericles,
3212 5241 3427 5305 codun,
3444 5230 3600 5291 umen.
3689 5238 3690 5277 2
