3809 5850
457 411 569 495 2'04

1438 429 1842 489 COMOEDlAE
1884 428 2213 489 VETERlS
2256 426 2671 501 RELIQIHAE.

435 566 714 641 siquidem
742 565 966 639 egregie
1008 563 1274 618 convenit
1306 560 1490 617 Calliae
1523 562 1689 617 bonis
1719 560 2002 617 fortunis-
2097 562 2167 618 de
2190 582 2333 619 voce
2354 563 2504 641 ῥακ.,
2523 581 2649 636 quae
2668 569 2799 636 apte
2820 562 3093 635 inciperet
3114 562 3394 634 scholion,
3412 574 3477 619 ut
3500 567 3667 621 etiam

435 676 548 730 que
574 651 837 710 omnibus
858 652 1116 726 spoliato,
1142 676 1166 701 ι»
1193 652 1241 704 Ε
1265 652 1350 705 Μ.

1168 761 1265 830 51..

512 878 705 935 Schol.
731 876 1019 933 Theocriti
1046 893 1098 946 1,
1116 892 1219 950 97,
1238 874 1418 931 verbo
1436 869 1656 948 λυγίζειν
1678 872 1998 947 explicato:

437 964 528 1035 E„
557 954 664 1022 οἷον

529 1069 846 1169 Λυγίζεται
881 1074 982 1141 καὶ
1019 1076 1328 1166 συστρέφει
1358 1074 1466 1141 τὸν
1499 1073 1744 1163 αὐχένα.

431 1205 699 1263 Similiter
715 1202 1000 1279 Aristoph.
1029 1200 1322 1274 Ran.1728
1351 1220 1365 1257 :

510 1319 614 1374 τῶν
640 1315 966 1391 ἀντιλογιῶν,
994 1312 1084 1371 καὶ
1113 1314 1400 1390 λυγισμῶν,
1421 1310 1514 1370 καὶ
1535 1312 1793 1393 στροφῶν.

438 1455 462 1479 a
497 1426 790 1503 Eupolidis
829 1426 1004 1482 verba
1040 1425 1112 1495 de
1138 1426 1406 1481 saltatore
1446 1423 1814 1499 intelligenda
1837 1434 1998 1495 sunt;

430 1517 513 1574 cf.
538 1514 824 1589 Aristoph.
853 1515 1022 1587 Vesp.
1075 1512 1246 1583 1487·
1273 1536 1298 1561 υ
1327 1513 1418 1567 M.
1467 1509 1785 1568 Hemsterh.
1833 1510 2003 1566 etiam

429 1605 718 1660 Theocriti
761 1601 940 1659 schol.
975 1601 1051 1658 ad
1092 1618 1153 1672 α,
1199 1618 1294 1672 17,
1327 1611 1384 1656 01
1415 1598 1729 1674 Theophyl.
1779 1599 1997 1657 Simoe.

429 1694 606 1767 Epist.
627 1711 690 1767 p,
722 1690 832 1749 106
854 1686 1108 1768 (στροφαὶ
1130 1684 1585 1765 natio-ficuum)
1617 1686 1807 1745 evolvi
1817 1686 1999 1759 jussit.

1163 1802 1260 1861 55.

507 1918 699 1977 801101.
726 1917 987 1991 Dionysii
1009 1917 1215 1973 Thrac.
1247 1934 1308 1991 p.
1343 1914 1457 1991 937
1485 1934 1498 1970 z
1523 1909 1695 1994 φαμὲν
1715 1910 1836 1985 ἤδη
1863 1909 2000 1992 γρά-

428 2028 553 2084 φω,
581 2004 702 2077 ἤδη
737 2002 1034 2084 ἔγραψα,
1066 2002 1189 2076 ἤδη
1213 2000 1476 2083 γράψω,
1529 2000 1619 2059 καὶ
1662 2009 1917 2079 μαρτυρεῖ
1964 2004 1996 2071 ἡ

426 2096 644 2173 χρῆσις,
671 2094 778 2159 τοῖς
810 2090 953 2172 τρισὶ
979 2089 1183 2170 χρόνοις
1211 2088 1338 2148 αὐτὸ
1375 2086 1671 2157 συντάξασα
1691 2133 1708 2162 ,
1732 2078 1837 2147 οἷον

521 2186 907 2299 Μάττειγᾶρ
943 2199 1060 2279 ἤδη
1079 2256 1100 2291 ,
1125 2203 1230 2271 καὶ
1258 2205 1332 2272 τὸ
1365 2212 1481 2297 πῦρ
1509 2200 1815 2292 ἐκκᾴεται,

425 2336 552 2415 παρ’
583 2334 739 2393 Ε-δι.

1157 2426 1254 2487 56.

503 2541 695 2601 Schol.
726 2539 912 2599 Paris.
943 2538 1225 2595 AEschinis
1249 2541 1334 2595 De
1362 2540 1427 2595 F.
1456 2538 1526 2596 L.
1561 2535 1596 2611 §
1626 2534 1762 2606 167,
1788 2556 1818 2607 7
1847 2554 1860 2591 ι
1888 2556 1996 2593 πε-

426 2628 712 2709 ρίπολος
755 2632 784 2687 ὁ
826 2625 1227 2707 περιερχόμενος
1261 2624 1356 2697 τὴν
1393 2622 1543 2684 πόλιν
1576 2622 1670 2683 καὶ
1700 2622 1993 2704 φυλάττων.

424 2707 568 2785 οὗτος
591 2717 644 2774 ἐν
672 2716 778 2782 τοῖς
800 2712 1057 2795 φρουρίοις
1084 2712 1400 2781 κοιτάζεται.
1433 2714 1532 2784 Ε.,

521 2832 642 2901 Καὶ
673 2834 809 2911 τοὺς
841 2830 1200 2924 περιπόλους
1234 2831 1428 2898 εἰπών’
1467 2830 1549 2907 εἰς
1577 2827 1657 2895 τὰ
1686 2830 1941 2922 φρούρια.

425 2960 617 3018 Codex
645 2956 878 3018 ἀπιέναι.
917 2959 1029 3016 Sed
1070 2959 1353 3036 Sauppius
1393 2957 1768 3034 praecedentia
1799 2957 1993 3032 potius

425 3048 720 3126 Eupolidis
747 3067 863 3105 esse
883 3057 1050 3123 putat
1077 3066 1091 3102 :

521 3158 712 3236 Οὗτος
739 3151 922 3252 [γὰρ]
959 3159 1016 3224 ἐν
1056 3164 1186 3234 τοῖς
1219 3155 1510 3250 φρουρίοις
1537 3151 1908 3235 κοιτάζεται.

1162 3285 1256 3360 57.

499 3402 690 3461 Schol.
712 3403 1000 3478 Aristoph.
1021 3405 1171 3464 Rau.
1205 3410 1356 3471 1400
1386 3425 1398 3460 :
1431 3401 1568 3468 τινὲς
1594 3400 1648 3460 δὲ
1685 3400 1990 3483 (λέγουσιν)

420 3487 502 3546 ὅτι
524 3490 578 3546 ἐν
612 3491 690 3569 τῷ
718 3488 1028 3570 Φιλοκτήτῃ
1059 3483 1122 3562 ἦν
1165 3493 1193 3548 ὁ
1229 3489 1415 3564 τόπος,
1437 3495 1486 3549 οἱ
1524 3488 1580 3548 δὲ
1609 3491 1663 3548 ἐν
1695 3493 1761 3570 τῇ
1797 3489 1993 3572 Ἰφιγε-

420 3574 531 3654 νείᾳ
553 3579 617 3652 τῇ
645 3579 697 3635 ἕν
721 3577 930 3637 Αὐλίδι.
960 3576 1199 3656 ἐμφαίνει
1222 3575 1276 3636 δὲ
1299 3576 1390 3636 καὶ
1407 3578 1472 3637 Ε.
1494 3581 1646 3637 τοῦτο
1669 3579 1824 3655 (boc,
1862 3583 1907 3640 i.
1933 3600 1985 3637 e.

419 3666 570 3721 hunc
609 3666 968 3723 versiculum.
1009 3668 1126 3725 Nisi
1153 3669 1331 3724 τοῦτον
1367 3667 1750 3724 scribendum.
1783 3669 1836 3723 Ε
1873 3667 1987 3748 Μ.)

419 3749 567 3817 εἰδώς
591 3751 898 3830 (cognitum
923 3754 1162 3830 habens)
1181 3775 1194 3790 ·

518 3860 885 3958 Ᾰποφθαρεὶς
917 3858 988 3932 δὲ
1021 3861 1130 3932 δύο
1163 3860 1327 3932 κύὸω
1356 3865 1458 3932 καὶ
1491 3869 1780 3960 τέτταρα.

1154 3993 1248 4052 58.

496 4107 658 4166 Idem
677 4109 852 4164 schol.
876 4107 1005 4168 Pac.
1037 4110 1174 4184 739,
1197 4109 1288 4174 εἰς
1312 4106 1389 4165 τὰ
1413 4105 1613 4190 ῥάκια
1641 4130 1654 4167 :
1686 4111 1756 4177 ὥς
1775 4113 1991 4169 τοιαῦτα

421 4192 735 4272 εἰσαγόντων
761 4195 937 4274 [τῶν]
975 4193 1148 4253 ἄλλων
1190 4197 1441 4272 κωμικῶν
1485 4196 1986 4279 [ρακοφοροῦντας].

421 4281 704 4340 αἰνίττεται
723 4279 778 4340 δὲ
797 4283 867 4349 εἰς
883 4281 1138 4344 Εὔπολιν.
1154 4283 1480 4344 Cancellavi
1497 4286 1599 4342 τῶν
1615 4298 1671 4345 01
1687 4289 1828 4368 pax„
1849 4307 1992 4362 quo-

417 4391 547 4428 rum
570 4372 690 4428 τῶν
709 4373 1004 4428 manifesto
1032 4373 1230 4428 falsum
1257 4385 1340 4430 est
1367 4393 1380 4428 :
1407 4393 1536 4431 110111
1555 4377 1602 4431 si
1621 4395 1746 4432 mos
1764 4378 1862 4431 iste
1883 4376 1993 4432 fuit

2098 648 2235 705 alias
2265 650 2414 705 forte
2442 650 2676 720 trajecta
2701 650 2951 723 reperias
2972 649 3127 724 apud
3148 650 3499 710 scholiastas.

2832 772 2928 850 59.

2176 906 2364 964 Schol.
2397 908 2571 965 Arist.
2604 910 2713 979 Eq.
2749 912 2863 981 941
2882 948 2899 977 ,
2927 907 3027 961 ubi
3065 892 3245 982 poeta¹
3260 908 3451 965 verbis
3484 911 3665 967 soluta

2098 996 2358 1051 oratione
2382 995 2607 1069 scriptis
2634 996 2815 1049 utitur
2854 1014 2867 1049 ε
2906 982 2989 1053 Eg
3027 1015 3085 1070 γε
3114 991 3179 1062 νὴ
3206 992 3294 1051 τὸν
3322 993 3427 1053 Δία
3464 994 3556 1053 καὶ
3581 995 3666 1053 τὸν

2098 1078 2333 1139 Ἀπόλλω
2361 1079 2454 1137 καὶ
2476 1078 2573 1151 τὴν
2605 1077 2896 1160 Δήμητρα,
2922 1082 3041 1138 haec
3070 1085 3366 1139 annotavit
3411 1105 3425 1137 ε
3472 1081 3583 1140 ἔστι
3611 1083 3663 1140 δὲ

2095 1167 2267 1227 πολλὰ
2292 1170 2541 1245 (τοιαῦτα
2556 1169 2716 1225 addit
2738 1166 2945 1245 Mein.)
2970 1167 3060 1226 καὶ
3084 1172 3210 1249 παρ’
3238 1169 3494 1230 Εὐπόλιδι
3511 1194 3663 1243 σεση-

2096 1255 2394 1334 μειωμένα.

2829 1370 2929 1429 60.

2172 1498 2335 1556 Idem
2370 1497 2545 1555 schol.
2574 1500 2680 1556 Av.
2711 1496 2785 1568 78
2822 1518 2837 1552 τ
2868 1495 3053 1575 τορύνη
3084 1498 3357 1575 πανταχοῦ
3386 1496 3661 1556 ἐκτέταται

2096 1585 2140 1643 εἰ
2163 1584 2237 1661 μὴ
2259 1586 2386 1663 παρ’
2412 1582 2688 1646 Εὐπόλιδι.
2715 1609 2740 1634 ⁸
2758 1586 2972 1643 Eadem
2989 1590 3183 1643 Draco
3198 1588 3448 1660 Straton..
3468 1607 3530 1662 p.
3560 1589 3659 1658 86,

2094 1674 2295 1733 Suidas
2318 1693 2365 1735 s.
2408 1693 2467 1733 v.
2508 1672 2675 1732 Conf.
2706 1672 2976 1734 Dindorf.
3007 1674 3083 1731 ad
3109 1674 3291 1733 schol.
3328 1677 3437 1751 Eq.
3468 1676 3607 1753 984.
3634 1701 3660 1729 ι

2092 1784 2183 1841 Μ.

2828 1893 2923 1949 61.

2172 2006 2365 2065 Schol.
2411 2008 2583 2063 Arist.
2623 2006 2830 2063 Avium
2877 2006 3027 2081 1379
3072 2026 3085 2059 :
3131 2004 3191 2063 τὸ
3221 2003 3277 2064 δὲ
3311 2006 3536 2084 χωλὸν
3576 2009 3659 2067 ἐπὶ

2093 2102 2185 2170 τῆς
2216 2093 2389 2180 χειρὸς
2420 2099 2732 2178 (ἔτασσον),
2760 2100 2831 2167 ὥς
2862 2100 2929 2159 Ε.

2188 2223 2308 2297 ὅτι
2340 2230 2539 2322 χωλός
2572 2232 2701 2296 ἐστι
2734 2234 2847 2306 τὴν
2884 2232 3085 2325 ἑτέραν
3110 2237 3289 2325 χεῖρ’,
3313 2236 3381 2299 οὐ
3402 2235 3624 2327 λέγεις.

2091 2376 2251 2435 Idem
2281 2376 2357 2433 ad
2394 2373 2504 2451 Eq.
2552 2375 2739 2447 1085,
2779 2388 2837 2435 et
2874 2378 3007 2433 hinc
3050 2378 3251 2435 suidas
3298 2397 3357 2433 v.
3410 2378 3650 2445 Κυλλόςε

2089 2461 2339 2542 χωλοὺς
2378 2462 2495 2531 τοὺς
2535 2470 2691 2545 χεῖρα
2724 2461 3155 2543 πεπηρωμένους.
3191 2466 3257 2525 Ε.
3308 2490 3335 2517 ι
3366 2460 3449 2523 ὅτι
3491 2467 3657 2545 χωλὸς

2090 2550 2186 2621 τὴν
2206 2559 2361 2631 χεῖρα
2391 2550 2455 2611 σὺ
2486 2552 2708 2634 σφόδρα.
2736 2580 2763 2605 ³·
2792 2556 2921 2611 Hoc
2942 2565 3026 2611 est
3057 2543 3115 2611 εὖ
3144 2552 3375 2635 σφόδρα,
3398 2566 3465 2614 ut
3493 2557 3659 2614 habet

2090 2644 2294 2699 Pollux
2320 2650 2377 2713 4,
2412 2642 2519 2700 188
2551 2663 2564 2698 ;
2598 2646 2667 2699 E.
2708 2640 2877 2699 δὲκαὶ
2900 2638 2987 2699 τὸν
3033 2640 3129 2713 τὴν
3154 2648 3308 2721 χεῖρα
3336 2644 3654 2721 πεπηρωμέ·

2090 2750 2175 2788 νον
2203 2728 2377 2807 χωλὸν
2406 2727 2609 2807 εἴρηκεν
2625 2751 2640 2766 ·
2680 2756 2704 2781 ι
2727 2726 2863 2789 Ὅτε
2905 2728 3044 2804 (sic)
3088 2730 3259 2808 χωλός
3286 2731 3397 2787 ἐστι
3423 2730 3521 2801 τὴν
3548 2730 3656 2788 ἐτέ-

2093 2840 2187 2897 ραν
2236 2818 2391 2898 χεῖρα
2436 2808 2509 2876 εὖ
2538 2817 2805 2899 σφόδρα.
2835 2844 2860 2870 ι·
2885 2820 3137 2895 Respicit
3160 2821 3329 2877 etiam
3362 2820 3655 2877 Philemon

2091 2909 2299 2966 Osanni
2324 2928 2385 2985 p.
2419 2927 2557 2986 209.
2594 2933 2621 2960 ι»
2652 2910 2741 2966 Μ.

2822 3019 2921 3076 62.

2168 3145 2357 3203 Schol.
2390 3147 2493 3205 Ar.
2522 3147 2654 3207 Pac.
2700 3145 2815 3202 812
2850 3165 2867 3201 ι
2901 3141 3181 3210 σοὸἄδας
3210 3141 3305 3211 τὰς
3338 3141 3537 3224 πόρνας
3570 3143 3653 3204 λε’-

2086 3253 2283 3309 γουσιν.
2315 3232 2379 3294 Ε.
2428 3257 2455 3286 α
2488 3231 2649 3312 Παρὰ
2675 3234 2803 3311 τῇδε
2843 3231 2908 3290 σὺ
2940 3234 3003 3310 τῇ
3044 3231 3231 3290 σοὸάδι
3272 3232 3599 3310 κατηγᾶγου.
3628 3260 3652 3284 ι·

2086 3323 2172 3377 110
2210 3321 2343 3379 cod.
2388 3324 2664 3393 Venetus-»3
2686 3323 2860 3396 vulgo
2888 3318 3139 3396 κατήγου.
3177 3319 3374 3399 Τῃδεδὶ
3396 3341 3506 3396 pro
3534 3323 3652 3398 τῇδε

2088 3410 2358 3466 Fritzsch.
2386 3411 2515 3466 Act.
2548 3408 2680 3466 Soc.
2708 3409 2807 3470 Gr.
2840 3429 2890 3481 1,
2912 3428 2973 3484 p.
3006 3408 3137 3468 136.
3161 3411 3335 3482 Quod
3350 3411 3523 3467 miror
3544 3413 3654 3486 pla-

2086 3497 2265 3553 cuisse
2292 3497 2446 3569 aliis,
2476 3516 2655 3572 quum
2690 3499 2765 3554 sit
2803 3498 3150 3554 inusitatum.
3176 3499 3457 3572 Legamus

2180 3610 2347 3706 Παρὰ
2378 3606 2528 3706 τῇδε
2560 3604 2638 3687 δὴ
2666 3611 2735 3680 σὺ
2762 3622 2840 3706 τῇ
2866 3603 3079 3679 σοὸοίδι
3114 3611 3495 3705 κατηγάγους

2817 3737 2914 3798 63.

2164 3845 2356 3907 Schol.
2383 3849 2673 3924 Aristoph.
2704 3847 2933 3908 Thesm.
2967 3847 3120 3906 828:
3164 3844 3407 3924 συνέχεεν
3440 3843 3463 3924 (
3478 3865 3653 3904 voca-

2083 3936 2219 3993 bula
2240 3933 2461 4014 στρατιᾶ
2479 3948 2537 3994 01
2554 3932 2833 4014 στρατεία)
2864 3933 2954 3993 καὶ
2981 3925 3151 4008 οὗτος,
3172 3935 3243 4001 ὡς
3270 3931 3503 4000 Εὔπολις
3524 3937 3653 3992 πολ-

2085 4022 2253 4088 λάκις.
2284 4022 2503 4104 στρατιά
2530 4022 2624 4100 μὲν
2654 4021 2756 4104 γὰρ
2776 4021 2835 4081 τὸ
2858 4023 3084 4095 πλῆθος,
3116 4021 3367 4101 στρατεία
3402 4020 3458 4079 δὲ
3490 4025 3525 4093 ἡ
3554 4045 3651 4080 συ-

2083 4109 2404 4188 στράτευσις.
2446 4137 2471 4162 «ι
2495 4115 2603 4170 Vix
2628 4111 2905 4170 credibile
2929 4123 3012 4169 est
3041 4113 3162 4170 haec
3186 4111 3512 4169 confudisse
3532 4113 3653 4168 Eu-

2080 4204 2274 4277 polin‚
2310 4221 2655 4277 quamquam
2694 4202 2839 4260 illud
2878 4219 3075 4258 verum
3098 4213 3181 4258 est
3199 4243 3218 4273 ,
3246 4198 3499 4278 στρατιὰν
3529 4219 3655 4276 pas·

2082 4290 2187 4345 sim
2226 4289 2341 4346 dici
2368 4290 2471 4346 uhi
2500 4290 2702 4347 eodem
2724 4289 2855 4363 jure
2888 4288 3166 4363 στρατείαν
3205 4290 3323 4346 dici
3358 4291 3547 4346 licuit.
3588 4291 3653 4344 111

2082 4380 2226 4453 Eup.
2252 4391 2442 4434 autem
2470 4397 2637 4434 versu
2666 4375 2913 4456 Ἄστρατ.
2941 4377 3011 4437 fr.
3049 4398 3103 4454 1,
3124 4397 3185 4449 2,
3209 4395 3381 4453 quem
3400 4379 3653 4434 scholia-

416 4462 540 4518 τῶν
569 4459 766 4532 ἄλλων,
797 4462 838 4519 i.
870 4479 924 4519 0.
963 4475 1263 4518 ceterorum
1294 4470 1573 4534 omnnem,
1620 4467 1812 4542 inepte
1839 4483 1987 4522 unus
2078 4477 2223 4522 stam
2244 4477 2502 4542 spectare
2520 4468 2799 4524 existimat
2821 4467 3189 4543 Fritzschius‚
3213 4465 3436 4543 στρατιά
3454 4477 3652 4542 aperte

418 4551 654 4626 Eupolis
675 4547 1104 4626 significaretur.
1130 4554 1316 4610 Minus
1345 4566 1562 4611 certum
1597 4570 1679 4611 est
1701 4554 1983 4626 judicium
2026 4527 2041 4600 l
2082 4555 2153 4611 de
2180 4555 2437 4610 exercitu
2463 4553 2693 4610 dicitur.
2722 4577 2747 4604 a·
2776 4553 2867 4608 M.

1157 4723 1249 4775 54.

419 4817 647 4904 Inclinat
665 4819 932 4892 vertitque
955 4822 1238 4880 cervicem.

1157 4932 1246 4982 55.

417 5027 538 5082 lam
563 5026 710 5083 enim
735 5026 938 5100 clepsit,
965 5036 1020 5086 et
1049 5029 1190 5102 ignis
1213 5031 1574 5088 consumitur.

1161 5137 1248 5188 56.

421 5233 487 5286 lit
509 5231 842 5290 excubitores
871 5233 1022 5292 abire
1049 5235 1115 5292 ad
1144 5233 1414 5308 praesidia.

2820 4725 2908 4776 57.

2080 4810 2497 4882 Desperansque
2526 4808 2715 4880 (jecit)
2744 4807 2857 4864 duo
2881 4813 2937 4864 et
2958 4815 3234 4881 quattuor.

2810 4899 2898 4951 61.

2082 4983 2339 5037 Mannum
2368 4995 2485 5037 esse
2501 4979 2669 5037 011010
2690 4994 2888 5048 mann,
2916 4995 3027 5037 non
3054 4977 3191 5034 dicis

2078 5071 2228 5134 (sive
2256 5067 2463 5134 valde).

2812 5159 2900 5212 62.

2079 5247 2119 5299 Α
2132 5241 2239 5314 pud
2264 5241 2467 5298 11011000
2486 5249 2543 5299 tu
2566 5243 2905 5302 meretricem
2928 5239 3239 5298 devertisti?
