3809 5850
485 342 600 429 ans

484 609 632 645 nunc
659 610 766 666 pro
795 590 1123 664 glossemate
1149 590 1478 646 habendum
1505 603 1606 648 est.

1213 736 1306 808 98.

561 863 912 918 Boissonadii
937 861 1152 920 Anecd.
1186 881 1239 932 1,
1271 881 1330 937 p.
1373 861 1504 918 125·
1541 859 1846 941 Ἀντιφάνης
1878 885 1888 918 :
1920 889 1941 914 α
1966 865 2046 924 Αἱ

481 945 632 1005 νέαι
682 947 898 1026 φιλίαι
945 950 1315 1024 ἀναγκαῖαι
1361 945 1504 1024 μὲν,
1549 951 1613 1006 αἱ
1638 947 1704 1008 δὲ
1753 949 2049 1008 παλαιαὶ

481 1021 1034 1114 ἀναγκαιότεραι.
1081 1062 1106 1086 1·
1141 1038 1432 1094 Meinek.:
1477 1061 1498 1086 α
1531 1038 1745 1096 Eadem
1779 1040 1935 1114 legas
1988 1042 2047 1095 in

480 1125 902 1201 Apophthegm.
950 1127 1194 1200 sylloge,
1242 1126 1598 1184 vindobonae
1647 1147 1680 1184 a
1730 1129 2046 1186 Ritschelio

479 1214 651 1283 edita,
673 1233 732 1289 p.
757 1233 817 1283 v,
847 1215 940 1272 30.
960 1214 1298 1290 Antiphanis
1319 1235 1530 1273 nomen
1558 1214 1796 1275 fortasse
1827 1237 1898 1276 ex
1926 1222 2047 1274 An-

479 1302 715 1358 tisthene
751 1312 1086 1378 corruptum
1117 1313 1233 1373 est,
1281 1321 1408 1378 quae
1434 1305 1604 1360 etiam
1637 1306 1770 1362 alias
1801 1305 2045 1362 confun-

480 1390 694 1446 duntur
733 1411 746 1445 :
785 1410 838 1447 v.
882 1393 1024 1450 Hist.
1063 1393 1195 1449 crit.
1222 1393 1382 1448 Com.
1414 1409 1478 1465 p.
1505 1391 1640 1462 317.
1675 1417 1699 1441 υ
1742 1394 1886 1450 Sane
1927 1393 2045 1448 haec

477 1496 706 1552 prosam
729 1481 974 1554 sapiunt.

1211 1608 1308 1663 99-

557 1724 814 1784 Clemens
843 1727 1002 1783 Alex.
1033 1727 1244 1784 Strom.
1278 1727 1340 1795 6,
1371 1746 1432 1801 p.
1469 1727 1576 1798 751
1607 1747 1620 1782 ε
1653 1723 2049 1808 Ἀριστοφάνους

479 1809 765 1888 γράφοντος

575 1939 819 2010 Βὲὅαιον
856 1939 1006 2022 ἔξεις
1036 1947 1142 2013 τὸν
1183 1944 1311 2032 βίον
1345 1937 1578 2025 δίκαιος
1609 1949 1688 2014 ὢν
1711 1999 1730 2035 ,

575 2049 754 2144 χωρίς
788 2077 858 2119 τε
891 2046 1130 2145 θορύὸου
1166 2050 1270 2118 καὶ
1291 2045 1474 2144 φόὸου
1501 2047 1698 2132 ζήσεις
1727 2061 1933 2132 καλῶς
1956 2105 1975 2140 ,

478 2199 507 2254 ὁ
542 2196 851 2276 Ἐπίκουρος
890 2194 1066 2276 λέγει,
1113 2222 1138 2249 κ
1175 2195 1519 2268 Δικαιοσύνης
1565 2197 1764 2278 καρπὸς
1803 2197 2047 2277 μέγιστος

480 2283 756 2362 ἀταραξία.
807 2311 830 2336 u
896 2310 923 2336 ι
977 2285 1104 2342 Haec
1154 2287 1300 2342 inter
1347 2288 1764 2362 Aristophanea
1823 2291 2045 2365 recepit

482 2374 750 2433 Dindorf.
774 2393 834 2450 p.
859 2374 1007 2444 206;
1038 2374 1139 2432 sed
1168 2376 1349 2432 aliena
1373 2387 1460 2432 est
1485 2395 1684 2432 eorum
1707 2380 1986 2434 sententia
2014 2398 2045 2434 a

477 2464 638 2537 poesi
652 2463 1067 2538 Aristophanis,
1099 2481 1278 2538 quum
1301 2465 1530 2540 egregie
1555 2463 1752 2520 deceat
1770 2465 1904 2522 Anti
1910 2467 2047 2540 pha-

482 2571 606 2606 nem
630 2593 647 2623 ,
697 2563 921 2626 poetam
961 2553 1159 2608 ethicis
1203 2553 1488 2610 sententiis
1540 2552 1947 2614 abundantem.
2008 2580 2031 2606 ι»

489 2641 530 2698 Ε
556 2641 644 2694 M.

1191 2755 1322 2797 100.

459 2903 466 2911 ,
559 2848 646 2906 Cf.
677 2867 806 2904 ann.
839 2847 912 2905 ad
937 2848 1207 2923 Amipsioe
1227 2839 1438 2905 Incert.
1469 2869 1525 2906 2.

1201 3036 1361 3051 ..ἡ

1163 3160 1368 3221 XLIV.

927 3311 1660 3382 ANAXANDRIDES.

567 3484 590 3513 ει
624 3458 1085 3531 Anaxandrides,
1134 3460 1466 3517 Anaxandri
1507 3455 1686 3531 filius,
1721 3458 1907 3535 patria
1938 3458 2047 3519 Ca·

479 3553 735 3605 mirensis
755 3592 772 3621 ,
804 3550 1039 3605 testibus
1061 3550 1474 3606 Chamaeleonte
1495 3549 1700 3608 Athen.
1735 3568 1793 3623 9,
1815 3568 1875 3623 p.
1909 3550 2046 3620 374,

477 3641 539 3707 Β,
577 3647 631 3693 et
663 3637 838 3695 Suida
864 3656 920 3696 V.
957 3634 1262 3713 Καμειραία
1304 3647 1362 3692 et
1392 3631 1786 3713 Ἀναξανδρίδης
1815 3634 2046 3713 (Ἄναξ.,

478 3722 680 3787 Ῥόδιος
709 3724 769 3781 ἐκ
809 3720 1100 3801 Καμείρου.
1147 3725 1381 3780 Rectius
1423 3723 1692 3780 scribitur
1735 3722 1977 3803 Καμίρου
2018 3744 2050 3782 e

479 3831 695 3869 canone
719 3813 908 3887 Etym.
930 3813 1010 3867 M.
1038 3830 1098 3887 p.
1134 3810 1272 3882 488,
1300 3829 1366 3885 93
1393 3811 1468 3866 cf.
1501 3810 1754 3868 Eustatb.
1775 3811 1849 3868 ad
1874 3814 2046 3872 Hom.

475 3922 539 3977 p.
589 3900 723 3969 315,
769 3897 898 3976 23),
939 3900 1042 3954 ubi
1085 3897 1350 3975 traditur,
1381 3900 1454 3955 ab
1495 3900 1618 3955 aliis
1653 3899 2046 3976 Colophonem

479 3988 598 4061 ejus
638 3990 882 4063 patriam
933 3987 1240 4064 perhiberi.
1279 3988 1522 4043 Fabulas
1562 3987 1761 4044 docuit
1801 3988 1939 4045 inde
1976 3990 2048 4045 ab

481 4076 808 4150 olympiade
839 4094 972 4145 101,
996 4085 1061 4131 ut
1088 4075 1319 4150 colligas
1347 4093 1415 4131 ex
1451 4076 1740 4132 Marmore
1764 4076 2045 4135 Arundel.

479 4166 687 4239 epoch.
717 4163 786 4229 34
811 4204 828 4233 ,
866 4165 966 4219 ubi
999 4163 1074 4219 ad
1099 4181 1311 4218 nomen
1328 4163 1544 4234 Calliae,
1575 4165 1674 4237 qui
1703 4162 1809 4218 fuit
1832 4164 2049 4220 archon

479 4255 692 4327 olymp.
736 4271 838 4307 101
874 4270 1025 4307 anno
1061 4271 1115 4321 1,
1139 4250 1547 4309 Anaxandridae
1575 4251 1925 4326 adscriptum
1948 4264 2047 4309 est.

480 4344 676 4397 Postea
709 4342 926 4415 olymp.
983 4338 1091 4396 108
1112 4380 1129 4409 ,
1176 4357 1210 4394 a
1232 4381 1250 4414 ,
1305 4339 1704 4413 Olympiorum
1733 4340 2049 4415 festivitati,

479 4448 512 4483 a
572 4429 841 4504 Philippo
864 4469 880 4499 ,
941 4427 1290 4484 Macedoniae
1353 4445 1519 4501 rege,
1583 4428 1678 4483 Dii
1725 4428 2048 4505 celebrata,

480 4517 760 4587 interfuit,
798 4516 1010 4573 docere
1048 4534 1316 4593 pergens,
1359 4526 1423 4570 ut
1467 4514 1720 4585 videtur,
1763 4535 1945 4591 usque
1976 4516 2051 4575 ad

480 4606 694 4679 olymp,
759 4604 867 4660 108
911 4604 1006 4660 vel
1048 4622 1186 4678 109,
1233 4603 1394 4677 quod
1433 4602 1581 4660 inter
1615 4604 1722 4659 alia
1751 4602 2047 4659 confirmat

479 4868 716 4925 Fit-mam
747 4865 976 4923 habebis
1002 4866 1167 4923 vitam
1189 4783 1438 4938 jggtitia,

477 4964 530 5012 et
555 4956 670 5011 sine
692 4953 936 5011 tumultu
957 4968 1022 5009 ac
1047 4960 1194 5009 metu
1223 4952 1362 5008 bene
1385 4966 1532 5024 ages.

1109 5040 1423 5097 RUSTlCl.

1239 5134 1287 5183 1.

623 5246 686 5257 --
717 5230 765 5271 a.
793 5213 1082 5287 Quomodo
1109 5213 1274 5285 igitur
1297 5213 1466 5287 parati
1485 5215 1614 5269 estis

1511 367 1790 430 MEDIAE
1829 367 2249 432 COMOEDIAE
2292 371 2701 448 RELIQUlAE.

485 505 583 576 qni
605 521 794 558 versus
829 501 1061 577 quidem
1091 519 1261 558 causa
1290 504 1522 558 retineri
1557 513 1784 578 poterat
1813 498 2047 574 δύναται,
2143 505 2392 562 Platonis
2418 504 2614 582 (Diog.
2635 509 2827 564 Laert.
2857 505 2889 563 3
2911 551 2929 580 ,
2963 507 3095 585 26),
3116 511 3425 586 Iphicratis
3444 525 3499 570 et
3514 517 3657 590 Cotyn

2094 2843 2103 2957 Ι
2140 2878 2270 2938 Eth.
2316 2878 2391 2935 ad
2422 2875 2571 2938 Eud.
2608 2879 2662 2949 6,
2697 2898 2799 2952 ιο,
2827 2879 2902 2936 ad
2942 2879 3168 2939 Nicom.
3204 2899 3264 2952 7,
3301 2877 3399 2957 ιο)
3426 2881 3595 2941 haud
3634 2895 3715 2939 te-=

2141 597 2385 668 (Athen.
2430 604 2493 668 4,
2546 615 2608 672 p.
2657 596 2760 654 131
2787 638 2804 666 ,
2852 595 2947 674 A),
2978 601 3270 677 Melanopi
3302 615 3367 658 et
3405 605 3661 662 Callisti-ati

2140 679 2255 756 (ib.
2296 703 2395 753 ιο,
2426 703 2486 760 p.
2512 683 2625 741 553
2648 726 2663 754 ‚
2689 681 2789 760 D),
2816 687 3111 760 Polyeucti
3132 687 3243 764 (ib.
3270 697 3331 760 4,
3356 711 3423 766 p.
3449 692 3663 764 166,nj:‚

2137 770 2495 846 aliorumque
2524 773 2781 828 virorum
2808 773 2903 830 illa
2926 785 3089 830 aetate
3114 777 3431 834 celebrium
3448 822 3469 848 ‚
3498 781 3665 834 irrisio.

2136 859 2492 914 Chamaeleon
2546 861 2887 916 Heracleota
2936 861 3088 918 libro
3144 883 3180 938 9
3244 861 3382 941 Περὶ
3427 865 3669 944 κωμῳδίις

2138 943 2381 1020 (Athen.
2408 965 2468 1021 9,
2494 963 2557 1020 p.
2590 945 2727 1021 374,
2753 942 2829 1024 Β)
2850 959 3066 1018 narrat,
3090 950 3551 1007 Anaxandridem
3566 973 3671 1027 pro-
3713 975 3715 984 ·

2138 1035 2254 1090 ceri
2280 1038 2539 1112 corporis
2565 1036 2753 1092 virum
2768 1034 2937 1092 fuisse
2953 1078 2970 1104 ,
2998 1049 3330 1114 vestemque
3354 1059 3673 1116 purpuream
3713 1049 3715 1064 '

2136 1124 2433 1198 aureisque
2448 1121 2684 1180 fimbriis
2701 1125 3141 1182 condecoratam
3162 1137 3437 1202 εοεαε-ος
3468 1131 3678 1186 eundem

2136 1229 2274 1267 vero
2304 1213 2615 1268 acerbioris
2642 1211 2813 1268 fuisse
2848 1214 3099 1289 ingenii,
3136 1232 3325 1289 neque
3342 1257 3360 1286 ,
3394 1219 3443 1272 si
3482 1219 3615 1274 forte
3638 1221 3679 1272 in

2136 1298 2458 1355 fabularum
2502 1301 2991 1358 commissionibus
3047 1305 3229 1359 victus
3272 1317 3443 1374 esset,
3492 1309 3679 1380 impro—

2136 1385 2297 1442 batas
2332 1387 2554 1462 populo
2592 1389 2761 1444 novis
2802 1390 2951 1444 curis
2982 1390 3344 1462 emendasse,
3386 1394 3683 1468 iterumque

2138 1473 2198 1527 in
2220 1493 2447 1530 scenam
2485 1475 2819 1549 produxisse
2838 1517 2855 1546 ,
2888 1476 2987 1533 sed
3018 1479 3081 1532 in
3105 1477 3297 1534 forum
3322 1519 3341 1548 ,
3371 1481 3471 1536 ubi
3504 1481 3615 1536 ehm
3646 1494 3687 1534 et

2136 1563 2330 1618 odores
2364 1575 2639 1633 veneant,
2670 1563 3070 1640 discet-pendas
3100 1567 3337 1627 misisse.
3370 1570 3465 1624 Ita
3504 1569 3685 1624 factam

2138 1667 2251 1706 esse
2269 1692 2286 1721 ,
2310 1663 2377 1707 ut
2408 1652 2589 1710 multa
2625 1651 2881 1708 dramata
2913 1654 3052 1709 scite
3080 1653 3368 1711 adornata
3404 1655 3685 1724 deleverit,

2137 1735 2487 1796 δυσκολαίνων
2512 1745 2617 1804 τοῖς
2638 1740 2847 1805 θεαταῖς
2872 1735 2959 1796 διὰ
2980 1737 3041 1798 τὸ
3067 1741 3255 1820 γῆρας.
3286 1741 3423 1799 Haec
3470 1744 3685 1804 Chamt-

2139 1825 2299 1891 leon,
2346 1844 2596 1900 quorum
2640 1837 2863 1902 partem
2910 1829 3143 1903 repetiit
3168 1831 3328 1888 Eust.
3384 1831 3466 1886 ad
3516 1831 3683 1904 Odys.

2136 1931 2195 1988 p.
2231 1912 2376 1980 1834
2396 1955 2414 1988 ,
2451 1911 2545 1972 15.
2578 1915 2793 1969 Docuit
2814 1924 3005 1971 autem
3032 1917 3353 1974 secundum
3374 1918 3604 1976 Suidam
3628 1918 3687 1974 65

2138 1999 2385 2072 fabulas,
2418 2020 2662 2074 quarum
2688 2001 2763 2058 36
2792 2021 2827 2058 a
2858 2005 3255 2078 grammaticis
3284 2005 3617 2079 laudantur,
3640 2019 3693 2060 er

2140 2087 2336 2144 decem
2383 2090 2654 2146 victorias
2697 2092 3048 2166 reportavit,
3095 2092 3380 2150 histrione
3428 2113 3597 2164 usus,
3638 2104 3687 2147 ut

2137 2176 2465 2233 Aristoteles
2509 2177 2681 2235 Rhet.
2730 2177 2789 2246 3,
2846 2196 2939 2247 ια,
2988 2177 3193 2249 docet,
3232 2181 3593 2241 Philemone.
3626 2182 3687 2238 Cs.

2138 2263 2423 2321 AEschines
2457 2265 2523 2323 C.
2567 2265 2854 2321 Timarch.
2881 2284 2944 2340 p.
2981 2267 3089 2323 132
3133 2268 3332 2328 Reisk.
3368 2271 3691 2327 fabularum

2140 2353 2361 2408 ratione
2384 2353 2650 2408 nonnihil
2684 2363 2923 2425 novata,
2956 2355 3204 2429 primum
3240 2374 3373 2412 eum
3396 2355 3602 2432 ἔρωτας
3624 2357 3693 2414 καὶ

2138 2436 2405 2518 παρθένων
2426 2435 2615 2517 φθορὰς
2640 2441 2943 2497 intexuisse
2970 2452 3167 2498 narrat
3200 2441 3440 2512 Suidas;
3480 2464 3695 2520 quapro-

2136 2540 2267 2606 pter
2286 2527 2539 2586 Eudocia
2556 2528 2771 2604 pudica
2790 2547 3001 2586 nomen
3022 2526 3335 2610 παμμιᾶρου
3356 2545 3555 2606 poem!
3578 2532 3699 2588 infli-

2138 2619 2223 2692 git
2244 2617 2377 2676 Ion.
2409 2636 2469 2691 p.
2502 2615 2612 2686 603
2657 2617 3020 2674 Aristotelem
3046 2635 3185 2674 vero
3221 2617 3295 2674 de
3336 2621 3579 2695 ingenio
3600 2621 3703 2692 ejus

2140 2701 2459 2763 honorifice
2495 2702 2811 2775 judicasse,
2850 2723 2923 2760 ex
2960 2704 3259 2778 frequente
3288 2707 3705 2765 Anaxandridis

2140 2793 2687 2848 commemoratione
2736 2793 2920 2868 (velut
2964 2793 3137 2850 Rhet.
3190 2791 3252 2862 3,
3305 2811 3415 2864 ιο,
3460 2814 3529 2852 ιι
3558 2839 3575 2866 ,
3622 2817 3701 2860 u.

2140 2984 2295 3023 mere
2330 2966 2619 3039 conjicias.
2663 2968 2782 3024 Nec
2822 2968 3009 3025 solum
3039 2968 3351 3025 comoedias
3376 2970 3599 3041 edidit,
3626 2962 3715 3027 ve}

2142 3074 2271 3111 rum
2298 3057 2467 3112 etiam
2500 3055 2923 3129 dithyrambica
2950 3058 3111 3131 poesi
3140 3069 3411 3133 operatus
3436 3070 3545 3115 est.
3578 3061 3715 3129 Cha-3

2138 3144 2378 3199 maeleon
2426 3162 2519 3218 ap.
2550 3144 2757 3200 Athen.
2792 3163 2845 3217 9,
2888 3162 2951 3219 p.
2986 3143 3132 3221 374,
3156 3148 3201 3201 Δ
3233 3161 3249 3204 :
3288 3134 3715 3225 Ἀναξανδρίδης,

2144 3228 2403 3288 διδάσκων
2426 3228 2555 3289 ποτὶ
2583 3228 2901 3308 διθύραμβον
2927 3228 3221 3304 Ἀθήνησιν,
3248 3232 3489 3303 εἰσῆλθεν
3526 3232 3607 3311 ἐφ’
3628 3228 3715 3301 ἴτε-ξ

2142 3340 2245 3375 που
2263 3359 2280 3388 ,
2312 3316 2403 3375 καὶ
2431 3314 2722 3394 ἀπήγγειλέ
2744 3340 2795 3375 τι
2822 3318 2882 3375 ἐκ
2914 3320 3007 3376 τοῦ
3030 3316 3284 3398 ᾅσματος.
3318 3345 3345 3371 n
3368 3322 3419 3376 E
3441 3323 3536 3381 M.
3713 3310 3715 3329 ²

2680 3428 2727 3488 l.
2780 3428 3166 3490 ΑΓΡΟῙΚΟΙ.

2904 3564 2953 3603 1-

2220 3658 2429 3716 Athen.
2482 3676 2575 3733 11,
2617 3677 2678 3732 p.
2734 3656 2873 3728 463,
2922 3659 2967 3715 F
3013 3658 3153 3715 ετοῦ
3181 3656 3227 3715 δ’
3266 3655 3501 3727 ἱπιδέξια
3552 3660 3715 3741 πίνεινξ

2142 3742 2455 3821 μνημονεύει
2483 3742 2573 3801 καὶ
2602 3742 2993 3823 Ἀναξανδρίδης
3022 3743 3075 3801 ἓν
3104 3740 3389 3823 Ἀγροίκοις
3420 3744 3599 3815 οὕτως,

2392 3892 2489 3903 —-
2512 3880 2570 3921 α.
2612 3851 2766 3921 Τίνα
2796 3846 2874 3931 δὴ
2912 3860 3459 3949 παρεσκευασμένοι
3713 3948 3715 3951 Ι

2238 3959 2428 4025 πίνειν
2472 3959 2694 4051 τρόπον
2730 3960 2865 4027 ἐστὲ
2908 3970 3006 4028 νῦν
3037 3981 3145 4052 γε;
3192 3964 3425 4053 λέγετε.
3462 3962 3523 4045 β.
3562 3952 3715 4037 Tm}

3454 4064 3669 4155 τρόπον
3688 4086 3715 4141 35

2239 4174 2275 4241 ἢ
2286 4176 2415 4261 μεῗς
2438 4180 2745 4247 τοιοῦτον,
2782 4166 2907 4235 οἷον
2934 4165 3005 4236 ἂν
3034 4169 3138 4236 καὶ
3169 4168 3266 4235 σοὶ
3293 4162 3464 4263 δοκῇ.

2237 4302 2296 4342 α.
2333 4276 2619 4342 Βούλεσθε
2660 4267 2859 4349 δήπου
2889 4276 2998 4342 τὸν
3022 4274 3131 4341 ἐπὶ
3161 4267 3367 4363 δεξί’;
3410 4280 3465 4361 β.
3502 4258 3561 4341 ὦ
3598 4276 3715 4339 ποῖ...

3578 4398 3715 4471 τερ,

2144 4482 2183 4554 5
2236 4492 2449 4582 λήγειν
2476 4487 2578 4555 ἐπὶ
2616 4500 2709 4577 τῷ
2735 4488 2967 4559 πίνοντι
3006 4490 3111 4557 τὸν
3146 4488 3251 4555 ἐπὶ
3282 4480 3455 4567 δεξιὰ

2237 4598 2429 4687 λέγων
2468 4587 2743 4680 ἀπῳδὸν,
2776 4594 3033 4689 ὡσπερεὶ
3062 4588 3405 4669 τεθνηκότιέ

2124 4819 2139 4835 .
2214 4776 2401 4834 bibere
2420 4792 2571 4833 nune
2588 4776 2849 4850 quidem?
2872 4775 3053 4833 dieite.
3078 4776 3137 4834 b.
3164 4773 3487 4847 Quomodo?

2210 4879 2311 4920 nos
2338 4862 2415 4920 ita
2428 4902 2443 4930 ,
2476 4870 2543 4919 ut
2563 4862 2727 4920 etiam
2754 4862 2857 4921 tibi
2882 4861 3165 4936 placuerit.

2213 4967 2264 5009 a.
2292 4949 2543 5009 vultisne
2570 4950 2737 5023 igitur
2762 4949 3101 5010 dextrorsum
3114 4952 3141 5005 ξ’
3166 4949 3223 5005 b.
3256 4950 3306 5007 0
3334 4954 3505 5023 pater.

2145 5044 2177 5095 5
2214 5039 2407 5095 omitte
2424 5037 2661 5111 potaturi
2682 5037 2863 5096 dicere
2892 5036 2961 5093 de
2984 5034 3150 5094 modo
3176 5034 3521 5091 dextrorsum

2218 5121 2571 5181 incommodo
2586 5165 2601 5193 ‚
2626 5122 2772 5182 velut
2792 5121 3072 5182 defuncto.
