3809 5850
466 406 537 459 ¹6

462 535 613 604 σθαι,
644 529 758 586 καθ’
778 526 807 586 δ
836 524 1129 598 πλησιάζει.
1159 551 1183 574 α
1215 515 1287 584 ’Ὦ
1316 513 1484 597 οὗτος,
1515 523 1598 604 οἴῃ
1626 521 1903 604 στρατείαν
1931 523 2026 579 ἕσ-
2065 521 2076 654 Ι

462 621 695 688 σεῖσθαι;
722 641 747 667 1·
781 611 1035 692 Σώφρων.
1068 615 1169 690 Κρ.
1202 613 1255 669 ἐν
1280 615 1457 691 Δραπ.
2069 657 2076 746 Ι

560 741 781 826 Οὗτος,
811 734 1159 824 καθεύδειςς
1188 743 1295 806 οὐκ
1323 739 1679 816 ἀναστήσεις
1714 737 1928 823 βοτόν;

462 881 617 938 Libri
646 877 832 943 Οὕτως
858 879 1161 1020 -οεβοτων,
1182 879 1362 932 Recte
1387 878 1577 932 Koen.
1611 875 1686 931 ad
1722 875 1895 950 Greg.
1925 875 2030 932 Co·

458 969 631 1025 rinth.
668 987 731 1042 p.
784 984 890 1036 ¹17
978 985 1060 1028 τος
1080 1005 1098 1038 ,
1123 963 1223 1019 sed
1252 963 1405 1018 idem
1430 964 1577 1020 male
1612 961 1771 1040 βοῶν,
1800 962 2029 1017 frustra·-

1454 393 1865 454 COMOEmAE
1908 389 2246 452 vssmms
2291 391 2698 465 RELIQUIAE.

2119 521 2288 579 σθένει
2329 521 2670 592 σπουδάσειν,
2711 523 2782 587 ὡς
2821 519 2922 578 κᾶν
2969 521 3038 586 εἷς
3067 518 3248 599 ῥέοντα
3277 522 3436 579 πλοῖα
3473 519 3730 596 {peimi

2120 609 2212 666 οὗκ
2237 607 2588 680 ὀκνησάντων.
2621 612 2768 666 Hinc
2798 611 2971 667 Mein.
2997 611 3278 684 proponit

2219 735 2429 828 Πράξω
2474 728 2543 802 δὲ
2583 745 2797 812 ταῦτα,
2821 729 2934 799 κᾶν
2974 726 3132 824 ὕδωρ
3163 735 3494 826 παραρρέῃ.

2859 860 2950 920 15.

2199 980 2541 1054 Harpocrat.
2569 979 2713 1035 Lex.
2741 976 2890 1032 rhet.
2933 992 2996 1048 p.
3027 991 3130 1048 99,
3164 971 3238 1030 25
3282 993 3295 1028 2
3329 931 3523 1050 ‘sepit
3551 972 3726 1036 ὁδός

460 1075 573 1129 quc
587 1056 823 1112 alteram
842 1069 1145 1126 personam
1159 1051 1511 1106 immiserunt
1526 1061 1659 1125 post
1678 1052 1801 1108 καθ.
1822 1051 2028 1105 Nescio
2121 1065 2260 1124 ἕπῃ,
2305 1065 2370 1136 ἣν
2415 1065 2463 1122 01
2510 1061 2706 1139 μύση,
2763 1059 3075 1140 πορεύοντα,
3121 1058 3226 1118 ἀπὸ
3269 1063 3360 1118 τοῦ
3402 1059 3604 1124 ἄστεος
3647 1061 3726 1124 ei<

460 1147 588 1220 quis
611 1162 773 1199 mane
794 1161 1020 1198 servum
1044 1139 1421 1196 dormientem
1438 1139 1603 1210 jubet
1630 1139 1944 1212 expergisci
1973 1150 2032 1194 et

459 1253 635 1310 pecus
661 1231 1034 1291 domesticum
1060 1229 1345 1285 suscitare.

1199 1369 1290 1405 11.

542 1469 788 1544 Hesych.
819 1458 1391 1543 Ἀνιρσικύόηλις
1433 1460 1585 1538 ιΚρ.
1618 1459 1674 1517 ἐν
1714 1459 1889 1536 Δραπ.
1941 1453 2028 1514 ἐπὶ

460 1555 760 1634 Λάμπωνος
808 1551 925 1632 (de
956 1571 1075 1626 quo
1110 1551 1177 1607 fr.
1228 1569 1279 1620 1,
1319 1565 1353 1604 2
1382 1548 1423 1624 ).
1457 1543 1547 1604 τὸν
1590 1543 1747 1604 αὐτὸν
1797 1541 2026 1622 ἀγύρτην

460 1643 479 1724 (
506 1647 545 1705 i.
576 1665 626 1702 e.
656 1642 1099 1708 mendicantem,
1130 1637 1233 1712 qui
1266 1637 1469 1710 stipem
1513 1633 1773 1710 colligit)
1814 1629 1905 1688 καὶ
1933 1653 2030 1688 κυ-

460 1728 715 1803 6ηλιστὴν
743 1719 888 1786 εἶπεν
904 1771 923 1798 ,
956 1715 1063 1784 οἷον
1106 1723 1263 1793 θύτην
1302 1720 1395 1779 καὶ
1438 1719 1639 1797 μάντιν·
1676 1717 1896 1790 κύὸηλιν
1924 1716 2028 1796 γὰρ

460 1819 637 1896 ἔλεγον
664 1816 753 1874 τὸν
780 1813 1029 1872 πέλεκυν.
1062 1815 1251 1886 Etym.
1280 1812 1360 1866 M.
1386 1828 1445 1884 p.
1478 1809 1538 1884 8,
1577 1827 1641 1864 11
1676 1817 1733 1864 et
1756 1808 2028 1882 integrius

460 1903 696 1982 gramm.
728 1903 907 1960 Bekk.
954 1898 1175 1958 Anecd.
1206 1915 1267 1972 p.
1320 1897 1457 1972 330,
1496 1894 1564 1952 15
1610 1912 1624 1954 :
1668 1891 2025 1972 ἁγερσικύ-

460 1989 658 2062 ὅηλιν
686 1991 790 2067 Κρ.
820 1988 873 2044 ἐν
907 1989 1007 2064 Δρ.
1039 1982 1319 2059 Λάμπωνα
1346 1980 1434 2041 τὸν
1458 1981 1669 2059 μάντιν,
1698 1983 1769 2047 ὡς
1796 1979 2024 2060 ἀγυρτὴν

462 2076 553 2135 καὶ
586 2075 764 2146 θύτην.
792 2071 1011 2145 κῦὄηλις
1036 2070 1137 2150 γὰρ
1166 2072 1195 2128 ὁ
1220 2070 1463 2136 πέλεκυς.
1500 2071 1548 2128 οῖ
1588 2067 1645 2126 δὲ
1674 2067 2026 2148 ἐγιρσικῦ-

460 2165 659 2236 6ηλιν
704 2165 757 2222 ἐν
788 2163 863 2242 τῷ
890 2158 1121 2238 δράματι
1148 2155 1428 2237 γράφουσι,
1458 2155 1546 2216 τὸν
1573 2157 1653 2236 ἐφ’
1680 2155 1862 2214 ἑαυτὸν
1890 2155 2026 2232 ἐγεί-

462 2273 617 2331 ροντα
636 2249 724 2309 τὸν
750 2247 990 2308 πέλεκυν.
1016 2249 1242 2324 Duplex
1260 2249 1435 2324 igitur
1460 2247 1726 2304 vocabuli
1744 2247 2024 2321 scriptura

456 2341 765 2400 ferebatur.

1196 2467 1290 2506 12.

536 2580 727 2640 Schol.
776 2577 1025 2634 Platonis
1071 2593 1135 2650 p.
1182 2575 1297 2632 382
1340 2573 1585 2630 Bekker.
1622 2597 1646 2624 ι
1694 2569 1771 2631 Ὃ
1828 2573 1910 2646 μ’ὐ·
1926 2575 2026 2635 Θος

461 2665 767 2725 ἀπώλετο
796 2691 821 2718 1·
854 2683 870 2724 τ
900 2661 1069 2740 τούτῳ
1096 2663 1328 2740 χρῶνται
1354 2660 1432 2739 τῷ
1466 2657 1607 2740 λόγῳ
1640 2659 1687 2716 οἱ
1714 2657 1950 2734 λέγοντές
1976 2681 2026 2716 τι

460 2745 587 2833 πρὸς
614 2752 731 2819 τοὺς
773 2750 847 2828 μὴ
898 2748 1278 2830 προσέχοντας.
1318 2744 1583 2824 μέμνηται
1620 2745 1675 2804 δὲ
1705 2748 1865 2817 αὐτῆς
1898 2747 2026 2826 (in-

460 2843 577 2899 tell.
608 2843 702 2911 τῆς
729 2833 1053 2918 παροιμίας)
1102 2833 1193 2894 καὶ
1232 2836 1337 2914 Κρ.
1362 2835 1415 2894 ἄν
1456 2837 1662 2913 Δραπ.,
1688 2833 1780 2892 καὶ
1808 2832 2027 2913 Κράτης

459 2925 663 3007 Λαμίᾳ.

1204 3039 1293 3096 13.

538 3156 793 3213 Gramm.
836 3152 1079 3210 Bekker.
1112 3152 1335 3210 Anecd.
1366 3170 1430 3227 p.
1474 3151 1613 3227 596,
1668 3158 1767 3223 24,
1822 3148 2027 3210 Ἀνει-

459 3242 761 3301 κάσασθε
796 3259 809 3295 :
839 3237 1209 3318 ἀνασκώψατε.
1236 3241 1415 3317 Δραπ.
1454 3240 1555 3318 Κρ.
1586 3242 1857 3298 Similiter
1894 3238 2026 3299 Sui-

459 3333 579 3388 dus,
628 3330 871 3404 Hesycb.
913 3325 1133 3396 εἰκάζειν
1168 3348 1184 3383 ι
1233 3326 1493 3386 σκώπτειν
1540 3330 1616 3407 τῷ
1657 3326 1872 3397 εἰκάζειν
1891 3372 1908 3401 ,
1951 3330 2025 3408 τῷ

456 3417 626 3495 λέγειν
663 3442 687 3467 σι
716 3414 890 3491 ὅμοιος
934 3405 983 3471 εἷ
1007 3414 1139 3492 τῷδε
1172 3440 1197 3465 υ
1227 3415 1421 3473 Codex
1464 3418 1735 3473 mendose
1780 3438 1893 3487 σκ.,
1923 3415 2023 3473 loi-

458 3504 660 3581 κάζειν,
692 3502 751 3561 τὸ
772 3506 827 3564 λ.
855 3504 1115 3565 Conserri
1134 3503 1305 3577 jussit
1326 3507 1497 3561 Mein.
1526 3505 1796 3580 Xenoph.
1824 3506 2023 3580 Symp.

458 3598 519 3667 6,
554 3596 611 3667 8,
656 3596 947 3669 Aristoph.
990 3596 1160 3670 Vesp.
1215 3594 1365 3651 1308
1388 3613 1572 3669 seqq„
1606 3596 1806 3651 Horat.
1836 3597 2018 3653 Serm.

465 3704 518 3753 1,
553 3684 611 3752 5,
649 3682 721 3738 56
744 3701 930 3756 seqq„
972 3684 1071 3755 qui
1110 3683 1226 3738 loci
1266 3700 1387 3737 rem
1422 3684 1685 3757 exemplo
1718 3684 2021 3739 illustrant.
2063 3757 2073 4427 Ι

1196 3810 1289 3869 ι4.

536 3927 749 3983 Zenob.
785 3928 841 3997 6,
862 3934 955 3997 24,
982 3922 1207 4003 ”Υδο)ρ
1234 3924 1600 4006 παραρρέει
1632 3924 1812 4001 :ufir-11
1836 3926 2026 3986 τάττε-

454 4036 543 4071 ται
572 4012 659 4069 ἐπὶ
698 4014 801 4069 τῶν
848 4015 908 4070 ἐκ
950 4011 1142 4077 παντὸς
1183 4010 1335 4091 ἔργου
1364 4012 1828 4092 ἐπαγγελλομένων
1864 4038 2025 4075 κατα·

454 4100 752 4181 πράξασθαι
780 4100 839 4158 τὸ
870 4100 1231 4179 προκείμενον.
1280 4100 1653 4177 μετενήνεκται
1688 4100 1744 4160 δὲ
1777 4103 1883 4161 ἀπὸ
1917 4106 2022 4163 τῶν

456 4190 557 4249 ὑπὸ
576 4190 803 4260 σπουδῆς
822 4191 893 4256 εἷς
917 4188 1099 4269 ῥέοντα
1122 4191 1283 4247 πλοῖα
1300 4188 1663 4248 εἷσὸαινόντων
1678 4192 1769 4251 καὶ
1784 4190 2022 4271 προὸαλ-

454 4277 685 4353 λομένων
704 4280 779 4356 τῷ
803 4275 1040 4356 κινδύνῳ.
1071 4279 1506 4353 μέμνηταιαῦτῆς
1534 4280 1635 4357 Κρ.
1662 4279 1716 4337 ἐν
1736 4284 1914 4359 Δραπ.
1933 4284 2023 4339 Sic

454 4369 589 4421 item
638 4368 911 4425 Proverb.
956 4365 1123 4425 Bodl.
1176 4364 1316 4440 925.
1359 4368 1677 4425 Scriberem
1725 4376 1986 4448 παραρρεῖ
2004 4412 2021 4444 ,

454 4455 559 4507 nisi
603 4453 759 4509 aliud
799 4453 1107 4526 subjiceret
1152 4455 1385 4509 Photius
1428 4457 1569 4513 Lex.
1620 4475 1680 4531 p.
1736 4456 1876 4527 615,
1931 4477 2022 4529 ιο,

452 4536 478 4559 ⁰
495 4538 635 4597 Υδω
652 4561 681 4619 ρ
717 4560 891 4616 παρα
911 4538 1025 4617 ρέῃ
1059 4560 1073 4595 τ
1108 4538 1197 4596 ἐπὶ
1237 4541 1339 4597 τῶν
1370 4541 1833 4619 ἐπαγγελλομένων
1860 4544 2020 4601 παντὶ.

1189 4710 1272 4759 10.

456 4789 603 4844 {leus
625 4795 707 4856 tu,
738 4788 1057 4845 dormisne?
1086 4804 1200 4847 non
1223 4792 1511 4852 suscitabis
1530 4810 1694 4868 pecus
1708 4797 1733 4849 i*

452 4963 645 5017 Oratio
670 4964 845 5032 periit.
1194 4887 1277 4935 ¹2.

1196 5060 1277 5110 13.

451 5133 822 5203 Perstringite.

2122 1151 2465 1214 Ἐλευσῖνα...
2497 1150 2764 1228 μέμνηται
2787 1149 2834 1208 δ’
2859 1150 3020 1220 αὐτῆς
3045 1151 3152 1227 Κρ.
3185 1149 3238 1206 ἐν
3257 1153 3434 1228 Δραπ.
3463 1151 3557 1206 De
3597 1151 3722 1206 hoc

2120 1243 2324 1298 itinere
2350 1242 2560 1297 librum
2589 1239 2974 1313 conscriptum
3005 1256 3036 1292 a
3059 1238 3369 1294 Polemone
3394 1238 3722 1315 Periegeta

2121 1329 2334 1387 ibidem
2355 1337 2769 1386 commemorat
2791 1329 2974 1400 Harp.
3003 1325 3092 1384 cf.
3114 1326 3347 1382 Meursii
3367 1326 3560 1383 Eleus.
3603 1345 3718 1395 27.

2866 1431 2954 1486 16.

2199 1549 2430 1604 Basilius
2449 1565 2550 1602 ms.
2575 1546 2730 1621 apud
2769 1544 3034 1601 Schaefer.
3063 1545 3225 1620 praef.
3259 1545 3526 1620 Gregorii
3553 1547 3712 1604 Cor.

2117 1655 2179 1709 p.
2212 1633 2310 1701 53,
2357 1630 2670 1698 Στιὸάςτ
2716 1629 3086 1709 χαμαικοίτιον
3127 1631 3182 1688 ἔν
3228 1630 3530 1710 στρατείαις
3577 1635 3718 1710 (ita

2119 1724 2298 1779 Lucas
2323 1721 2556 1778 observ.
2587 1721 2822 1796 specim.
2857 1738 2916 1790 α,
2946 1739 3010 1796 p.
3035 1720 3094 1779 8.
3130 1720 3274 1776 Cod.
3305 1715 3395 1776 καὶ
3421 1717 3714 1800 Ἀριστοφ.

2120 1809 2174 1866 ἓν
2208 1830 2396 1888 στρατ.
2439 1809 2470 1866 ὁ
2507 1806 2806 1883 κωμικός),
2848 1808 2918 1874 ὣς
2957 1806 3232 1885 Εἰρηναῖος
3287 1807 3316 1865 δ
3365 1805 3717 1879 Ἀττικιστ-ἡς

2089 1933 2104 1940 -
2119 1894 2209 1954 καὶ
2237 1893 2607 1976 Ἀριστοφάνης
2631 1896 2660 1951 ὁ
2687 1893 2947 1970 κωμικὸς,
2971 1893 3062 1953 καὶ
3085 1895 3141 1952 ἐν
3164 1898 3344 1970 Δραπ.
3380 1898 3483 1972 Κρ.

2298 2056 2452 2113 vm.
2501 2051 3110 2112 ΕΜΠΙΠΡΑΜΕΝΟΙ
3153 2053 3202 2110 H
3249 2051 3506 2112 ΙΔΑΙΟΙ.

2199 2197 2457 2258 Clemens
2479 2197 2639 2255 Alex.
2674 2196 2883 2254 Strom.
2909 2194 2970 2263 6,
3000 2213 3063 2270 p.
3110 2193 3216 2266 751
3253 2197 3469 2252 Potter.
3503 2211 3520 2252 τ
3557 2192 3709 2272 Ἀρι-

2118 2285 2379 2366 στοφάνης
2417 2283 2473 2342 δὲ
2499 2287 2529 2341 ὁ
2555 2282 2784 2360 κωμικὸς
2823 2283 2877 2341 ἐν
2905 2281 3019 2348 ταῖς
3045 2279 3278 2360 πρώταις
3311 2283 3708 2362 Θεσμοφορια-

2118 2371 2398 2444 ζούσαιςτὰ
2413 2375 2474 2432 ἐκ
2485 2373 2655 2448 τῶνζΚ
2665 2369 2870 2449 ρατίνου
2899 2369 3352 2448 Ἐμπιπραμένων
3373 2369 3706 2448 μετήνεγκεν

2117 2462 2238 2534 ἔπη.
2269 2466 2402 2520 Haec
2419 2461 2672 2520 referunt
2689 2462 2764 2517 ad
2787 2462 3131 2537 Thesmoph.
3165 2466 3277 2526 214
3311 2478 3326 2517 :
3443 2501 3450 2508 .

2198 2573 2354 2654 ’Λτᾶρ
2381 2574 2432 2633 τί
2459 2573 2664 2649 μέλλεις
2687 2573 2813 2653 δρᾷν
2842 2572 2926 2650 μ’;
2961 2573 3074 2634 ET.
3105 2570 3397 2650 Ἀποξυρεῖν
3426 2571 3573 2645 ταδὶ,

2198 2663 2266 2722 τὰ
2294 2661 2439 2722 κάτω
2462 2661 2508 2720 δ’
2535 2659 2770 2741 ἀφεύειν,

2117 2776 2222 2833 ubi
2247 2776 2425 2834 schol.
2455 2771 2575 2831 ταδί
2601 2790 2620 2834 2
2648 2771 2716 2830 τὰ
2749 2770 2942 2849 γένεια.
2973 2776 3141 2830 ταῦτα
3168 2771 3225 2830 δὲ
3266 2771 3453 2830 naen
3497 2773 3562 2830 ἐκ
3587 2775 3704 2831 τῶν

2121 2860 2324 2924 Ἰδαίων
2377 2859 2640 2941 Κρατίνου
2661 2904 2678 2933 ,
2723 2881 2900 2937 quare
2943 2862 3192 2918 fabulam
3245 2862 3460 2937 duplici
3521 2862 3704 2920 titulo

2120 2949 2502 3030 Ἐπιπράμενοι
2522 2962 2579 3006 et
2593 2946 2774 3009 Ἰδαῖοι
2787 2950 3112 3024 inscriptam
3127 2961 3349 3024 putant.
3363 2952 3566 3024 Neque
3585 2971 3703 3027 ego

2121 3038 2414 3097 intercedo
2433 3079 2450 3107 ,
2480 3039 2785 3113 quominus
2817 3038 2878 3093 id
2905 3036 3026 3107 fiat,
3057 3038 3157 3095 sed
3189 3039 3372 3095 Idaeos
3415 3039 3530 3094 dici
3573 3043 3704 3096 Da-

2121 3128 2304 3202 ctylos
2326 3127 2507 3182 Idaeos
2523 3170 2540 3197 ,
2567 3145 2684 3199 quo
2721 3128 2952 3182 nomine
2981 3128 3118 3182 alias
3150 3128 3366 3201 ubique
3393 3128 3704 3201 appellan-

2119 3228 2215 3272 tur
2240 3214 2461 3287 Cybelae
2485 3214 2763 3284 ministri,
2789 3232 2934 3289 aegre
2963 3213 3334 3289 persuadeor,
3361 3214 3703 3271 addubitat-

2120 3322 2232 3378 que
2255 3302 2318 3358 id
2343 3304 2512 3358 etiam
2536 3303 2713 3360 Mein.
2757 3304 2972 3359 Itertun
3019 3313 3414 3358 memorantur
3455 3302 3596 3358 Idaei
3639 3304 3700 3357 in

2118 3393 2249 3447 loco
2283 3402 2559 3464 corrupto
2595 3400 2653 3447 et
2693 3390 2924 3445 defecto·
2955 3390 3131 3446 schol.
3179 3390 3474 3465 Aristoph.
3525 3392 3694 3447 Eccl.

2124 3498 2271 3535 1121
2306 3498 2321 3536 :
2353 3476 2414 3533 τὸ
2441 3477 2607 3542 ἄνθος·
2634 3475 2724 3534 καὶ
2751 3479 2780 3533 ὁ
2827 3477 2926 3554 Κρ.
2977 3478 3031 3533 ἐν
3066 3476 3171 3543 τοῖς
3206 3474 3352 3544 ἰδίοις
3395 3478 3550 3556 (sic)
3600 3478 3700 3544 τὰς

2117 3564 2258 3632 θείας
2283 3563 2488 3645 μορφὰς
2513 3566 2566 3623 ἐν
2593 3564 2736 3645 ἀρχῇ
2755 3563 3020 3644 φανείσας.

2637 3708 2741 3763 ΙΧ.
2789 3704 3168 3765 ΕΥΝΕΙΔΑῙ.

2193 3848 2282 3903 De
2303 3846 2652 3903 Eunidarum
2682 3846 2915 3903 Athenis
2943 3857 3109 3921 gente
3125 3888 3143 3920 ,
3165 3864 3292 3919 quae
3315 3844 3696 3900 citharoedica

2117 3946 2174 3991 et
2196 3944 2316 3991 arte
2360 3935 2680 3991 orchestica
2714 3932 2877 4014 (vid.
2913 3935 3157 4008 Hesych.
3194 3954 3252 3994 v,
3289 3932 3566 4008 Εὗνεῖδαι)
3601 3936 3694 3987 in-

2117 4024 2340 4091 claruit,
2381 4042 2434 4075 v.
2471 4023 2732 4096 inprimis
2759 4022 2968 4077 Meurs.
3017 4024 3174 4077 Lect.
3224 4024 3344 4080 Att.
3377 4019 3435 4089 5,
3491 4040 3586 4089 10,
3633 4034 3698 4076 ct

2117 4110 2300 4165 Vales.
2329 4109 2402 4165 ad
2425 4112 2706 4182 Harpocr.
2735 4128 2794 4183 p.
2825 4109 2918 4177 34,
2947 4108 3020 4165 dc
3037 4120 3273 4164 auctore
3293 4104 3556 4182 Ἰησονίδῃ
3593 4108 3698 4164 Εὗ-

2117 4193 2226 4274 νήῳ
2262 4196 2506 4271 Bergkio
2545 4196 2833 4252 indicante
2879 4194 3204 4252 Comment.
3253 4213 3320 4269 p.
3374 4213 3472 4266 70,
3517 4196 3690 4249 Iliad.

2119 4303 2177 4361 7,
2213 4282 2352 4356 468,
2383 4293 2442 4338 et
2468 4282 2562 4353 23,
2595 4291 2734 4353 747,
2764 4283 3038 4358 Apollod.
3090 4302 3143 4355 1,
3175 4300 3236 4355 9,
3275 4301 3368 4352 ¹7·
3407 4308 3432 4331 κ
3475 4286 3562 4338 De
3605 4301 3698 4337 ar-

2115 4382 2387 4446 gumento
2412 4370 2679 4426 dramatis
2705 4371 2848 4425 nihil
2871 4369 3111 4428 definire
3137 4372 3315 4425 ausim
3337 4409 3354 4439 ,
3385 4372 3494 4425 nisi
3523 4372 3694 4444 quod

2115 4458 2436 4533 frag-menta
2477 4457 2800 4529 ostendunt,
2827 4458 2888 4513 id
2921 4458 2998 4515 ad
3039 4460 3310 4515 musicam
3351 4470 3530 4513 artem
3551 4478 3692 4533 spe-

2117 4558 2310 4603 ctasse.
2323 4548 2405 4601 Ex
2427 4546 2710 4601 Ptolemaei
2731 4546 2912 4621 [leph.
2926 4547 3056 4602 loco
3079 4564 3173 4620 ap.
3191 4544 3363 4602 Phot.
3383 4546 3527 4603 Bibl.
3551 4566 3570 4600 ι
3585 4566 3689 4617 92,

2811 4708 2818 4715 ’
2857 4716 2942 4764 14.

2113 4799 2346 4851 Faciam
2367 4796 2507 4864 herc,
2535 4799 2766 4853 etiamsi
2789 4812 2930 4867 aqua
2963 4796 3296 4869 praeterssuit.

2867 4892 2950 4940 15.

2114 4972 2212 5027 Via
2237 4984 2409 5026 sacra.

2861 5065 2942 5113 16.

2111 5147 2374 5205 stratum.
