3809 5850
1535 401 1937 464 marmus,
3276 433 3349 484 ⁴⁷

200 527 524 600 ἀλλήλοισι
587 529 872 619 μιγέντε,
927 529 1214 622 μέγιστον
1259 531 1536 600 τίκτετον
1579 537 1681 602 τύ·

1488 667 1682 728 αννον,

200 738 256 803 ὃν
277 731 354 810 δὴ
393 739 888 830 κεφαληγερέταν
925 739 1046 806 θεοὶ
1079 747 1385 808 καλοῦσιν.
1456 666 1483 732 p

113 881 238 954 Quae
259 881 338 936 sic
362 857 627 938 reddidit
649 882 881 939 Grotius
905 903 918 939 ε

190 1005 428 1076 Tempus
456 1005 696 1078 longum
727 1003 1048 1079 seditioque

186 1093 340 1148 mixti
383 1103 538 1148 coetu
564 1109 815 1166 genuere
841 1111 948 1148 suo

189 1199 472 1236 summum
507 1182 570 1234 in
595 1193 798 1236 nostra
826 1191 994 1256 gente
1024 1193 1353 1254 tyrannum3

189 1267 246 1322 di
275 1267 615 1343 Capitonem
643 1270 900 1324 vocitare
924 1269 1124 1325 solent.

115 1397 181 1450 V.
211 1413 234 1448 1
271 1394 448 1452 codd.
475 1389 710 1472 Χρόνος,
743 1395 842 1451 sed
870 1419 892 1443 ι
921 1395 1194 1450 Periclem
1223 1395 1550 1471 Olympium
1584 1415 1685 1452 eo-

116 1481 236 1536 dem
265 1501 384 1556 quo
410 1485 616 1538 Jovem
645 1482 974 1558 Olympium
1002 1493 1166 1558 patre
1195 1487 1350 1539 nasci
1381 1494 1682 1542 consenta-

111 1587 274 1624 neum
321 1581 466 1626 erat.
513 1593 540 1619 n
580 1571 672 1625 M.
707 1567 903 1626 Στάσιν
931 1567 1348 1646 (Discordiam)
1385 1571 1484 1631 Cr.
1526 1574 1682 1628 Peri-

110 1657 206 1711 clis
229 1669 471 1714 matrem
493 1656 688 1728 finxit,
713 1657 1052 1713 observante
1071 1658 1313 1733 Bergkio
1337 1660 1680 1719 Commentt.

105 1762 168 1817 p.
197 1745 334 1813 236,
363 1757 677 1820 propterea
694 1786 712 1815 ‚
740 1747 878 1818 quia
906 1763 1015 1819 per
1047 1745 1326 1818 plurimos
1351 1765 1528 1803 annos
1555 1767 1680 1823 gra-

106 1833 360 1888 vissimas
407 1835 578 1908 gessit
623 1833 950 1888 inimicitias
985 1851 1118 1888 cum
1145 1835 1412 1905 Cimone,
1455 1836 1682 1909 Thucy-

105 1919 276 1987 dide,
326 1918 667 1994 Myronide,
711 1923 1026 1990 Leocrate‚
1092 1922 1216 1976 aliis
1236 1963 1254 1996 ,
1303 1931 1361 1978 et
1407 1923 1683 1996 quamdiu

101 2007 432 2080 reipublicae
447 2007 692 2082 praefuit,
715 2008 968 2082 populus
986 2017 1044 2062 et
1071 2010 1374 2082 optimates
1393 2008 1514 2065 fere
1541 2028 1683 2064 con-

101 2099 258 2151 tinua
285 2098 412 2151 rixa
437 2095 510 2152 de
539 2095 840 2151 dominatu
869 2107 1216 2170 pugnarunt.
1261 2121 1286 2146 «ι
1314 2099 1410 2154 Vs.
1437 2097 1470 2152 3
1496 2098 1682 2154 imita-

107 2197 200 2238 tur
241 2185 604 2240 homericum
630 2201 986 2254 sermonem,
1023 2185 1185 2256 cujus
1225 2186 1484 2259 exempla
1519 2205 1674 2241 com-

101 2274 291 2346 posuit
301 2272 753 2329 Seuiusobserv.
780 2291 907 2347 cap.
937 2291 960 2327 1
975 2314 988 2326 .
1008 2272 1098 2332 Cf.
1124 2273 1678 2349 Lobeck.Aglaoph.

102 2385 162 2438 p.
197 2365 310 2420 860
337 2383 499 2440 seqq.
531 2389 556 2416 ι
581 2365 668 2424 Μ.

867 2481 919 2541 ἦ.

184 2585 352 2640 Idem
369 2583 451 2641 ih.
478 2603 600 2659 cap.
623 2557 700 2649 al.
733 2604 746 2638 :
773 2581 870 2642 Ἐν
895 2583 950 2641 δὲ
969 2591 1084 2650 ταῖς
1110 2582 1412 2664 κωμῳδίαις
1430 2583 1682 2665 Ὀμφάλη

95 2695 152 2728 τε
177 2668 310 2744 νέα,
341 2667 434 2725 καὶ
453 2668 736 2749 Δηϊάνειρα
752 2713 771 2741 ,
801 2669 892 2728 καὶ
919 2671 1079 2729 πάλιν
1096 2667 1274 2750 Ἥρα,
1303 2673 1678 2751 προσαγορεύε-

91 2781 186 2816 ται
211 2757 502 2834 (Aspasia)
518 2780 533 2793 ·
555 2758 658 2836 Κρ.
688 2757 734 2816 δ’
757 2757 1001 2835 ἄντικρυς
1027 2759 1205 2818 παλλ
1221 2756 1340 2829 ακὴ
1357 2781 1384 2816 ν
1411 2759 1574 2831 αὐτὴν
1598 2759 1686 2819 εἴ·-

97 2868 254 2925 ρηκεν
284 2848 342 2904 ἕν
361 2845 564 2913 τούτοις
575 2868 592 2882 ·

199 2973 362 3072 ᾔραν
397 2982 472 3047 τέ
503 2981 558 3047 οἱ
591 2976 908 3048 Ᾱσπασίαν
935 2980 1132 3049 τίκτει

199 3088 734 3179 Καταπυγοσύνη,

193 3196 528 3267 παλλωσῆν
559 3185 902 3258 κυνώπιδα.

99 3339 422 3393 Librorum
447 3332 618 3392 τίκτει
649 3332 741 3393 καὶ
767 3329 1205 3411 καταπυγοσύνην
1243 3334 1466 3410 egregie
1490 3352 1682 3392 emen·

94 3426 251 3480 davit
277 3425 497 3500 Bergk.
537 3424 762 3481 comm.
795 3422 1038 3496 p.‚238.
1069 3424 1162 3493 Οἳ,
1196 3424 1234 3480 ἰ.
1278 3442 1327 3480 e.
1357 3424 1431 3501 τῷ
1463 3420 1672 3502 Κρόνῳ.

91 3514 284 3569 Schol.
327 3514 480 3568 Plst.
521 3530 587 3587 p.
615 3510 722 3585 391
761 3528 778 3568 τ
807 3508 910 3588 Κρ.
933 3506 988 3567 δὲ
1031 3506 1318 3588 Ὀμφάλην
1345 3508 1524 3588 (male
1552 3510 1684 3566 libri

92 3634 168 3643 -—
195 3602 302 3677 λῃ)
336 3598 592 3677 τύραννον
621 3594 786 3667 αὐτὴν
815 3598 968 3653 καλεῖ
986 3640 1078 3666 ,...
1110 3596 1201 3654 καὶ
1226 3594 1423 3677 ’Ἦραη
1447 3595 1574 3663 ἴσως
1606 3596 1684 3654 ὅτι

89 3688 178 3743 καὶ
199 3688 478 3767 Περικλῆς
503 3684 702 3763 (Ζεὺς)
728 3682 1023 3759 Ὀλύμπιος
1040 3682 1475 3763 προσηγορεύετο.
1499 3708 1522 3733 α
1540 3685 1684 3741 Om-

89 3780 228 3831 nino
247 3776 508 3852 plurima
527 3774 602 3831 de
627 3774 727 3830 illa
743 3774 976 3830 Periclis
989 3776 1256 3849 magistra
1277 3784 1334 3829 et
1357 3774 1540 3829 amica
1555 3774 1688 3830 scri-

91 3866 260 3935 psisse
307 3874 520 3939 poetas
569 3864 852 3931 comicos,
899 3862 1052 3917 testis
1095 3874 1180 3916 est
1219 3862 1388 3917 etiam
1428 3860 1684 3917 Clemens

101 3954 257 4007 Alex.
281 3954 508 4007 Strom.
535 3956 590 4019 Ιι,
609 3967 672 4024 p.
693 3950 812 4023 609
835 3950 985 4008 Pott.
1007 3980 1082 3991 —
1103 3948 1522 4023 Cognominum
1544 3948 1686 4019 ejus-

93 4040 248 4109 modi
277 4038 615 4113 exemplum
637 4038 1088 4113 antiquissimum
1111 4037 1368 4111 praebent
1396 4038 1455 4090 in
1478 4032 1683 4092 fabulis

95 4126 244 4199 Ceyx
287 4138 352 4182 et
379 4128 678 4201 Alcyone,
703 4144 850 4200 quos
893 4128 1050 4181 Jovis
1088 4136 1142 4180 et
1183 4125 1425 4180 sunonis
1449 4126 1684 4179 nomina

96 4213 196 4266 sibi
225 4214 506 4270 indidisse
533 4224 762 4269 constat
793 4230 860 4269 ex
891 4212 1255 4288 Apollodoro
1291 4230 1343 4282 1,
1377 4230 1432 4282 7,
1467 4211 1527 4285 3,
1557 4210 1684 4267 Cle—

95 4312 280 4356 mente
305 4302 482 4358 Alex.
507 4300 762 4359 Adhort.
787 4318 850 4375 p.
887 4306 984 4371 47,
1010 4310 1068 4355 et
1093 4299 1488 4374 Aristophanis
1508 4300 1681 4354 scho-

93 4388 252 4444 liasta
273 4392 389 4448 Ατ.
417 4386 561 4446 250.
580 4412 606 4437 υ
625 4390 678 4443 Ε
690 4388 766 4443 Μ
767 4432 778 4445 .
799 4386 912 4460 Qui
925 4387 998 4445 ad
1017 4388 1304 4461 Aspasiam
1318 4387 1493 4443 refert
1514 4388 1680 4443 etiam

93 4476 338 4545 glossam
379 4476 655 4549 Hesychii
695 4475 746 4533 Τ
747 4472 1160 4553 υραννοδαίμονα
1194 4495 1208 4529 :
1257 4472 1322 4545 ἣν
1363 4472 1458 4531 οὐκ
1499 4471 1562 4529 ἄν
1605 4494 1684 4540 τις

93 4558 346 4635 τύραννον
375 4560 536 4638 μόνον
560 4560 702 4620 εἴποι
721 4606 741 4634 ,
769 4558 909 4620 ἀλλὰ
931 4562 1021 4619 καὶ
1049 4560 1294 4638 δαίμονα.

103 4783 282 4839 mixtis
309 4785 638 4859 eoi-poribus
659 4786 960 4841 maximum
983 4791 1298 4856 genuerunt
1315 4791 1610 4857 tyrannum
1630 4826 1645 4852 ‚

107 4884 266 4938 quem
289 4872 758 4945 Cephalegereten
779 4870 860 4928 dii
879 4880 1094 4929 vocant.

869 4964 904 5013 4

121 5042 186 5095 Et
203 5044 474 5103 Junonem
503 5047 553 5102 ei
577 5046 872 5117 Aspasiam
909 5002 1046 5117 parit

127 5130 452 5199 impudicitia
472 5176 488 5197 ‚

129 5213 352 5281 Wllioem
370 5220 577 5278 mainis
602 5220 794 5279 oeulis.

2536 544 2591 602 5.

1855 649 2139 723 Diogenes
2160 653 2351 710 Laert.
2400 673 2450 723 1,
2495 655 2571 710 62
2611 677 2621 710 :
2672 655 2977 728 ἐτελεύτησε
3006 657 3061 716 δὲ
3102 660 3349 742 (Solon)

1777 733 1830 788 ἐν
1877 733 2116 814 Κύπρῳ,
2151 736 2291 814 βιοὺς
2329 739 2420 812 ἔτη
2466 741 2817 818 ὀγδοήκοντα,
2847 749 3027 804 τοῦτον
3057 748 3354 831 ἐπισκήψας

1777 820 1880 886 τοῖς
1925 823 2068 888 ἰδίοις
2097 823 2187 882 τὸν
2220 827 2427 904 τρόπον,
2456 829 2781 904 ἀποκομίσαι
2821 831 2980 890 αὐτοῦ
3008 832 3074 892 τὰ
3104 836 3233 894 ὀστᾶ
3280 839 3353 905 εἷς

1779 909 2091 985 Σαλαμῖνα,
2127 911 2217 970 καὶ
2257 912 2625 994 τεφρώσαντας
2652 919 2725 984 εἷς
2762 916 2859 990 τὴν
2902 918 3083 1001 χώραν
3110 923 3349 1003 σπεῖραι·

1777 992 1890 1054 ὅθεν
1920 996 2013 1056 καὶ
2041 1001 2089 1060 K
2098 1021 2149 1080 ρ.
2179 1001 2235 1060 ἐν
2261 1009 2368 1069 τοῖς
2392 1002 2623 1084 Χείρωσί
2651 1027 2831 1086 φησιν,
2866 1005 3022 1066 αὐτὸν
3050 1013 3215 1069 ποιῶν
3249 1011 3351 1070 λέ-

1777 1106 1955 1163 γοντα,

1798 1249 1832 1284 s·
1874 1207 2054 1274 Οἰκῶ
2087 1201 2157 1276 δὲ
2188 1221 2389 1298 νῆσον,
2418 1220 2498 1290 ὡς
2537 1214 2645 1306 μὲν
2680 1217 3007 1310 ἀνθρώπων
3044 1221 3259 1315 λόγος,

1875 1315 2239 1406 ἐσπαρμένος
2267 1315 2428 1384 κατὰ
2456 1324 2654 1388 πᾶσαν
2685 1321 2943 1402 Αἴαντος
2972 1325 3177 1394 πόλιν.

1777 1449 1864 1503 De
1903 1448 2130 1504 Solonis
2166 1451 2453 1507 cineribus
2482 1472 2589 1527 per
2622 1456 2902 1512 Salamina
2945 1459 3185 1516 insulam
3224 1461 3353 1518 dis-

1775 1535 1957 1610 persis
1983 1536 2185 1594 eadem
2219 1557 2349 1594 eum
2379 1541 2555 1612 alios,
2596 1553 2715 1598 tum
2744 1545 2931 1619 ipsum
2952 1549 3313 1609 Aristotelem
3330 1594 3349 1622 ‚

1779 1623 2077 1683 tradidisse
2114 1638 2315 1683 auctor
2348 1639 2432 1684 est
2455 1630 2606 1690 Plut.
2634 1633 2869 1703 Solone,
2898 1653 3030 1711 cap.
3065 1637 3138 1694 32
3176 1659 3189 1694 :
3230 1643 3265 1710 ἡ
3294 1638 3351 1698 δὲ

1779 1708 1842 1780 δὴ
1869 1709 2129 1792 διασπορὰ
2165 1713 2580 1782 κατακαυθέντος
2608 1718 2765 1776 αὗτοῧ
2789 1721 2883 1790 τῆς
2900 1721 3091 1802 τέφρας
3112 1725 3231 1805 περὶ
3254 1725 3351 1798 τὴν

1777 1799 2119 1876 Σαλαμινίων
2162 1801 2319 1874 νῆσόν
2348 1804 2460 1861 ἐστι
2488 1801 2585 1882 μὲν
2610 1803 2697 1863 διὰ
2728 1805 2823 1878 τὴν
2852 1809 3073 1868 ἀτοπίαν
3102 1813 3351 1882 ἀπίθανος

1775 1887 2087 1948 παντάπασι
2112 1888 2203 1948 καὶ
2232 1888 2476 1967 μυθώδης
2496 1937 2513 1970 ,
2535 1891 2934 1975 ἀναγέγραπται
2961 1896 3009 1956 δ’
3033 1899 3135 1958 ὑπό
3158 1924 3215 1960 τε
3244 1903 3353 1962 ἅλ-

1776 1978 1880 2034 λων
1893 1976 2095 2056 ἀνδρῶν
2110 1975 2415 2058 ἀξιολόγων,
2436 1980 2527 2039 καὶ
2542 1981 2925 2062 Ἀριστοτέλους
2937 1990 3027 2044 τοῦ
3043 1987 3346 2069 φιλοσόφου.

1856 2203 2049 2260 Schol.
2080 2205 2333 2262 Platonis
2358 2205 2596 2264 Bekker.
2625 2226 2689 2282 p.
2730 2205 2871 2279 358,
2913 2199 2984 2266 de
3016 2211 3144 2268 lusu
3166 2214 3295 2287 pilae
3329 2231 3345 2272 ε

1774 2291 1879 2348 τῶν
1908 2281 1996 2348 οὗν
2023 2289 2313 2358 παιζόντων
2340 2297 2506 2351 ταῦτα
2540 2293 2657 2361 τοὺς
2686 2292 2781 2372 μὲν
2825 2298 3078 2363 νικῶντας
3120 2300 3351 2377 βασιλεῖς

1777 2376 1994 2437 ἐκάλουν
2024 2376 2117 2436 καὶ
2140 2376 2172 2435 8
2191 2401 2242 2436 τι
2266 2377 2329 2438 ἂν
2357 2379 2713 2460 προσέτασσον
2736 2389 2841 2450 τοῖς
2862 2382 3038 2449 ἄλλοις
3060 2384 3347 2458 ὑπήκουον,

1777 2463 1892 2532 τοὺς
1922 2466 1967 2523 δ’
1993 2465 2325 2542 ἡττωμένους
2360 2466 2523 2536 ὅνους.
2562 2471 2664 2547 Κρ.
2716 2470 2773 2528 δὲ
2800 2471 2874 2532 Χ.
2902 2470 3186 2551 χαριέντως
3218 2477 3351 2550 ὁμοῦ

1777 2551 2130 2630 ἐγκαταμίξας
2156 2552 2248 2613 καὶ
2278 2553 2375 2628 τὴν
2400 2553 2562 2623 Ὄνος
2604 2556 2767 2638 λύραν
2812 2558 3126 2639 παροιμίαν,
3170 2559 3351 2632 ἔπλεξε

1777 2640 1866 2699 τὸν
1890 2640 2042 2720 λόγον
2067 2641 2228 2712 οὕτως
2243 2665 2259 2681 ·

1876 2769 1960 2851 Ως
1994 2771 2127 2852 ὄνος
2141 2824 2161 2859 ,
2188 2753 2485 2869 ἀπωτέρω
2516 2776 2807 2851 κάθηνται
2840 2788 2951 2856 τῆς
2987 2784 3183 2874 λύρας.

1779 2903 1894 2973 τοὺς
1921 2905 2023 2987 γὰρ
2047 2909 2406 2987 ἡττωμένους,
2432 2913 2503 2980 ὥς
2529 2911 2753 2995 ἔφαμεν,
2778 2913 2922 2982 ὄνους
2945 2917 3205 2987 καθῆσθαι
3230 2913 3349 2975 ἔλε-

1777 3016 1888 3072 γον,
1916 3000 2150 3075 βασιλεῖς
2178 2998 2232 3058 δὲ
2253 2999 2371 3066 τοὺς
2394 3004 2663 3069 νικῶντας.
2684 3006 2933 3062 Eustath.
2966 3006 3041 3063 ad
3064 3007 3265 3082 odyss·
3288 3026 3349 3082 p.

1786 3084 1959 3154 1601,
1987 3092 2059 3155 44
2088 3107 2101 3141 :
2127 3083 2208 3145 ὅτι
2228 3086 2283 3144 δὲ
2300 3086 2395 3158 τὴν
2420 3087 2585 3159 αὐτὴν
2614 3089 2901 3171 (σφαῖραν)
2921 3090 3212 3159 παιζόντων
3232 3091 3351 3159 τοὺς

1779 3169 1873 3243 μὲν
1901 3175 2152 3242 νικῶντας
2180 3177 2413 3253 βασιλεῖς
2452 3176 2671 3236 ἐκάλουν
2702 3180 2772 3245 ὣς
2801 3178 2889 3237 ἐπὶ
2924 3178 3231 3257 σεμνώματι
3257 3184 3350 3239 τοῦ

1777 3256 1960 3339 ἔργου,
1993 3259 2141 3329 ὅνους
2168 3263 2221 3321 δὲ
2250 3262 2369 3331 τοὺς
2398 3264 2759 3340 ἡττωμένους,
2788 3267 3003 3339 δηλοῦσι
3025 3266 3119 3326 καὶ
3140 3266 3270 3326 αὐτὸ
3300 3269 3348 3325 οἱ

1775 3347 2029 3420 παλαιοὶ,
2059 3350 2445 3430 παραφέροντες
2470 3350 2563 3410 καὶ
2600 3352 2849 3431 χρήσεις,
2890 3353 2987 3424 τὴν
3029 3356 3125 3431 μὲν
3168 3356 3229 3413 ἔκ
3257 3360 3349 3413 τοῦ

1778 3434 1917 3493 κατὰ
1948 3433 2227 3494 ’Πλάτωνα
2268 3436 2565 3509 Θεαιτήτου
2614 3442 2699 3516 (p.
2742 3440 2886 3512 146,
2932 3442 3015 3518 A)
3070 3441 3349 3512 τοιαύτην,

1786 3549 1811 3574 α
1836 3524 1864 3581 ὁ
1886 3520 1941 3581 δὲ
1962 3521 2213 3603 ἇμαρπὶιν
2235 3525 2555 3601 καθεδεῖται,
2588 3524 2767 3607 ὥσπερ
2796 3526 2953 3607 φασὶν
2981 3529 3029 3587 οἱ
3054 3526 3351 3608 σφαιρίζον-

1777 3634 1893 3683 τες,
1943 3610 2085 3683 ὄνος,
2121 3610 2173 3678 ὃς
2202 3613 2249 3669 δ’
2290 3610 2353 3670 ἂν
2383 3610 2719 3692 περιγένηται
2748 3613 3145 3695 ἀναμάρτητος,
3194 3618 3351 3694 βασι-

1776 3700 1951 3759 λεύσει
1979 3704 2164 3777 ἡμῶν·
2202 3728 2226 3755 υ
2260 3700 2355 3773 τὴν
2386 3702 2439 3761 δὲ
2468 3702 2574 3761 ἀπὸ
2604 3704 2898 3782 Κρατίνου,
2924 3694 3031 3764 οἷον

1874 3820 2018 3896 ὄνοι
2047 3830 2343 3903 κάθηνται
2371 3840 2480 3907 τῆς
2514 3832 2693 3923 λύρας
2722 3830 3034 3924 ἀπωτέρω.

1776 3969 1962 4027 Codd.
1982 3969 2145 4025 hiatu
2168 3970 2518 4025 intolerabili
2540 3963 2696 4028 Ὄνοι
2716 3966 2973 4046 ἀπωτέρω
2994 3970 3117 4028 καθ.
3144 3969 3237 4038 τῆς
3258 3965 3353 4024 λύ-

1778 4076 1887 4133 ρας,
1914 4074 2083 4130 quem
2110 4056 2331 4111 hiatum
2347 4055 2596 4113 Meinek.
2624 4055 2883 4112 auferens
2899 4056 3154 4112 tentabat
3179 4054 3348 4129 pejo-

1774 4140 1934 4199 ribus
1951 4146 2203 4200 numeris
2224 4138 2377 4202 Ὄνοι
2397 4142 2442 4199 δ’
2464 4144 2639 4201 άπωτ.
2657 4147 2779 4201 καθ.
2810 4146 2901 4213 τῆς
2919 4141 3099 4222 λύρας.
3120 4145 3350 4199 Miscuit
3447 4198 3450 4201 .

1774 4232 1866 4291 Cr.
1893 4231 2013 4287 duo
2040 4232 2351 4307 proverbia
2374 4224 2534 4295 Ὄνος
2570 4228 2794 4302 κάθηται
2824 4243 2883 4288 et
2908 4226 3067 4297 Ὅνος
3097 4227 3284 4309 λύραν.

2542 4372 2601 4423 7·

1853 4473 2045 4532 Schol.
2076 4473 2375 4547 Sophoclis
2400 4472 2613 4548 oedip.
2649 4474 2774 4531 Col.
2823 4468 2973 4547 477⁵,
3008 4470 3173 4551 χοὰς
3198 4469 3349 4552 χόα·
3462 4532 3481 4552 s

1773 4563 1930 4617 σθαι
1984 4556 2247 4617 στάντα
2294 4556 2454 4637 πρὸς
2510 4556 2848 4637 (πρώτην)
2900 4556 2981 4617 ἔω
3028 4581 3041 4615 :
3094 4558 3223 4639 πρὸς
3251 4557 3349 4629 τὴν

2534 4784 2587 4834 5.

1775 4867 2082 4943 Habitoque
2104 4866 2370 4936 insulam,
2400 4874 2461 4925 ut
2484 4866 2734 4926 homines
2757 4866 2977 4943 quidem
2998 4876 3257 4935 narrant,

1774 4972 1995 5030 sparsus
2018 4972 2113 5029 per
2136 4963 2307 5013 totam
2332 4961 2375 5012 A
2378 4956 2515 5029 jacis
2538 4957 2795 5029 patriam.

1776 5132 1935 5190 Asini
1962 5131 2149 5189 sedent
2176 5132 2363 5203 procul
2394 5147 2425 5187 a
2456 5048 2591 5204 lyg]
