3809 5850
1249 1037 2231 1166 PRAEFATIO.

511 1641 753 1722 Quum
787 1650 954 1706 ante
985 1635 1118 1706 hos
1167 1637 1416 1730 viginti
1457 1661 1690 1708 annos
1728 1641 2141 1707 Graecorum
2186 1639 2454 1732 ingenii
2496 1655 2967 1710 monumenta
2997 1641 3069 1708 in

425 1785 635 1830 unam
675 1761 1160 1829 Bibliotleecam
1199 1759 1529 1856 colligere
1577 1761 1896 1847 institui,
1934 1776 2134 1832 tanto
2176 1763 2466 1859 incepto
2511 1763 2811 1832 minime
2861 1765 3069 1834 satis-

421 1887 680 1956 factum
716 1887 802 1954 iri
835 1885 1188 1972 intellexi,
1222 1887 1281 1955 si
1307 1910 1432 1956 eos
1470 1867 1933 1958 solummodo
1954 1940 1971 1974 ,
2001 1912 2311 1983 quorum
2346 1889 2604 1983 integri
2635 1889 2801 1958 libri
2828 1915 3072 1985 super-

415 2025 618 2096 sunt,
665 2009 1050 2104 scriptores
1092 2024 1305 2105 atque
1339 2024 1586 2104 poetas
1617 2010 2014 2106 aequalibus
2060 2009 2173 2080 his
2208 2011 2704 2082 voluminibus
2747 2013 3069 2083 include-

419 2159 593 2202 rem.
634 2138 790 2204 Non
832 2131 1188 2204 debebam
1222 2134 1418 2204 enim
1461 2135 1534 2203 in
1575 2133 1719 2203 hoc
1773 2157 2027 2229 opere,
2086 2131 2287 2228 quod
2332 2132 2423 2202 ad
2463 2135 2955 2228 promovenda
2994 2137 3067 2205 in

413 2255 646 2325 Gallia
711 2271 952 2324 nostra
1009 2254 1248 2325 studia
1311 2255 1782 2326 humanitatis
1843 2256 2163 2351 suscepi,
2220 2259 2629 2326 Graecarum
2706 2255 3069 2326 literarum

413 2379 726 2476 speciem
759 2378 1006 2448 animo
1035 2379 1419 2474 concipere
1446 2377 1660 2447 talem
1680 2431 1699 2465 ‚
1729 2377 2017 2472 qualem
2040 2375 2363 2472 vulgares
2396 2391 2465 2448 et
2498 2378 2814 2448 tralatitii
2845 2379 3070 2449 libelli

415 2503 631 2573 nobis
653 2500 1111 2572 adumbrant.
1143 2502 1464 2597 Namque
1495 2500 1645 2570 haec
1677 2498 1963 2571 illarum
1986 2500 2208 2570 hodie
2242 2515 2349 2572 est
2382 2493 2734 2589 conditiO,
2770 2517 2881 2589 ut,
2910 2527 3069 2598 quae

411 2625 810 2722 plurimum
875 2640 946 2694 et
989 2648 1218 2720 prope
1269 2622 1418 2694 sola
1472 2623 1927 2695 celebrantur
1980 2626 2281 2694 nomina
2342 2623 2863 2711 illustrissima,
2924 2618 3069 2696 sint

412 2750 615 2844 quasi
642 2747 966 2844 quaedam
989 2751 1372 2843 ἀκροπόλεων
1400 2748 1548 2818 sive
1577 2747 1879 2817 turrium
1912 2747 2343 2816 arborumve
2363 2749 2741 2818 cacumina
2762 2771 3067 2836 summa,

419 2871 638 2943 nrbes
665 2871 844 2942 olim
887 2871 1433 2943 florentissimas
1463 2885 1534 2941 et
1561 2870 1957 2940 laetissimas
2001 2869 2211 2940 silvas
2240 2869 2385 2941 lato
2412 2893 2763 2967 aquarum
2790 2865 3071 2941 diluvio

423 3012 640 3067 tectas
673 3010 746 3065 et
779 2994 1154 3089 absorptas
1193 2993 1610 3066 indicantia.
1643 2997 1829 3063 Sane
1860 2995 2199 3089 princeps
2228 3009 2300 3063 et
2345 2994 2570 3064 instar
2600 2996 2931 3065 omnium
2966 3011 3072 3065 est

421 3124 798 3204 HomeruS,
851 3133 919 3187 at
967 3142 1160 3187 unus
1210 3131 1528 3187 servatus
1579 3141 1660 3186 ex
1713 3115 1967 3211 grandi
2012 3116 2138 3186 illo
2190 3116 2407 3210 Cyclo
2456 3117 2699 3211 epico;
2744 3117 3072 3187 similiter

423 3240 809 3311 ineffabilis
860 3240 978 3309 illa
1017 3244 1206 3334 Lyrae
1248 3244 1506 3312 Graecae
1538 3238 1826 3309 ubertas
1869 3240 2158 3309 evanuit
2188 3262 2415 3335 prope
2448 3254 2593 3308 tota
2631 3255 2887 3335 praeter
2932 3264 3070 3309 una

418 3364 729 3458 epinicia
767 3361 1096 3448 Pindari;
1142 3363 1352 3457 periit
1391 3362 1744 3433 comoedia
1788 3361 2041 3457 triplex
2090 3376 2341 3457 praeter
2379 3385 2608 3429 unum
2650 3362 3069 3458 Aristopha-

421 3512 624 3573 nem;
657 3486 872 3583 periit
900 3484 1364 3581 philosophia
1400 3484 1779 3580 multiplex
1806 3498 2057 3579 praeter
2091 3483 2457 3555 Platonem
2484 3498 2554 3553 et
2582 3484 3063 3555 Aristotelem.

509 3608 704 3695 Quid
768 3606 1040 3678 multa?
1091 3632 1555 3705 quocumque
1607 3622 1674 3677 te
1735 3608 2063 3693 verteris,
2112 3614 2480 3703 specimina
2536 3607 2759 3679 modo
2804 3608 3072 3701 ingenii

414 3732 624 3825 graeci
656 3729 1159 3827 deprehendas
1195 3757 1209 3798 :
1243 3728 1455 3825 longe
1487 3728 1800 3827 plurima
1826 3754 2115 3815 eorum,
2152 3755 2311 3827 quae
2340 3726 2658 3827 benigno
2700 3728 2871 3801 flatu
2905 3756 3071 3826 pro—

415 3856 624 3925 duxit
667 3854 817 3923 haec
867 3854 1118 3923 divinoe
1150 3856 1510 3949 particula
1559 3878 1792 3938 auroe,
1857 3853 2169 3924 fatorum
2211 3854 2641 3951 disperdidit
2696 3854 3063 3949 iniquitas,

419 3977 635 4072 Atqui
669 4000 753 4045 ex
785 3974 1086 4071 perditis
1113 3974 1312 4045 hisce
1351 3976 1491 4045 nisi
1521 3975 1878 4071 praecipua
1926 3990 2117 4045 certe
2156 3977 2575 4071 cognoveris
2606 3992 2675 4046 et
2707 3978 2780 4044 in
2814 4000 3069 4046 nume-

415 4114 566 4169 rato
609 4097 911 4185 habeaS‚
967 4122 1249 4195 sperare
1300 4098 1449 4168 noli
1508 4113 1576 4169 te
1623 4097 1713 4168 ad
1767 4102 2174 4169 Graecarum
2220 4098 2585 4169 literarum
2620 4096 3069 4168 tolerabilem

411 4221 724 4317 aliquam
803 4220 1132 4291 notitiam
1197 4218 1890 4314 intelligentiamque
1970 4245 2123 4290 esse
2199 4233 2738 4315 perventurum.
2811 4224 3069 4288 Parum

410 4358 650 4413 autem
676 4343 928 4437 juvant
966 4342 1153 4412 leves
1184 4340 1612 4438 plerumque
1658 4356 1730 4412 et
1761 4341 2267 4438 perfunctoriae
2305 4342 2868 4439 descriptioneS,
2908 4365 3069 4436 quae

413 4466 528 4543 hic
575 4464 723 4536 illic
774 4464 1158 4559 jactantur,
1213 4489 1560 4559 generum
1607 4479 1822 4561 atque
1875 4488 2179 4561 operum
2232 4464 2721 4561 perditorum,
2780 4489 2934 4534 non
2985 4489 3068 4532 ex

415 4590 728 4685 ipsarum
769 4586 908 4657 illae
944 4586 1289 4682 naufragii
1335 4586 1802 4685 reliquiarum
1841 4587 2170 4683 diligenti
2215 4588 2761 4682 investigatione
2797 4586 3067 4677 ductoe,

411 4710 534 4781 sed
591 4709 962 4805 ingeniose
1025 4724 1095 4779 et
1149 4708 1669 4781 delectabiliter
1722 4708 2071 4779 confictae.
2118 4714 2354 4779 Immo
2390 4734 2619 4779 unum
2662 4734 2846 4806 saepc
2883 4710 3069 4805 frag·

409 4846 778 4918 mentum,
827 4832 898 4900 in
945 4855 1094 4925 quo
1134 4832 1480 4926 antiquus
1523 4831 1830 4926 scriptor
1881 4829 2202 4926 loquitur
2250 4832 2441 4927 ipse,
2474 4833 2857 4925 imaginem
2913 4832 3069 4925 ejus

408 4954 786 5023 certiorem
828 4952 1500 5049 distinctioremque
1545 4952 1846 5025 formam
1893 4954 1964 5023 in
2000 4953 2246 5023 animo
2295 4970 2421 5023 tuo
2460 4952 2795 5049 relinquit
2848 4978 3065 5049 quam

1735 5118 1772 5155 V
