3809 5850
456 378 529 429 os
1450 361 1863 421 COMOEDIAE
1907 358 2234 421 VETERIS
2277 360 2687 433 RELIQUIAE.

1198 502 1289 567 94-

536 612 731 667 Pollux
776 630 833 677 υ,
870 630 899 679 7
939 630 949 662 :
986 604 1149 676 τόκος,
1174 604 1369 663 τίκτει·
1419 602 1617 671 ἐπίτεξ·
1657 602 1895 682 ἐπίφορος
1939 601 2028 659 καὶ

457 701 719 769 ἐπίτοκος,
744 695 779 766 ἢ
808 694 1053 760 τικτικός.
1078 696 1342 752 τοκῶσα
1370 690 1425 749 δὲ
1458 681 1571 750 εἶπε
1604 691 1705 770 Κρ.

1192 804 1293 879 95.

538 921 698 979 Idem
728 920 811 975 ib.
844 937 913 974 10
945 938 957 971 :
998 912 1237 991 γενειῶν,
1267 912 1601 989 γενειάσκων,
1628 910 1871 989 πώγωνος
1896 914 2030 967 ὑπο-

459 1005 829 1084 πιμπλάμενος
850 1050 866 1079 ,
896 1004 931 1074 ἢ
960 1001 1338 1079 πωγωνίας,
1376 1004 1446 1067 ὡς
1487 1004 1591 1079 Κρ.

1190 1114 1289 1189 96.

540 1232 701 1289 Idem
727 1230 911 1301 ib.‚17
951 1250 963 1284 :
994 1226 1261 1307 Φρύνιχος
1300 1225 1393 1291 τὰς
1436 1222 1553 1291 νέας
1584 1221 1677 1300 μὲν
1706 1222 2035 1302 ἀφήλικας

460 1318 631 1397 λέγει,
685 1343 712 1371 α
758 1305 939 1377 ’Ἦσαν
968 1314 1021 1372 δὲ
1068 1312 1159 1373 καὶ
1198 1314 1459 1391 γυναικῶν
1514 1312 1701 1389 (fort.,
1745 1312 2033 1386 completo

460 1412 682 1465 senario
701 1449 718 1478 ‚
769 1398 1175 1485 γυναικαρίων.)
1227 1400 1475 1483 ἅφήλικες
1521 1427 1545 1453 υ
1594 1396 1938 1477 Φερεκράτης
1980 1398 2034 1456 δὲ

460 1495 557 1567 τὴν
629 1493 935 1574 γεραιτέραν
994 1489 1559 1573 ἀφηλικεστάτην,
1624 1490 1699 1553 ὡς
1759 1486 1851 1544 καὶ
1923 1488 2032 1564 Κρ.

468 1614 492 1636 «ι
532 1583 827 1665 ἀφήλικα
881 1580 1179 1661 γέροντα.
1234 1607 1257 1631 υ
1305 1583 1393 1637 lta
1431 1580 1567 1634 libri
1622 1578 1851 1651 scripti3
1894 1576 2036 1633 edit-i

460 1672 781 1753 ἀμφήλικας,
794 1667 1282 1750 ἅμφηλικεστσῖτην,
1302 1664 1599 1748 ἀμφῆλικα,
1616 1690 1639 1717 υ
1660 1684 1805 1740 quas
1826 1664 2037 1721 formas

460 1782 667 1837 graecas
702 1780 819 1817 esse
858 1771 1030 1834 negat
1075 1759 1333 1816 Lobeck.
1370 1758 1447 1813 ad
1494 1757 1705 1829 Plu-yn.
1750 1773 1813 1830 p.
1858 1754 1958 1820 84.
2005 1778 2029 1805 n

468 1854 554 1908 M.
582 1852 793 1906 Mirum
820 1861 1032 1924 tamen,
1051 1848 1266 1921 pariter
1285 1845 1541 1917 juniores
1567 1854 1625 1899 et
1648 1844 1898 1899 seniores
1926 1843 2040 1899 dici

468 1936 751 2015 ἀφήλικας,
780 1938 1092 2009 malimque
1134 1932 1253 2000 νέας
1298 1930 1631 2010 ἀμφήλικας,
1673 1934 1835 2003 quasi
1882 1932 2038 1987 dicas

462 2044 624 2081 sensu
654 2026 929 2098 nequiore
972 2022 1367 2097 metaphorico
1417 2016 1804 2098 ἀμφιελίσσας,
1852 2024 2042 2074 utrim-

462 2132 568 2185 que
595 2115 917 2188 remigum-r,
948 2121 1015 2165 ut
1052 2110 1291 2184 proprie
1316 2110 1515 2183 Eurip.
1544 2108 1702 2180 Cycl.
1745 2104 1837 2176 15,
1868 2104 2042 2183 ἅμφῆ-

465 2220 546 2276 ρες
569 2197 709 2277 δόρυ.

678 2318 711 2337 ’
1205 2326 1301 2382 97·

546 2422 703 2477 Idem
745 2422 825 2477 ib.
870 2420 945 2475 28
990 2440 1001 2473 :
1048 2419 1149 2497 Kp.
1175 2414 1230 2473 δὲ
1272 2414 1653 2491 στημονίας
1698 2415 2044 2481 κικίννους

466 2499 577 2565 εἶπε
620 2505 739 2574 τοὺς
775 2504 1000 2583 στήμονι
1026 2502 1233 2581 ὁμοίους
1276 2504 1366 2561 ὑπ’
1415 2500 1744 2582 ἰσχνότητος.
1796 2506 2037 2579 Hesych.

468 2597 643 2672 Στημ.
668 2618 777 2653 κικ.
804 2612 818 2653 :
849 2592 968 2660 τοὺς
996 2591 1254 2669 στήμοσιν
1276 2588 1503 2667 ὁμοίους.

1206 2706 1303 2779 98.

546 2820 708 2875 Idem
750 2820 829 2876 ib.
864 2824 939 2891 49
974 2838 986 2872 :
1026 2816 1203 2891 ἔλεγον
1246 2812 1301 2871 δὲ
1350 2812 1442 2871 καὶ
1484 2810 1735 2891 σύνοφρυς
1781 2810 1914 2893 ἀνὴρ
1953 2810 2046 2870 καὶ

468 2904 623 2982 γυνή·
652 2904 739 2963 τὸν
781 2902 835 2961 δὲ
876 2906 1105 2961 τοιοῦτον
1130 2900 1221 2960 καὶ
1247 2898 1572 2979 μίξοφρυν
1601 2899 1754 2958 καλεῖ
1792 2903 1820 2958 ὁ
1856 2902 1960 2979 Κρ.

550 3132 707 3186 Idem
756 3131 831 3184 ib.
865 3129 939 3198 78
973 3147 987 3185 :
1023 3127 1082 3184 τὸ
1120 3123 1320 3194 ταύτην
1354 3121 1480 3202 (τὴν
1522 3122 1780 3202 κόρυζαν)
1810 3125 2046 3205 ἀφαιρεῖν

470 3215 806 3292 ἁπομύττειν·
832 3214 891 3272 τὸ
918 3212 973 3273 δὲ
998 3213 1324 3289 οἷπεμύττετο
1348 3239 1373 3264 σι
1402 3211 1645 3282 ἔκλυζε
1673 3210 1782 3280 τὰς
1810 3213 1996 3292 ῥῖνας
2021 3239 2045 3264 ›-

469 3304 569 3386 ἔφη
620 3307 727 3382 Κρ.
777 3305 960 3378 Vulgo
1016 3299 1275 3370 ὗλίζεοθαι
1332 3297 1427 3366 τὰς
1486 3301 1539 3381 ῤ.
1592 3303 1699 3358 Ms.
1754 3303 2044 3378 Jungerm.

470 3391 642 3462 ὕλιζε,
674 3391 773 3448 sed
802 3390 947 3449 alius
977 3410 1069 3465 ap.
1118 3391 1369 3448 Cramer.
1403 3391 1623 3448 Anecd.
1666 3389 1775 3450 Ox.
1821 3393 1937 3446 vol.
1991 3411 2054 3462 2„

467 3502 528 3554 p.
560 3487 619 3554 4,
651 3479 798 3548 ἔλυζε
819 3522 834 3549 ,
877 3479 1037 3554 quod
1073 3476 1253 3544 ἔκλυζε
1286 3497 1401 3534 esse
1445 3479 1782 3535 intellexerit
1825 3479 2046 3536 Crame-

472 3589 586 3624 rus.

1194 3701 1323 3738 100.

550 3795 711 3849 Idem
750 3793 827 3850 ib.
876 3799 981 3857 124
1030 3812 1043 3849 z
1078 3791 1499 3868 μικρολογεῖσθαι
1532 3790 1735 3868 εἴρηκεν
1786 3791 2045 3863 Εὔπολις,

470 3880 561 3937 καὶ
604 3877 1176 3956 μικρολογήσομαι
1205 3879 1309 3954 Κρ.

1197 4003 1330 4040 101.

553 4063 839 4156 Idem'ib.
894 4097 1001 4154 153
1039 4118 1051 4152 :
1100 4095 1379 4176 Ἡρόδοτος
1414 4099 1508 4174 (6,
1552 4097 1699 4174 129)
1728 4098 1933 4178 εἴρηκεν
1963 4099 2050 4158 ἐπὶ
2093 4052 2096 4061 Ι

473 4184 833 4247 Ἱπποκλείδου
854 4189 943 4244 τοῦ
970 4183 1256 4258 Ἀθηναίου,
1280 4181 1398 4266 (ὅτι)
1423 4193 1528 4254 τοῖς
1545 4184 1697 4246 ποσὶν
1718 4185 2052 4267 ἐχειρονόμη·

475 4299 580 4333 eev-
610 4279 637 4332 ὁ
666 4271 720 4332 δὲ
750 4277 847 4352 Κρ.
871 4273 962 4332 καὶ
982 4274 1637 4353 χειρονομησείοντας
1675 4265 1808 4334 εἷπε.
1842 4279 2051 4335 Addidi

475 4365 585 4433 ὅτι,
618 4383 690 4419 ne
718 4363 891 4418 verba
913 4361 1017 4428 τοῖς
1040 4385 1098 4419 π.
1124 4363 1207 4440 ἐχ.
1235 4366 1413 4438 ipsius
1444 4365 1727 4422 Herodoti
1760 4385 1878 4423 esse
1902 4369 2052 4425 vide·

478 4462 691 4520 rentur,
724 4453 822 4530 qpi
853 4449 1148 4544 dixit‘toi'ci
1176 4448 1385 4508 σκέλεσι
1408 4450 1793 4530 ἐχειρονόμησε.

1204 4581 1329 4618 102.

563 4672 721 4727 Idem
744 4673 822 4727 ib.
860 4671 967 4727 188
994 4693 1006 4726 :
1030 4670 1154 4748 γόνυ
1177 4675 1211 4742 ἡ
1236 4670 1372 4748 μετὰ
1398 4671 1595 4750 μηροὺς
1616 4673 1935 4752 συγκαμπὴ,
1957 4676 2047 4754 ἀφ’

478 4749 537 4815 οἷ
565 4756 655 4816 καὶ
684 4756 743 4816 τὸ
769 4758 1159 4835 γονατίζειν
1188 4761 1456 4836 (genibus
1490 4761 1683 4842 sei-ire)
1714 4763 1863 4842 παρὰ
1900 4765 2050 4842 Κρα-

2847 492 2974 551 103.

2205 610 2362 665 Idem
2405 610 2436 663 3
2456 649 2472 677 ‚
2511 616 2577 674 14
2632 628 2644 662 ι
2694 606 2887 680 ἄπαις,
2917 606 3152 681 ἄτεκνος,
3183 604 3432 685 φιλόπαις,
3456 606 3614 684 φιλότε-

2125 718 2274 772 κνος,
2302 694 2394 753 καὶ
2417 694 2483 753 τὰ
2501 694 2685 770 ὅμοια·
2710 693 2856 773 παρὰ
2879 692 2934 753 δὲ
2963 697 3065 774 Κρ.
3099 694 3360 771 ἔμπαις·
3385 695 3614 771 πολῦπαις,

2129 785 2462 855 πολύτεκνος,
2513 780 2992 857 εὗπαις,εὗτεκνος.
3047 787 3134 840 Ita
3179 784 3303 840 cod.
3340 786 3615 860 Iungam„

2127 872 2374 945 trajectis
2396 873 2627 947 quidem
2645 873 2801 929 haud
2821 872 2994 929 dubie
3019 874 3202 929 verbis
3221 869 3455 937 πολῦπαις
3477 870 3618 928 -εὗ-
3718 882 3719 887 ’

2125 982 2326 1033 τεκνος,
2368 982 2493 1036 quae
2525 962 2826 1018 inserenda
2850 972 2980 1017 sunt
3013 973 3143 1037 post
3171 958 3456 1039 φιλότεκνος.
3477 962 3619 1036 Vulgo

2127 1043 2344 1119 Ἄπαις,
2395 1046 2588 1123 ἔμπαις
2607 1091 2623 1123 ,
2687 1047 2928 1119 ἄτεκνος,
2988 1045 3300 1127 φιλότεκνος,
3347 1044 3621 1122 μισότεκνος,
3717 1078 3719 1133 ss

2128 1134 2393 1211 μισόπαις,
2419 1134 2736 1213 φιλοτεκνία,
2757 1134 3053 1211 μισοτεκνία
3069 1180 3084 1207 ,
3106 1134 3194 1193 καὶ
3219 1132 3354 1214 παρὰ
3377 1137 3479 1212 K-qa
3498 1133 3625 1191 πολύ·
3718 1150 3719 1155 ’

2127 1245 2304 1289 τεκνος
2330 1222 2588 1289 πολύπαις
2605 1268 2621 1295 ,
2646 1222 2829 1291 εὔπαις
2857 1216 3108 1289 εὔτεκνος.
3141 1228 3246 1299 Ap.
3273 1224 3549 1281 Bekkernm
3567 1244 3625 1299 φι-

2127 1309 2342 1382 λόπαις,
2374 1310 2616 1383 ἄτεκνος,
2646 1310 2805 1380 ἅπαις
2823 1358 2840 1385 ,
2869 1310 3163 1393 φιλότεκνος
3181 1354 3198 1383 ,
3237 1310 3490 1388 μισόπαις,
3513 1311 3622 1389 φιλο·
3718 1324 3719 1345 ³

2127 1397 2336 1471 τεκνία,
2381 1397 2714 1477 μισοτεκνία,
2759 1398 3094 1476 μισότεκνος,
3129 1398 3220 1457 καὶ
3255 1395 3392 1477 παρὰ
3431 1396 3627 1477 Κρατίνῳ
3717 1392 3719 1431 ³

2130 1484 2366 1552 εὔπαις
2415 1490 2522 1559 (sic
2538 1489 2580 1563 ).
2631 1489 2928 1565 Integrum
2981 1506 3204 1545 versum
3256 1489 3452 1545 Cratini
3489 1488 3623 1543 Mein.

2127 1576 2406 1651 produxit
2421 1596 2491 1633 ex
2511 1576 2794 1652 Hesychia
2816 1597 2874 1634 v.
2904 1574 3243 1655 Ἦνδρωμένη
3265 1596 3279 1632 :
3300 1573 3464 1654 ἀνδρὸς
3479 1595 3626 1631 πεπει-

2132 1662 2360 1743 ρωμίνη.

2229 1783 2282 1855 H
2309 1796 2452 1866 παῖς
2489 1788 2602 1883 γὰρ
2636 1768 2856 1880 ἔμπαις
2886 1790 3052 1855 ἐστὶν
3081 1796 3159 1866 ὡς
3191 1779 3525 1881 ἠνδρωμέντ..

2134 2108 2194 2168 λέ
2213 2022 2370 2081 Idem
2399 2024 2480 2079 ib.
2527 2024 2601 2089 64
2652 2044 2663 2077 :
2699 1936 3039 2103 §Geli-2392<-
3083 2019 3458 2099 ἐθέλεχθρον
3483 2017 3526 2076 δὲ
3551 2019 3628 2093 Κρ.
3718 2050 3719 2053 ¹

2195 2132 2296 2183 γει.

2854 2224 2985 2279 105.

2215 2334 2377 2390 Idem
2400 2335 2480 2393 ib.
2513 2332 2588 2405 75
2624 2356 2638 2389 :
2672 2332 3019 2415 δουλοπρεπὲς
3048 2334 3108 2393 δὲ
3135 2334 3226 2393 καὶ
3253 2328 3632 2411 δουλοπρεπέστε-

2137 2442 2222 2501 ρον
2253 2420 2497 2499 Ξενοφῶν
2540 2424 2742 2497 (Mem.
2778 2443 2837 2497 α,
2870 2424 2931 2496 8,
2963 2420 3084 2503 4.),
3121 2422 3212 2481 καὶ
3253 2417 3633 2498 δουλοπρεπέ·
3718 2496 3719 2499 ¹

2139 2532 2351 2567 σταται
2384 2513 2485 2589 Κρ.

2859 2626 2987 2683 106.

2217 2734 2376 2790 Idem
2404 2736 2483 2794 ib.
2510 2755 2585 2810 92
2614 2758 2628 2791 ·.
2659 2735 2959 2814 βαδιστικὸς
2977 2737 3128 2816 παρὰ
3151 2735 3480 2816 Ἀριστοφάνει
3499 2734 3633 2810 (Rau.

2145 2823 2316 2898 128)·
2345 2820 2493 2900 παρὰ
2522 2820 2576 2881 δὲ
2620 2826 2718 2901 Κρ.
2747 2826 3216 2903 βαδισματίας.
3249 2824 3448 2882 Similia
3482 2842 3634 2897 πωγω-

2137 2907 2248 2975 νίας
2271 2910 2340 2970 fr.
2369 2910 2474 2986 93,
2502 2923 2558 2968 et
2585 2910 2870 2988 στημονίας
2892 2914 2964 2970 fr.
2993 2913 3068 2990 95
3101 2927 3386 2992 comparat
3401 2915 3549 2971 Mein.

2862 3048 2987 3101 ¹07·

2219 3137 2380 3194 Idem
2421 3138 2500 3196 ib.
2539 3139 2648 3193 106
2699 3159 2712 3195 :
2761 3136 2842 3208 εἴη
2889 3141 2936 3198 δ’
2965 3138 3029 3198 ἂν
3071 3143 3128 3200 ἐν
3168 3143 3384 3220 (addidi
3419 3137 3642 3215 praeposi·

2139 3225 2386 3301 tionem)
2414 3222 2610 3288 τούτοις
2633 3225 2723 3284 καὶ
2750 3227 3077 3296 ἔπιθανοίτως
3109 3229 3270 3309 ἔχειν,
3292 3227 3408 3300 καὶ,
3433 3231 3492 3292 ὡς
3515 3221 3640 3300 Ἣρό-
3718 3219 3719 3228 ¹

2139 3311 2282 3377 δοτος
2310 3314 2391 3389 (9,
2420 3313 2515 3389 72)
2539 3313 2870 3373 ἔδυσθανάτει
2885 3339 2898 3352 ·
2919 3307 2980 3374 οὗ
2997 3317 3059 3374 τὸ
3079 3316 3309 3376 ἐναντίον
3338 3311 3644 3374 εὐθανάτως

2141 3401 2242 3479 Kp.
2267 3399 2426 3478 λέγει.

2862 3519 2994 3579 108.

2218 3628 2375 3683 Idem
2412 3637 2468 3696 4,
2506 3629 2610 3694 184
2647 3653 2660 3684 .·
2691 3628 2832 3706 τάχα
2861 3627 2917 3686 δὲ
2945 3629 3036 3687 καὶ
3061 3631 3126 3689 τὸ
3153 3631 3553 3710 κοιλοφθαλμιᾶν,
3577 3623 3646 3678 οὐκ

2139 3712 2268 3771 ἴδιον
2307 3713 2361 3772 δὲ
2394 3717 2602 3790 (scrib.
2649 3715 2746 3791 μὲν
2773 3719 2864 3774 vel
2891 3717 2992 3796 δὴ)
3025 3719 3078 3777 ἐν
3122 3721 3401 3800 ὀφθαλμοῖς
3435 3713 3648 3794 γινόμενον

2140 3801 2348 3878 νόσημα
2365 3846 2380 3875 ,
2413 3802 2708 3878 συμὸαῑνον
2737 3803 2792 3862 δὲ
2821 3806 3178 3866 κοιλαίνεσθαι
3205 3807 3318 3873 τοὺς
3341 3799 3594 3885 ὀφθαλμοὺς
3611 3794 3648 3858 ἕξ
3718 3881 3719 3886 ¹

2139 3890 2302 3949 ἄλλου
2327 3891 2640 3967 νοσήματος.

2243 4007 2393 4081 Οὐδ’
2426 4008 2848 4100 ὑδατοποτῶν,
2883 4009 3024 4083 οὐδὲ
3068 4019 3546 4112 κοιλοφθαλμιῶν.

2146 4153 2235 4207 Sic
2257 4153 2411 4226 libri,
2439 4169 2626 4226 neque
2651 4171 2796 4226 opus
2809 4163 2894 4208 est
2911 4152 2986 4230 τῷ
3009 4153 3380 4222 ὓδατοπωτῶν,
3401 4146 3540 4224 quod
3559 4143 3654 4218 pla·

2147 4241 2262 4294 cuit
2278 4241 2532 4296 Porsono
2549 4240 2788 4296 Advers.
2809 4261 2870 4315 p.
2896 4241 3031 4310 284,
3047 4261 3230 4315 quum
3249 4239 3382 4319 ὕδωρ
3401 4235 3652 4308 ancipitem

2143 4327 2352 4383 habeat
2386 4331 2638 4403 prior-em
2671 4327 2754 4403 (v,
2783 4331 2854 4385 11.
2890 4329 2948 4398 8,
2983 4330 3122 4399 368,
3150 4331 3351 4404 Odyss.
3391 4347 3475 4398 17,
3510 4317 3656 4386 208);

2145 4416 2339 4488 itaque
2373 4416 2659 4491 producta
2704 4438 2735 4472 υ
2783 4417 2970 4473 littera
3013 4419 3174 4473 verbi
3214 4412 3524 4473 ὓδατοποτῶν
3549 4399 3656 4460 nihil

2145 4503 2459 4560 timendum
2496 4507 2567 4559 sit
2597 4515 2804 4564 metro.
2845 4507 3195 4580 Magnopere
3241 4515 3340 4560 aut
3377 4501 3567 4560 fallitur
3587 4499 3660 4546 aut

2147 4592 2484 4666 depravatus
2513 4604 2598 4648 est
2625 4595 2960 4649 Ammonius
2983 4637 3000 4666 ‚
3036 4613 3214 4665 quum
3257 4593 3396 4648 dicit
3432 4589 3498 4644 de
3521 4595 3660 4638 voca-

2146 4678 2294 4734 bulis
2321 4677 2469 4754 πόμα
2499 4687 2559 4739 et
2599 4681 2762 4755 πῶμα
2806 4697 2821 4737 :
2854 4677 2912 4736 τὸ
2941 4677 3035 4754 μὲν
3069 4679 3272 4736 ἁπλοῦν
3305 4676 3388 4736 διὰ
3419 4679 3500 4733 τοῦ
3539 4693 3564 4727 ο
3593 4687 3661 4741 μῑ·

2145 4770 2298 4860 κρφῧ’
2333 4768 2386 4824 ἐν
2417 4765 2472 4824 δὲ
2501 4766 2760 4833 συνθέτοις
2799 4765 2886 4825 διὰ
2910 4771 3002 4825 τοῦ
3029 4791 3074 4824 ω
3113 4768 3369 4844 μεγάλου,
3397 4753 3495 4822 οἷον
3527 4756 3660 4836 yellu-

478 4847 601 4926 τίνῳ
629 4848 704 4924 τῷ
730 4846 1130 4926 κωμῳδιοποιῷ.
1170 4851 1471 4924 perperam
1496 4851 1630 4907 libri
1658 4852 2042 4931 κωμῳδοποιῷ.
2093 4861 2103 4903 ¹
2143 4855 2431 4912 κτοπωτεῗν
2454 4855 2545 4912 καὶ
2573 4855 2914 4933 ὖδροπωτεῗν·
2939 4877 2995 4911 v.
3025 4857 3104 4912 ibi
3138 4855 3336 4914 Valck.

1205 5083 1323 5131 103.
1490 5127 1497 5133 .

480 5167 617 5220 Nam
648 5162 825 5236 puella
852 5162 1167 5234 progeniem
1192 5162 1377 5228 habet,
1404 5173 1593 5237 utpote
1614 5165 1787 5224 virum
1809 5177 2045 5241 experta.

3553 4986 3640 4999 ‘ur-

3323 4998 3533 5011 ,ρ’

2873 5091 2987 5142 108.

2145 5172 2334 5240 Neque
2367 5185 2564 5242 aquam
2591 5169 2782 5228 bibens
2801 5213 2814 5240 ,
2841 5188 2942 5229 nec
2964 5173 3106 5230 cavis
3130 5171 3319 5228 oeulis.
