3809 5850
591 418 628 442 O

1299 473 1924 536 ANAXANDRIDES.

3126 489 3239 539 ⁴³3

117 615 170 667 wi
215 630 374 668 versu
420 631 438 667 ι
491 608 741 681 λούσησθε
777 613 890 684 νῦν,
916 611 1016 666 sed
1048 622 1316 685 apparet,
1355 610 1577 666 nonnisi
1671 631 1730 686 p.
1771 611 1909 678 428.
1936 634 1958 662 υ
1992 612 2041 665 Ε
2064 612 2153 668 M.
2186 609 2337 668 ibid.
2387 610 2576 666 scribo
2608 613 2870 684 μενοῦν,
2903 631 3011 686 pro
3048 611 3238 687 μόνον,

117 719 186 753 im
203 699 572 772 compellari·:
599 699 813 772 alioqui
839 698 1052 752 dictum
1081 699 1338 772 oportuit
1361 696 1446 752 ἐπὶ
1475 699 1576 752 τῶν

118 785 318 844 σὼπων.
353 785 468 842 Νῦν
507 787 762 859 sequitur
797 804 854 840 v.
891 785 944 858 3,
999 787 1299 860 aptiusque
1331 785 1388 841 h.
1423 787 1462 838 l.
1498 795 1578 840 est

117 917 128 942 ,
167 887 226 928 ut
272 874 675 947 Aristophanes
718 873 868 929 Plut.
913 891 1052 946 971,
1093 869 1252 929 ἄκουέ
1291 893 1412 940 νυν,
1463 884 1571 930 etc.

117 982 142 1016 2
173 973 226 1016 et
255 961 284 1016 3
311 963 443 1017 libri
486 958 776 1038 ἐντρώγητε
805 961 1150 1036 (Schweigh.
1173 973 1231 1016 et
1256 963 1434 1021 Mein.
1481 980 1578 1016 au-

118 1071 170 1106 re
185 1053 508 1106 Hermanno
539 1053 620 1106 De
639 1061 798 1105 metr.
829 1069 888 1124 p.
927 1049 1053 1122 165,
1079 1047 1412 1126 ἐντράγητε),
1437 1047 1576 1104 παύ-

117 1159 131 1194 ε
156 1169 189 1180 -
213 1139 542 1195 διασκεδᾶτε.

767 1267 818 1320 7.

117 1358 238 1414 Idem
279 1378 338 1428 α,
367 1377 428 1434 p.
475 1357 577 1434 39,
607 1363 658 1414 Α
689 1374 704 1414 :
749 1347 866 1414 οἶδα
891 1357 937 1415 δ’
962 1355 1043 1414 ὅτι
1074 1355 1177 1416 Ἀν.
1203 1357 1262 1416 τὸ
1296 1357 1484 1438 νέκταρ
1517 1360 1574 1416 οὐ

117 1443 184 1514 bv,
207 1444 336 1502 ἀλλὰ
361 1444 564 1525 τροφὴν
588 1433 721 1502 εἶναι
747 1443 886 1521 λέγει
910 1446 1063 1502 θεῶν·

197 1591 286 1600 -
310 1553 400 1620 Τὸ
423 1554 650 1644 νέκταρ
680 1547 852 1618 ἐσθίω
883 1550 1042 1616 ποὶνυ

123 1657 376 1746 μάττων,
409 1651 676 1724 διαπίνω
707 1665 766 1724 τ’
803 1653 1163 1748 οἱμὸροσίαν,
1195 1662 1274 1732 ὡς
1301 1666 1388 1742 τῷ
1420 1657 1509 1720 Διὶ

123 1757 351 1828 διακονῶ
375 1814 394 1848 ,
427 1763 540 1830 καὶ
573 1762 783 1854 σεμνός
819 1761 938 1853 εἰμ’
973 1761 1269 1828 ἑκάστοτε

127 1859 230 1956 ᾖρᾳ
253 1875 460 1934 λαλῶν
489 1866 604 1934 καὶ
635 1861 896 1960 Κύπριδι
922 1865 1442 1959 παρακαθήμενος.

118 1995 464 2068 ,ῦαιιγῐιιεᾶεε
487 1995 650 2052 haud
673 1994 868 2052 dubie.
909 1992 1122 2072 Νὲκταρ
1162 1995 1398 2049 notione
1439 1993 1572 2064 cibi,

117 2093 311 2157 utraque
333 2080 636 2163 ιἰμὸροσίαν
664 2083 942 2157 potionis,
963 2083 1134 2138 etiam
1151 2083 1246 2137 alii
1275 2081 1566 2138 dixerunt.

117 2182 176 2228 st.
209 2171 273 2227 ad
309 2175 476 2230 Hom.
503 2193 570 2248 p.
611 2171 760 2228 1632
784 2212 802 2241 ,
851 2171 926 2226 62
964 2189 978 2225 :
1031 2167 1178 2246 παρὰ
1221 2167 1277 2226 δέ
1326 2191 1432 2226 τισι
1470 2171 1573 2226 τῶν

118 2257 246 2312 λαιῶν
269 2256 326 2314 τὸ
353 2257 542 2338 νέκταρ
580 2255 714 2334 ξηρὰ
732 2246 796 2328 ἧν
825 2257 954 2312 Θεῶν
979 2255 1184 2332 (vulgo
1205 2253 1314 2313 Θεία
1335 2256 1352 2331 )
1380 2255 1566 2336 τροφή.

117 2343 311 2422 opipera:
329 2350 448 2424 γοῦν
476 2345 620 2418 Ἀν.,
648 2344 860 2425 γράφων
889 2342 1026 2401 οὕτω
1054 2370 1078 2394 σι
1108 2342 1188 2403 Τὸ
1224 2342 1413 2422 νέκταρ
1436 2342 1574 2402 πάνυ

117 2431 226 2490 ἑττων
247 2435 389 2492 ἐσθίω
415 2435 554 2515 (sic,
601 2445 668 2489 ut
693 2434 862 2490 etiam
894 2434 1029 2492 Aah.
1061 2443 1193 2489 ante
1221 2433 1347 2492 Cas.
1388 2445 1572 2490 metro
1663 2481 1674 2490 .

118 2521 328 2601 nupto),
350 2523 496 2581 διαπ.
522 2523 580 2580 τ’
603 2518 770 2599 ἀμὸρ.
795 2519 886 2578 καὶ
913 2521 1052 2597 (sic)
1076 2523 1151 2600 τῷ
1174 2523 1240 2580 Δ.
1271 2519 1509 2578 διακονῶ.
1542 2547 1566 2572 ι»

118 2615 246 2668 notius
281 2635 336 2688 p.
379 2615 514 2690 293,
565 2624 708 2670 etv.
749 2610 1048 2690 Νικτάρεον
1091 2613 1294 2670 Suidas
1326 2631 1340 2666 :
1384 2609 1574 2689 νέκταρ

117 2699 164 2754 in
185 2700 333 2774 πόμα,
370 2704 440 2768 ὡς
477 2691 636 2766 οἶνος.
681 2697 842 2765 οὕτως
885 2699 1216 2778 (perperam
1245 2701 1378 2755 libri
1410 2698 1574 2774 πόμα,

117 2783 189 2841 tio.
206 2786 366 2856 οὕτως,
394 2790 494 2866 ὣς)
521 2787 638 2849 Ἀν.
667 2786 758 2845 καὶ
779 2785 839 2843 τὸ
857 2789 1045 2865 βρῶμα
1073 2787 1176 2842 τῶν
1203 2785 1332 2842 θεῶν
1351 2786 1380 2841 ὁ
1398 2783 1568 2850 αὐτός.

118 2876 394 2934 echestratus
415 2897 659 2953 quoque
682 2879 884 2934 Athen.
919 2895 976 2949 7,
1007 2895 1068 2951 p.
1100 2875 1235 2947 305,
1265 2877 1340 2945 E,
1373 2893 1572 2949 aprum

119 2962 234 3019 'scrin
257 2968 488 3041 appellat
515 2966 770 3043 νέκταρος
811 2964 978 3029 ἄνθος.
1001 2968 1102 3021 ‘De
1123 2966 1404 3019 ambrosia
1439 2977 1575 3038 potu

122 3055 383 3112 emon-abilis
417 3067 500 3113 est
539 3056 836 3115 Pausaniae
876 3055 1059 3131 glossa
1087 3055 1246 3112 Eust.
1287 3070 1346 3128 p.
1399 3052 1573 3125 1525,

123 3136 150 3203 ἶ,
175 3136 418 3219 ’Ᾰμὸροσία
446 3166 460 3200 :
499 3144 654 3222 γένος
689 3166 740 3201 τι
767 3143 1051 3208 συνθέσεως
1094 3141 1146 3210 ἐξ
1179 3140 1366 3207 ὕδατος
1393 3142 1576 3220 ἀκραι-

125 3229 188 3289 ῦῗις
215 3230 290 3285 καὶ
330 3230 526 3304 μέλιτος
570 3230 670 3289 καὶ
728 3230 908 3289 ἓλαίου
970 3229 1310 3309 παγκαρπίας
1353 3230 1573 3305 (malim

127 3316 384 3397 ιγιαρπίου).
411 3325 542 3379 Haec
571 3322 698 3379 fere
725 3341 796 3378 ex
823 3322 996 3378 Mein.

758 3432 814 3490 8.

141 3538 259 3595 Idem
295 3542 373 3613 15,
396 3564 452 3619 p.
477 3544 625 3619 688,
661 3543 705 3601 B
742 3564 755 3597 :
799 3541 900 3601 Ἂν.
929 3540 982 3599 δὲ
1009 3540 1095 3600 τὸν
1123 3541 1426 3617 ἀγωνιῶντα
1462 3561 1569 3595 πα-

136 3644 196 3699 γιι
215 3626 402 3704 λέγοντα

265 3782 334 3794 -
361 3730 410 3812 1⁷1
435 3744 666 3838 πονηρὰ
705 3740 928 3837 καρδία
951 3794 969 3829 ,

159 3846 551 3940 ἐπιχαιρέκακον
577 3858 662 3929 ὡς
694 3848 747 3917 εἷ
775 3848 806 3883 ⁴‘
839 3852 1014 3941 μόνον
1049 3859 1154 3915 τοῦ
1186 3852 1462 3939 σώματος
1489 3841 1502 3910 ¹.

161 3956 290 4041 ὖῐιχεῖ
312 3956 416 4049 γὰρ
458 3960 619 4035 εὐθὺς
642 4009 660 4043 ,
694 3952 771 4021 ἄν
816 3964 882 4049 μ’
917 3950 1054 4047 ἴδῃς
1084 3948 1431 4021 δεδοικότα.

145 4092 220 4133 m
237 4100 264 4136 α
287 4109 305 4131 ·
327 4105 454 4143 voce
476 4084 880 4165 ἐπιχαιρέκακος
909 4088 1078 4143 etiarn
1109 4084 1297 4140 Alexis
1327 4100 1457 4137 usus
1495 4090 1579 4135 cst

147 4166 270 4237 ¹3³²&
299 4192 353 4245 p.
379 4195 472 4249 91,
501 4196 567 4232 αι
591 4220 608 4251 ,
636 4196 810 4250 quam
833 4194 953 4231 non
980 4176 1205 4231 videtur
1233 4170 1578 4244 improbasse

149 4258 374 4337 ‚lrynichus
399 4264 568 4338 Praep.
596 4265 766 4337 soph.
802 4283 859 4337 p.
895 4270 988 4329 4¹·
1021 4267 1105 4319 De
1133 4259 1404 4317 Timoclis
1436 4256 1574 4311 dra-

151 4348 205 4394 Ἀθ
226 4344 460 4422 inscripto
487 4348 928 4429 Ἰἰπιχαιρέκακος
957 4350 1030 4409 cf.
1073 4352 1214 4405 nist.
1253 4348 1378 4402 crit.
1410 4346 1572 4399 Com.

153 4438 648 4472 *Q*—

762 4523 816 4572 7.

158 4612 196 4625 -
223 4593 386 4651 Nectar
406 4598 630 4657 libenter
647 4602 751 4659 edo

157 4664 346 4749 belum,
363 4691 410 4739 et
430 4689 660 4744 certatim
682 4698 808 4761 poto
824 4688 1170 4749 ambrosiam,
1204 4684 1462 4757 quoniam
1489 4685 1516 4737 J
1524 4698 1576 4737 ο-

1317 4772 1332 4841 Ι
1357 4770 1438 4825 vis
1456 4784 1576 4826 sum

209 4842 332 4917 ¹⁸³⁰&
355 4854 642 4931 gloriorqne
681 4860 952 4917 interdum

163 4934 378 5035 fffllloqui
399 4958 516 5000 eum
536 4948 744 5003 Iunone
766 4957 822 5005 et
842 4946 1073 5021 Cypride
1105 4943 1454 5003 assidentem.

752 5042 804 5091 8.

235 5107 272 5160 0
293 5112 564 5183 improbum
601 5136 710 5188 σοι,

219 5192 334 5286 ⁶“fles
355 5202 514 5258 solum
543 5206 698 5262 malis
725 5208 1002 5280 eorporis!

219 5275 282 5331 ihs
297 5284 417 5339 enim
440 5291 688 5347 continuo
705 5336 719 5361 ‚
739 5310 910 5366 quum
931 5310 1016 5349 me
1041 5292 1190 5347 vides
1221 5293 1430 5348 timere.

277 5384 516 5430 ffitcnu'u
560 5398 822 5437 enniconis!
851 5400 1134 5437 cnfficmmn.

1671 717 1919 772 quorum
1957 699 2369 754 vocabulorum
2422 700 2901 774 permutationem
2958 703 3243 775 attigimus

1670 804 1802 841 ann.
1830 786 1904 843 ad
1933 786 2143 861 Eupol.
2180 783 2317 844 Πόλ.
2340 784 2403 856 3,
2428 787 2571 842 Plat.
2598 785 2823 849 Σκευαῖς
2852 805 2909 842 α.
2943 791 3009 844 V.
3048 788 3078 842 3
3111 788 3243 842 libri

1669 871 1829 950 ἀρχή.
1854 875 2077 934 Canter.
2096 874 2253 952 ὀρχῇ,
2280 873 2451 933 Dind.
2477 873 2643 950 ὀρχεῑ.
2673 875 2759 930 Cf.
2788 875 3078 949 AEschylus
3096 876 3238 930 Cho.

1678 961 1951 1018 153.10n
1976 964 2177 1022 Athen.
2211 981 2263 1030 1,
2288 980 2351 1037 p.
2387 981 2487 1034 αι,
2520 965 2603 1018 A:

1752 1091 1811 1148 ἔκ
1832 1093 1937 1148 τῶν
1956 1089 2199 1148 ἀέλπτων
2222 1090 2423 1166 μᾶλλον
2447 1086 2689 1168 ὤρχησεν
2719 1087 2924 1168 φρένας,

1670 1222 1729 1279 h.
1761 1239 1814 1277 e.
1840 1225 2131 1277 commovit
2160 1225 2433 1276 am'mum.
2466 1219 2553 1275 lb.
2588 1215 2651 1272 ἅν
2682 1219 2739 1292 μ’
2774 1216 2845 1274 ἴδ.
2878 1217 2929 1276 δ.
2952 1221 3139 1293 Toup.
3172 1221 3245 1276 ad

1669 1311 1989 1386 Longinum
2012 1330 2073 1385 p.
2106 1329 2235 1384 179.
2278 1309 2435 1365 Libri
2466 1303 2529 1362 ἂν
2560 1305 2800 1384 (Mur-et.
2832 1303 2925 1383 ἢν)
2950 1305 3020 1368 ῐδ.
3056 1307 3161 1366 δεδ.

2423 1447 2481 1502 9.

1747 1552 1999 1608 Stobaeus
2016 1552 2210 1609 Floril.
2240 1549 2300 1620 6,
2331 1548 2403 1605 23
2425 1591 2442 1623 ,
2465 1565 2593 1603 cum
2624 1548 2883 1604 lemmate
2916 1544 3242 1624 Ἀναξανδρί-

1669 1637 1777 1698 δου.

1772 1749 2096 1830 Μηδέποτε
2124 1749 2334 1821 δοῦλον
2361 1749 2576 1834 ἡδονῆς
2604 1753 2824 1820 σαυτὸν
2850 1749 3029 1818 ποίει·
3056 1725 3071 1744 ”

1762 1862 1995 1956 λα’γνης
2023 1864 2299 1955 γυναικός
2329 1865 2521 1946 ἐστιν,
2552 1865 2660 1929 οὐκ
2693 1855 2903 1952 ἀνδρὸς
2927 1909 2947 1944 ,
2992 1851 3161 1924 τόδε.

1667 2013 1842 2068 Versu
1874 2028 1899 2064 1
1936 2027 2053 2064 non
2076 2008 2322 2064 deterius
2344 2007 2491 2064 soret
2510 2005 2667 2065 αὑτόν
2700 2028 2712 2063 ι
2744 2027 2801 2064 v.
2826 2005 3071 2078 AEschyli
3096 2003 3240 2062 Cho.

1667 2117 1765 2174 972
1795 2108 1908 2153 etc.
1940 2095 2249 2154 Adhaeserit
2272 2115 2304 2150 σ
2324 2097 2594 2151 vicinum.

2433 2239 2481 2275 1.

1747 2333 1903 2392 Idem
1931 2333 2011 2393 ib.
2044 2332 2144 2400 63,
2182 2351 2276 2400 10,
2304 2351 2434 2388 cum
2458 2333 2720 2388 lemmate
2744 2325 3152 2405 Ἀναξανδρίδου.

1766 2456 1927 2558 Ερως
1957 2474 2239 2556 σοφιστοῦ
2267 2462 2546 2558 γίγνεται
2576 2457 2944 2538 διδάσκαλος

1766 2581 1977 2637 σκαιοῦ
2038 2571 2193 2635 πολὺ
2234 2568 2530 2660 κρείττων
2574 2571 2716 2660 πρὸς
2775 2568 2877 2634 τὸν
2924 2566 3241 2657 ἀνθρώπων

3084 2670 3233 2756 βίον.

1673 2805 1737 2864 V.
1771 2821 1805 2860 a
1832 2801 1965 2860 cod.
2000 2801 2043 2861 A
2073 2807 2328 2881 κρεῖττον.

2414 2934 2436 2971 Ι
2454 2935 2475 2970 1
2489 2957 2506 2973 ο

1750 3032 1989 3087 Antiatt.
2016 3048 2074 3103 p.
2108 3047 2205 3103 92,
2232 3029 2303 3084 16
2332 3044 2347 3083 t
2374 3022 2469 3099 ἐμέ
2492 3020 2610 3081 ἀντὶ
2638 3025 2729 3081 τοῦ
2757 3020 3015 3098 ἐμαυτὸν,
3044 3018 3103 3078 σε’
3129 3019 3242 3079 ἀντὶ

1669 3120 1758 3175 τοῦ
1785 3116 1998 3174 σαυτόν.
2130 3115 2237 3174 Ἀν.

1765 3229 1921 3325 Ῡπὲρ
1943 3235 2011 3298 σε’
2044 3238 2104 3323 γ’
2147 3230 2327 3307 αὐτὸς
2352 3228 2572 3320 πρᾶτθ’
2606 3233 2800 3293 ὁτιοῦν
2831 3224 2906 3292 ἄν
2934 3251 3021 3292 σοι
3058 3222 3236 3319 δοκῇ,

1766 3342 1887 3433 ἐγὼ
1917 3332 1975 3403 δ’
2010 3338 2151 3428 ὑπὲρ
2182 3338 2279 3426 ἔμ’
2309 3331 2430 3400 οὖν.

1670 3486 1754 3539 Ita
1776 3484 1894 3538 haee
1924 3498 1991 3536 ex
2014 3488 2203 3534 mente
2241 3476 2631 3533 Antiatticistae
2668 3470 2967 3551 scribenda
2996 3490 3112 3526 esse
3146 3474 3241 3527 vi-

1669 3571 1969 3628 debantur.
1996 3566 2191 3623 Codex
2227 3559 2395 3640 Ὑπὲρ
2437 3564 2659 3617 σεαυτοῦ
2696 3580 2788 3635 πρ.
2822 3556 2902 3614 ὅτι
2940 3555 3002 3613 ἄν
3036 3578 3118 3612 σοι
3160 3557 3234 3625 δ.,

1669 3656 1772 3733 ἐγὼ
1799 3656 1844 3714 δ’
1864 3651 1996 3733 ὑπὲρ
2024 3655 2173 3728 ἐμοῦ.
2212 3650 2457 3709 Meinek.
2488 3650 2681 3717 ὁτιοῦν,
2709 3648 2809 3703 sed
2842 3648 2954 3701 hoc
2977 3665 3095 3701 non
3118 3646 3241 3701 sus-

1669 3745 1788 3802 ficit
1821 3742 2230 3801 emendationi.
2271 3740 2550 3796 Nimirum
2582 3746 2815 3792 notatur
2843 3736 2935 3790 hic
2964 3752 3094 3789 usus
3118 3753 3235 3789 non

1668 3836 1870 3891 atticus
1903 3832 1997 3888 τοῦ
2029 3827 2159 3909 ὑπέρ
2200 3850 2251 3885 τι
2287 3846 2395 3903 pro
2423 3822 2553 3903 ὑπέρ
2570 3845 2725 3889 τινος.
2782 3824 3105 3881 Genitivum
3146 3840 3241 3877 so-

1667 3925 1828 3978 litum
1858 3930 2181 3995 expetentes
2211 3918 2555 3991 scripserunt
2579 3915 2798 3971 σεαυτοῦ
2827 3923 2883 3968 et
2910 3912 3059 3985 ἐμοῦ.
3098 3907 3242 3965 ΡΙιι-
3305 3959 3313 3967 .

1667 4012 1828 4068 ribus
1869 4008 2143 4064 inusitatis
2180 4024 2297 4061 non
2326 4004 2599 4060 abstinuit
2617 4002 2710 4057 hic
2728 4012 2918 4077 poeta.

2418 4150 2506 4190 12.

1747 4248 2006 4306 Stobaeus
2040 4246 2234 4304 Floril.
2271 4263 2367 4317 29,
2406 4261 2495 4314 ια,
2528 4261 2657 4299 cum
2690 4242 2875 4296 lemm.
2909 4236 3235 4315 Ἀναξανδρί-

1670 4358 1780 4395 οου.

1483 4430 3225 4463 *W

2430 4503 2484 4551 9.

1667 4612 1960 4677 Nunquam
1980 4618 2196 4659 servum
2228 4600 2519 4671 voluptatis
2553 4606 2607 4654 te
2636 4598 2803 4653 facias
2834 4612 2843 4647 :

1664 4694 1964 4767 impudicae
1994 4689 2241 4745 mulieris
2259 4729 2272 4753 ‚
2308 4701 2418 4741 non
2446 4686 2572 4749 viri,
2601 4684 2705 4739 hoc
2724 4690 2821 4737 est.

2414 4812 2495 4847 lo.

1665 4912 1840 4969 Amor
1863 4905 2112 4977 imperito
2134 4902 2391 4973 magistro

1667 4994 1831 5065 longe
1853 4992 2038 5046 utilior
2060 4996 2143 5045 est
2169 4986 2459 5043 hominum
2486 4984 2627 5037 vitae.

1563 5166 1588 5181 ..
1669 5204 1752 5255 De
1790 5205 1840 5252 te
1865 5194 2089 5267 quidem
2120 5194 2230 5265 ipse
2255 5206 2373 5262 age,
2396 5196 2693 5259 utcumque
2718 5183 2811 5239 tibi
2841 5179 3121 5247 videatur-3

1667 5301 1769 5356 rgo
1795 5291 1977 5339 autem
2004 5279 2073 5337 de
2099 5296 2183 5335 ine
2211 5278 2433 5333 scilicet.

2972 5362 3029 5405 τε
