3809 5850
1485 436 1887 499 SI'RATTlS.

602 566 695 626 lv.
734 566 1119 627 ῙΦῙΓΕΡΩΝ.

104 704 161 757 V.
186 700 583 775 Apollophanis
606 702 813 757 comici
841 701 1171 777 fragmenta.

536 843 611 903 V.
659 844 1213 903 ΚΑΔΛΙΠΠΙΔΗΣ.

180 1002 201 1023 o
234 974 443 1033 Fabula
479 974 719 1030 fortasse
764 990 976 1029 nomen
1024 974 1196 1030 traxit
1222 992 1257 1029 a
1301 973 1619 1049 Callippide
1635 1019 1650 1045 ,

104 1064 482 1138 tragoediarum
536 1073 731 1119 actore
761 1062 1131 1119 celeberrimo
1148 1102 1169 1129 ,
1197 1062 1297 1135 qui
1319 1062 1651 1119 redeuntem

102 1171 161 1205 cx
179 1154 303 1207 Asia
326 1150 680 1207 Alcibiadem
704 1151 1006 1205 comitatus
1028 1161 1136 1221 est,
1170 1161 1307 1206 teste
1330 1150 1537 1208 Athen.
1558 1170 1651 1219 ια,

102 1258 155 1313 p.
186 1238 319 1308 535,
358 1242 430 1295 D.
464 1236 555 1296 Cf.
594 1237 920 1296 Schneider.
951 1238 1026 1294 ad
1056 1238 1325 1312 Xenoph.
1370 1238 1565 1311 Symp.
1600 1240 1654 1310 3,

110 1348 189 1397 ιι,
228 1326 631 1401 wyttenbach.
665 1326 741 1383 ad
785 1326 933 1385 Plut.
966 1327 1389 1401 Apophthegm.
1438 1326 1648 1401 Lacon,

104 1436 154 1489 p.
190 1416 353 1481 1154.
388 1440 413 1465 ³·
446 1416 621 1471 EM..

842 1545 889 1581 1.

168 1645 369 1702 Athen.
404 1650 501 1716 14,
524 1660 567 1717 Ρ
617 1640 764 1709 656,
802 1642 849 1696 Β
879 1658 896 1698 ε
926 1636 993 1697 τὰ
1024 1638 1079 1697 δὲ
1104 1639 1242 1697 ὀπτὰ
1261 1638 1389 1717 κρέα
1410 1640 1651 1698 καλεῖται

103 1729 335 1807 φλογίδες.
386 1730 515 1807 Στρ.
568 1732 691 1805 γοῦν
731 1730 785 1785 ἑν
836 1725 1177 1806 Καλλιππίδῃ
1218 1727 1304 1785 ἐπὶ
1342 1732 1431 1785 τοῦ
1484 1726 1651 1808 Ἥρα-

104 1819 255 1885 ιλέους
280 1817 439 1897 φησὶν

182 1971 257 1983 -
278 1932 515 2001 Αὐτίκα
546 1926 609 1999 δ’
642 1928 821 2024 (ἄρ’)
847 1936 1077 2025 ἥρπασε
1103 1931 1343 2024 τεμάχη
1363 1982 1383 2011 ,

178 2042 385 2135 θερμάς
420 2066 495 2107 τε
522 2038 751 2133 κάπρου
788 2032 1339 2133 φλόγίδας,ἔὸρυκέ
1366 2062 1433 2103 τε
1472 2032 1649 2107 πένθ’

1498 2146 1646 2237 ἅμα.

100 2280 245 2334 Forte
284 2276 371 2355 ἄρ’
390 2276 669 2332 excidisse
712 2275 943 2332 videtur
979 2286 1109 2331 ante
1142 2272 1237 2352 ἥρ·
1284 2276 1493 2346 simile,
1531 2294 1648 2332 non

98 2366 199 2420 siue
222 2364 568 2421 detrimento
595 2381 811 2421 versus.
844 2365 910 2421 V.
959 2382 993 2419 a
1028 2363 1163 2418 libri
1196 2358 1386 2440 ἔὸρυχε
1418 2382 1432 2419 :
1464 2382 1519 2419 v.
1552 2365 1644 2419 in-

100 2452 193 2507 dex
216 2452 607 2529 Aristophanis
640 2470 699 2509 v.
738 2448 984 2529 βρύκειν,
1022 2451 1201 2526 Soph.
1244 2451 1450 2509 Trach.
1495 2450 1610 2525 934
1630 2492 1646 2521 ,

102 2538 313 2597 Philoct.
360 2540 507 2613 708.
558 2541 651 2597 Ad
694 2540 1059 2613 anapaesticos
1103 2557 1370 2596 numeros
1416 2551 1649 2596 revocat

102 2630 365 2701 ticineck„
394 2630 657 2689 scribens
678 2624 982 2707 κατέὸρυξε.

834 2756 891 2796 2.

165 2856 303 2911 [dem
332 2874 387 2925 7,
420 2872 489 2930 p.
518 2854 656 2924 304,
693 2854 735 2907 B
772 2872 783 2906 :
822 2846 1135 2925 μνημονεύει
1166 2848 1219 2906 δὲ
1266 2850 1370 2905 τῶν
1426 2848 1645 2907 θυννί-

102 2941 200 2998 δων
232 2944 317 3001 καὶ
340 2945 481 3022 Στρ.
507 2943 561 2999 ἓν
593 2943 666 3000 Κ.

837 3053 896 3115 3.

160 3167 401 3229 Fortasse
428 3177 625 3246 poetae
646 3183 859 3224 nomen
880 3164 1208 3223 addendum
1228 3175 1311 3221 est
1332 3165 1441 3221 illis
1460 3165 1647 3222 Pollu·

96 3257 161 3312 cis
190 3278 273 3330 ιο,
301 3279 375 3335 29
394 3277 414 3318 t
471 3254 735 3335 Κόρημα,
776 3252 837 3312 τὸ
858 3251 1169 3333 κορούμενον
1207 3253 1261 3308 ἐν
1284 3249 1494 3322 Σκηνὰς
1523 3253 1642 3312 Κα-

96 3343 535 3422 enhaemon-one
573 3339 969 3423 Ἀριστοφάνους
990 3385 1008 3417 ,
1061 3339 1242 3417 ὥσπερ
1289 3341 1342 3398 ἐν
1390 3341 1646 3404 Καλλιπ-

98 3431 239 3510 πίδῃ·
256 3434 399 3495 Ἐπὶ
426 3438 547 3492 τοῦ
588 3429 969 3512 κορήματος
987 3429 1354 3503 καθέζομαι
1374 3427 1645 3506 χαμαί.»

100 3519 263 3580 Malim
298 3521 681 3600 probioribus
716 3520 967 3576 numeris
982 3560 1000 3591 ,
1048 3537 1195 3593 quos
1240 3519 1457 3574 librarii
1499 3537 1647 3594 saepe

99 3625 193 3664 non
218 3623 433 3687 curant,

178 3725 373 3816 Χαμαὶ
399 3716 745 3814 καθέζομαι
772 3719 868 3788 ’πὶ
898 3729 1007 3786 τοῦ
1040 3723 1189 3811 κορῆ
1192 3743 1404 3812 ματος.

102 3849 171 3908 ci.
208 3853 579 3913 lannomed.
616 3871 671 3911 1.

590 3997 699 4059 vl.
744 3996 1135 4058 ΚΙΝΗΣΙΑΣ.

166 4135 187 4160 e
217 4111 441 4172 Cinesiae
492 4112 773 4170 dramatis
816 4111 1133 4186 pleniorem
1184 4109 1413 4166 titulum
1464 4108 1640 4165 Athe-

100 4215 221 4256 naeus
249 4223 306 4278 9,
331 4223 393 4278 p.
430 4201 575 4277 396,
602 4203 687 4270 A,
714 4201 869 4268 hunc
907 4197 1075 4256 affert
1102 4219 1115 4254 ε
1143 4197 1274 4276 Στρ.
1310 4197 1362 4253 ἐν
1408 4197 1639 4256 Μακε-

100 4283 251 4344 δόσιν
274 4287 307 4360 ἢ
338 4293 515 4361 Κινη
532 4284 667 4366 σία.
690 4289 759 4344 In
780 4289 1080 4358 Cinesiam,
1108 4288 1327 4346 Meletis
1345 4285 1640 4342 citharoedi

98 4371 275 4446 fitium,
309 4391 551 4454 poetam
602 4375 1117 4450 dithyrambicum,
1171 4373 1331 4447 cujus
1384 4373 1643 4428 meminit

100 4461 231 4518 Plato
252 4467 431 4542 Gorg.
474 4487 542 4542 p.
580 4463 691 4520 501
712 4505 731 4536 ,
760 4465 836 4533 E,
868 4465 1138 4539 scriptam
1159 4461 1325 4518 fuisse
1360 4460 1637 4531 fabulam,

98 4564 271 4620 prater
316 4555 529 4613 Athen.
570 4571 667 4625 12,
706 4570 768 4628 p.
813 4550 963 4621 551,
1012 4553 1085 4622 D,
1138 4550 1308 4606 docet
1352 4551 1657 4632 Har-poen..

96 4653 147 4708 p.
166 4641 301 4700 216:
325 4642 458 4719 Στρ.
475 4639 601 4699 ὅλον
626 4639 807 4718 δρᾶμα
822 4639 1047 4709 ποιήσας
1063 4639 1137 4704 εἰς
1164 4637 1340 4709 αὐτὸν,
1362 4634 1491 4716 ὅπερ
1516 4636 1639 4693 ἐπε-

612 4822 1111 4880 CALLIPPIDES.

112 5023 153 5032 —
178 4993 351 5054 Statim
380 4998 555 5070 igitur
578 4996 763 5069 rapuit
784 4915 1011 5069 co¹padia
1042 4994 1303 5068 piscium,

110 5083 153 5129 et
172 5089 351 5141 amatas
368 5085 521 5159 capri
548 5099 745 5143 carnes
765 5125 781 5154 ‚
804 5083 1079 5158 simulque
1100 5083 1287 5140 omnia
1306 5080 1601 5139 devoravit.

114 5251 251 5309 numi
272 5257 529 5317 consideo
550 5275 715 5332 super
734 5176 930 5331 scossis.

3197 456 3311 506 293

1745 568 1920 649 γράφη
1942 568 2227 643 Κινησίας,
2253 572 2306 629 ἐν
2330 561 2376 651 ᾧ
2398 572 2488 630 καὶ
2513 572 2605 643 τὴν
2629 572 2874 631 deificam
2901 576 3058 633 αὐτοῦ
3083 576 3158 650 (ν.
3183 582 3314 634 Ari-

1747 660 1938 734 stoph.
1976 661 2122 718 Ran.
2158 658 2311 737 352)
2357 662 2625 741 κωμῳδεῖ.
2662 665 2918 737 Actaque
2961 664 3132 721 fuerit
3167 666 3316 722 inter

1748 766 1817 821 91
1854 757 1912 803 et
1939 744 2028 822 {97
2069 739 2170 805 'vel
2207 748 2284 823 98
2331 750 2716 826 olympiadem
2755 750 2904 827 (415
2957 764 3014 809 et
3065 753 3172 829 391
3224 756 3316 811 vel

1752 834 1861 905 387
1898 845 2028 891 ante
2054 835 2190 895 Chr.
2213 833 2362 913 nat.)
2382 877 2398 907 ‚
2435 838 2642 911 quibus
2671 838 2788 895 fere
2821 836 3032 895 finibus
3073 842 3316 897 circum·-

1746 924 1959 997 scripta
1985 934 2070 979 est
2093 924 2340 981 hominis
2381 926 2678 982 celebritas
2695 968 2713 997 ,
2745 926 2904 999 cujus
2930 929 3318 1002 antiquissima

1746 1012 2024 1066 memoria
2059 1021 2238 1067 exstat
2288 1012 2445 1086 apud
2489 1015 2929 1089 Aristophanem
2973 1017 3033 1070 in
3061 1017 3311 1092 Avibus,

1746 1098 2048 1154 novissima
2085 1100 2147 1153 in
2193 1100 2476 1173 Gerytade
2513 1111 2570 1157 et
2597 1102 3011 1161 Ecclesiazusis.
3057 1104 3320 1160 Mortuus

1745 1187 1920 1261 igitur
1958 1186 2186 1243 videtur
2217 1185 2544 1261 olympiade
2566 1186 2642 1262 98
2673 1206 2688 1245 ε
2723 1206 2909 1262 neque
2937 1191 3087 1246 enim
3122 1192 3320 1247 verisi-

1744 1274 1879 1329 mile
1902 1284 1987 1329 est
2008 1315 2027 1343 ,
2053 1276 2280 1351 longam
2297 1276 2352 1331 ei
2377 1275 2550 1331 vitam
2571 1276 2842 1351 obtigisse
2857 1317 2876 1347 ‚
2905 1290 3143 1353 propter
3163 1296 3320 1335 mor-

1744 1361 1851 1417 bos
1877 1373 2184 1437 perpetuos
2207 1403 2225 1434 ,
2257 1362 2466 1436 quibus
2513 1362 2846 1419 conflictans
2886 1367 3146 1439 quotidie
3189 1387 3319 1423 mo-

1753 1447 2033 1521 riebatur,
2058 1461 2124 1505 ut
2153 1451 2233 1505 ait
2272 1452 2467 1523 Lysias
2508 1468 2599 1527 ap.
2649 1452 2852 1508 Athen.
2890 1470 2976 1521 12,
3052 1494 3067 1510 .
3099 1452 3232 1525 551,
3273 1458 3319 1511 E

1746 1523 1845 1607 (ὅτι
1884 1526 1939 1585 δὲ
1971 1518 2034 1598 ἦν
2068 1526 2320 1597 Κινησίας
2341 1526 2606 1604 νοσώδης,
2640 1526 2730 1585 καὶ
2759 1526 2918 1595 δεινὸς
2944 1531 3148 1603 ταλλα,
3195 1537 3309 1591 Λυ-

1744 1615 1932 1682 σίας...
1975 1614 2188 1695 εἴρηκε,
2213 1613 2428 1696 φάσκων
2471 1614 2646 1688 αὐτὸν,
2683 1614 2940 1692 ἀφέμενον
2987 1622 3080 1688 τῆς
3125 1618 3315 1697 τέχνης

1746 1702 2230 1780 [citharoedorum
2265 1707 2429 1776 artis,
2475 1723 2650 1779 quam
2697 1708 2870 1763 etiam
2899 1708 3119 1763 Meletis
3155 1722 3317 1782 pater

1743 1794 1918 1849 Pisias
1947 1794 2251 1851 exercebat
2268 1834 2286 1863 ,
2325 1804 2390 1848 ut
2419 1794 2590 1849 tradit
2615 1795 2978 1851 Pherecrates
3004 1797 3063 1851 in
3097 1797 3318 1853 scholio

1743 1880 1817 1935 ad
1840 1884 1944 1939 Ar.
1982 1886 2088 1937 Av.
2124 1876 2276 1959 859]
2319 1887 2659 1959 συκοφαντεῖν
2689 1880 2782 1938 καὶ
2826 1884 2886 1939 ἔκ
2925 1878 3108 1940 τούτου
3153 1884 3318 1939 πλου-

1742 1974 1879 2038 τεῖν,
1928 1968 2093 2047 etc.).
2138 1970 2504 2029 Pherecrates
2547 1970 2701 2044 apud
2753 1970 2902 2029 Plut.
2955 1973 3041 2027 De
3103 1974 3316 2028 musica

1741 2075 1803 2131 p.
1833 2076 1855 2111 1
1872 2065 2003 2128 141,
2031 2058 2098 2127 Ε,
2123 2058 2400 2114 Ciuesiam
2427 2058 2488 2113 in
2507 2059 2793 2131 primariis
2821 2060 3078 2115 masculae
3099 2062 3314 2134 simpli·

1744 2145 1938 2219 cisque
1965 2147 2102 2201 artis
2133 2146 2569 2219 corruptoribus
2593 2157 2874 2205 numerat.
2916 2149 3001 2203 De
3025 2146 3175 2203 foeda
3197 2146 3318 2219 ejus

1740 2234 2062 2290 macilentia
2087 2253 2139 2293 v.
2170 2231 2423 2290 Platonis
2451 2235 2655 2291 comici
2682 2237 2890 2292 Incert.
2932 2255 2986 2294 α.
3030 2260 3054 2286 n
3089 2238 3139 2291 E
3163 2238 3246 2293 Μ.

2513 2388 2561 2425 1.

1820 2476 2026 2533 Pollux
2055 2484 2108 2548 4,
2139 2478 2248 2552 169
2278 2498 2290 2530 :
2331 2477 2390 2533 οὗ
2421 2474 2574 2551 μόνον
2605 2474 2658 2533 δὲ
2695 2471 2891 2545 κοτύλη
2919 2475 3010 2533 καὶ
3042 2477 3214 2555 ὑγρῶν
3249 2466 3312 2545 ἧν

1740 2562 1833 2623 καὶ
1855 2562 2026 2644 ξηρῶν
2056 2562 2267 2643 μέτρον,
2297 2565 2368 2631 ὣς
2399 2564 2728 2642 πολλαχόθεν
2759 2568 2794 2634 ἡ
2831 2562 3086 2645 κωμῳδία
3115 2566 3314 2636 ὑποδη·

1742 2653 1855 2724 λοῖ,
1883 2650 2023 2711 ἀλλὰ
2071 2650 2162 2709 καὶ
2191 2650 2430 2732 κόφινος,
2461 2650 2649 2731 μέτρον
2696 2648 2978 2722 Βοιιῖιτιον,
3015 2650 3177 2731 ἄμφω
3221 2676 3314 2729 με·

1741 2744 1913 2821 τροῦν.
1943 2742 2072 2820 Στρ.
2100 2744 2226 2817 γοῦν
2253 2762 2407 2821 φησιν
2443 2742 2496 2799 ἐν
2519 2742 2594 2819 τῷ
2619 2741 2850 2820 Κινησίᾳ

1848 2902 1881 2937 ε(
1919 2870 2011 2940 Τὰ
2044 2862 2104 2938 δ’
2139 2868 2336 2963 ἅλφιθ’
2368 2877 2509 2963 ὑμῖν
2539 2878 2667 2948 πῶς
2705 2874 3017 2958 ἐπώλουν,
3063 2874 3122 2956 β.
3161 2872 3314 2938 Τετ-

3120 2977 3316 3069 τάρων

1838 3075 2126 3176 δραχμῶν
2160 3085 2432 3174 μάλιστα
2463 3085 2567 3149 τὸν
2601 3083 2861 3176 κόφινον.
2895 3108 2951 3149 α.
2977 3082 3059 3149 Τί
3085 3085 3316 3176 λέγεις,

3115 3190 3314 3280 μέτρῳ

1838 3299 2102 3388 ἐχρῶντο
2129 3294 2392 3385 κοφίνῳ,

1739 3433 1817 3505 *ἢ
1856 3435 1976 3512 (hic
2010 3437 2070 3491 in
2099 3437 2320 3510 optimo
2363 3435 2494 3495 cod.
2526 3435 2709 3492 Paris.
2741 3432 2942 3490 lacuna
2970 3451 3174 3489 novem
3210 3433 3322 3490 (le--

1740 3543 1936 3582 cemve
1961 3522 2288 3601 literarum)
2317 3524 2407 3580 τοῦ
2441 3519 2589 3579 ταῦθ’
2615 3520 2738 3597 (ed.
2771 3521 2948 3578 Bekk.
2991 3521 3129 3578 τοῦτ’
3161 3515 3307 3596 αὕθ’)

1738 3611 1817 3670 ὅτι
1848 3609 1958 3692 (al.
1983 3609 2104 3688 ὅτε)
2136 3608 2274 3669 οἴνου
2302 3609 2508 3689 κόφινος
2535 3607 2818 3684 δυνάμενος
2839 3614 2977 3685 τρεῖς
3013 3606 3145 3685 χόας
3165 3628 3301 3686 πυρ-

1740 3700 1841 3776 ρῶν
1865 3695 2038 3756 ταύτὰ
2063 3697 2176 3764 ταῖς
2203 3695 2434 3775 κοφίναις
2473 3697 2561 3774 (in
2587 3697 2678 3754 ed.
2725 3695 2901 3752 Bekk.
2950 3695 3160 3772 πυρρῶν
3189 3696 3303 3761 ταῖς

1737 3783 1972 3866 κοφίναις
2019 3783 2186 3844 ταύτὰ
2222 3789 2393 3843 ταῦτα
2435 3781 2772 3860 δυνάμενος).
2811 3807 2836 3833 ⁸·
2879 3784 3014 3839 Haec
3042 3800 3101 3838 se
3137 3801 3307 3858 expe-

1737 3877 1861 3933 dire
1897 3886 2068 3952 negat
2096 3875 2295 3947 Mein„
2326 3893 2514 3949 neque
2550 3874 2648 3930 alii
2683 3871 2987 3944 juvarunt,
3014 3871 3121 3926 nisi
3147 3871 3310 3946 quod

1736 3963 1914 4042 πυρῶν
1929 3964 2274 4041 'ponendum
2304 3981 2424 4020 esse
2458 3963 2878 4020 intellexerunt.
2910 3963 3166 4018 Fortasse
3191 3962 3304 4019 Str.

1735 4060 1881 4117 dixit

1832 4196 2090 4286 ἐχρῶντο
2109 4191 2366 4284 κοφίνῳ;
2387 4193 2450 4258 τί
2480 4187 2643 4274 τόδ’,
2673 4195 2776 4258 ὅτ’
2799 4191 2960 4259 οἴνου
2985 4187 3309 4284 δυνάμενος

1831 4299 2068 4389 κόφινος
2116 4298 2264 4391 χόας
2325 4303 2517 4390 τρεῖς,
2577 4306 2698 4363 τῶν
2748 4322 2816 4364 τε
2875 4305 3072 4389 πυρῶν
3118 4295 3311 4363 ταύτὰ

3108 4427 3266 4494 τρεις
3285 4426 3308 4480 ,·

1733 4549 1852 4606 scil.
1884 4554 2026 4626 τρεῖς
2053 4545 2255 4629 κόφινοι
2283 4548 2464 4625 πυρῶν
2492 4560 2765 4622 quattuor
2810 4548 3108 4608 drachmis.
3141 4547 3310 4606 Glos-

1734 4654 1886 4694 sema
1908 4633 2106 4715 κόφινοι
2131 4647 2466 4710 corruptum
2491 4646 2593 4694 est.

2347 4818 2696 4876 CINESIAS.·

1738 4920 1787 4960 a.
1814 4904 1920 4962 Sed
1969 4904 2306 4962 frumentum
2349 4905 2504 4962 vobis
2548 4903 2822 4977 quomodo
2866 4903 3208 4960 vendebant?
3252 4904 3304 4958 b.

3005 4992 3309 5062 [Quattuor

1736 5079 1970 5135 maxime
1999 5077 2274 5134 drachmis
2300 5077 2619 5150 cophinum.
2649 5093 2698 5134 a.
2729 5077 2879 5132 Ain?
2909 5089 3162 5132 mensura

1734 5165 2032 5222 utebantur
2054 5163 2323 5237 cophino?
2351 5163 2482 5236 quid
2508 5162 2642 5230 hoe,
2674 5160 2896 5233 quando
2923 5161 3032 5216 vini
3060 5161 3276 5234 capiens

1736 5253 2004 5326 cophinus
2025 5251 2190 5310 choas
2209 5259 2321 5309 tres
2335 5291 2350 5318 ‚
2375 5249 2648 5322 tritieique
2676 5248 2860 5306 itidem
2881 5251 3021 5306 tres?
