<?xml version="1.0" encoding="UTF-8"?>
<!DOCTYPE html PUBLIC "-//W3C//DTD XHTML 1.0 Transitional//EN"
    "http://www.w3.org/TR/xhtml1/DTD/xhtml1-transitional.dtd">
<html xmlns="http://www.w3.org/1999/xhtml" xml:lang="en" lang="en">
 <head>
  <title>
</title>
<meta http-equiv="Content-Type" content="text/html;charset=utf-8" />
  <meta name='ocr-system' content='tesseract 3.04.00' />
  <meta name='ocr-capabilities' content='ocr_page ocr_carea ocr_par ocr_line ocrx_word'/>
</head>
<body>
  <div class='ocr_page' id='page_1' title='image "./poetarumcomicor01hunzgoog_0412.png"; bbox 0 0 3809 5850; ppageno 0'>
   <div class='ocr_carea' id='block_1_1' title="bbox 511 626 2076 1755">
    <p class='ocr_par' dir='ltr' id='par_1_1' title="bbox 511 626 2076 1755">
     <span class='ocr_line' id='line_1_1' title="bbox 650 626 1910 722; baseline -0.003 -26"><span class='ocrx_word' id='word_1_1' title='bbox 650 642 759 709; x_wconf 78' lang='grc' dir='ltr'><strong>τῆς</strong></span> <span class='ocrx_word' id='word_1_2' title='bbox 797 631 905 722; x_wconf 79' lang='grc' dir='ltr'><strong>μὲν</strong></span> <span class='ocrx_word' id='word_1_3' title='bbox 937 630 1237 705; x_wconf 74' lang='grc' dir='ltr'>Θαλάττης</span> <span class='ocrx_word' id='word_1_4' title='bbox 1269 626 1705 693; x_wconf 85' lang='grc' dir='ltr'>ἀντιποιεῖσθαί</span> <span class='ocrx_word' id='word_1_5' title='bbox 1741 654 1910 704; x_wconf 79' lang='grc' dir='ltr'>τινας</span> 
     </span>
     <span class='ocr_line' id='line_1_2' title="bbox 649 731 1933 829; baseline -0.003 -27"><span class='ocrx_word' id='word_1_6' title='bbox 649 742 847 829; x_wconf 80' lang='grc' dir='ltr'>ὑμῶν,</span> <span class='ocrx_word' id='word_1_7' title='bbox 883 734 1228 801; x_wconf 78' lang='grc' dir='ltr'>ἀναλίσκειν</span> <span class='ocrx_word' id='word_1_8' title='bbox 1273 758 1344 799; x_wconf 83' lang='grc' dir='ltr'><strong>τε</strong></span> <span class='ocrx_word' id='word_1_9' title='bbox 1371 731 1578 800; x_wconf 70' lang='grc' dir='ltr'>πολλὰ</span> <span class='ocrx_word' id='word_1_10' title='bbox 1610 738 1933 827; x_wconf 67' lang='grc' dir='ltr'>χρήματα,</span> 
     </span>
     <span class='ocr_line' id='line_1_3' title="bbox 652 828 2068 936; baseline -0.001 -28"><span class='ocrx_word' id='word_1_11' title='bbox 652 840 800 931; x_wconf 81' lang='grc' dir='ltr'>ὄψου</span> <span class='ocrx_word' id='word_1_12' title='bbox 820 834 891 908; x_wconf 76' lang='grc' dir='ltr'>δὲ</span> <span class='ocrx_word' id='word_1_13' title='bbox 925 828 1116 932; x_wconf 74' lang='grc' dir='ltr'>μηδὲν</span> <span class='ocrx_word' id='word_1_14' title='bbox 1151 835 1370 933; x_wconf 66' lang='grc' dir='ltr'>μήποτ’</span> <span class='ocrx_word' id='word_1_15' title='bbox 1405 838 1672 907; x_wconf 75' lang='grc' dir='ltr'>εἰσπλεῖν</span> <span class='ocrx_word' id='word_1_16' title='bbox 1711 830 1868 932; x_wconf 81' lang='grc' dir='ltr'>μηδὲ</span> <span class='ocrx_word' id='word_1_17' title='bbox 1892 850 2020 936; x_wconf 96' lang='grc' dir='ltr'>γρῦ.</span> <span class='ocrx_word' id='word_1_18' title='bbox 2064 866 2068 871; x_wconf 81' lang='grc'>’</span> 
     </span>
     <span class='ocr_line' id='line_1_4' title="bbox 650 935 1942 1038; baseline -0.002 -26"><span class='ocrx_word' id='word_1_19' title='bbox 650 946 731 1012; x_wconf 85' lang='grc' dir='ltr'><strong>Τί</strong></span> <span class='ocrx_word' id='word_1_20' title='bbox 753 944 852 1013; x_wconf 75' lang='grc' dir='ltr'><strong>οὖν</strong></span> <span class='ocrx_word' id='word_1_21' title='bbox 885 944 1098 1038; x_wconf 79' lang='grc' dir='ltr'>ὄφελος</span> <span class='ocrx_word' id='word_1_22' title='bbox 1132 952 1254 1009; x_wconf 90' lang='grc' dir='ltr'><strong>τῶν</strong></span> <span class='ocrx_word' id='word_1_23' title='bbox 1281 942 1619 1036; x_wconf 81' lang='grc' dir='ltr'>νησιάρχων</span> <span class='ocrx_word' id='word_1_24' title='bbox 1648 943 1816 1027; x_wconf 71' lang='grc' dir='ltr'>ε’στί,</span> <span class='ocrx_word' id='word_1_25' title='bbox 1800 935 1942 1010; x_wconf 72' lang='grc' dir='ltr'>’δεῖ</span> 
     </span>
     <span class='ocr_line' id='line_1_5' title="bbox 520 1045 2076 1142; baseline -0.003 -25"><span class='ocrx_word' id='word_1_26' title='bbox 520 1045 597 1119; x_wconf 80' lang='grc'><strong>15</strong></span> <span class='ocrx_word' id='word_1_27' title='bbox 651 1052 812 1142; x_wconf 73' lang='grc' dir='ltr'>νόμῳ</span> <span class='ocrx_word' id='word_1_28' title='bbox 829 1056 1226 1117; x_wconf 85' lang='grc' dir='ltr'>κατακλεισαι</span> <span class='ocrx_word' id='word_1_29' title='bbox 1242 1058 1420 1117; x_wconf 89' lang='grc' dir='ltr'>τουτο</span> <span class='ocrx_word' id='word_1_30' title='bbox 1431 1054 2076 1142; x_wconf 74' lang='grc' dir='ltr'>,παραπομπῆνποιεῖν</span> 
     </span>
     <span class='ocr_line' id='line_1_6' title="bbox 651 1144 1961 1250; baseline -0.002 -27"><span class='ocrx_word' id='word_1_31' title='bbox 651 1166 776 1223; x_wconf 88' lang='grc' dir='ltr'><strong>τῶν</strong></span> <span class='ocrx_word' id='word_1_32' title='bbox 802 1154 1040 1250; x_wconf 72' lang='grc' dir='ltr'>ἰχθύων·</span> <span class='ocrx_word' id='word_1_33' title='bbox 1076 1154 1198 1220; x_wconf 79' lang='grc' dir='ltr'>νυνὶ</span> <span class='ocrx_word' id='word_1_34' title='bbox 1228 1144 1270 1219; x_wconf 87' lang='grc' dir='ltr'>δ</span> <span class='ocrx_word' id='word_1_35' title='bbox 1275 1154 1300 1219; x_wconf 76' lang='grc' dir='ltr'>ὲ</span> <span class='ocrx_word' id='word_1_36' title='bbox 1335 1153 1563 1221; x_wconf 86' lang='grc' dir='ltr'>Μάτων</span> <span class='ocrx_word' id='word_1_37' title='bbox 1598 1159 1961 1248; x_wconf 86' lang='grc' dir='ltr'>συνηρπακεν</span> 
     </span>
     <span class='ocr_line' id='line_1_7' title="bbox 652 1259 1806 1353; baseline -0.003 -24"><span class='ocrx_word' id='word_1_38' title='bbox 652 1264 790 1340; x_wconf 81' lang='grc' dir='ltr'>τοὺς</span> <span class='ocrx_word' id='word_1_39' title='bbox 827 1262 1060 1346; x_wconf 78' lang='grc' dir='ltr'>ἁλιέας,</span> <span class='ocrx_word' id='word_1_40' title='bbox 1089 1260 1193 1327; x_wconf 89' lang='grc' dir='ltr'><strong>καὶ</strong></span> <span class='ocrx_word' id='word_1_41' title='bbox 1221 1259 1551 1353; x_wconf 86' lang='grc' dir='ltr'>Διογείτων</span> <span class='ocrx_word' id='word_1_42' title='bbox 1581 1262 1650 1335; x_wconf 74' lang='grc' dir='ltr'><strong>νὴ</strong></span> <span class='ocrx_word' id='word_1_43' title='bbox 1685 1260 1806 1326; x_wconf 89' lang='grc' dir='ltr'><strong>Δία</strong></span> 
     </span>
     <span class='ocr_line' id='line_1_8' title="bbox 653 1364 1933 1458; baseline -0.003 -25"><span class='ocrx_word' id='word_1_44' title='bbox 653 1367 924 1444; x_wconf 76' lang='grc' dir='ltr'>ἅπαντας</span> <span class='ocrx_word' id='word_1_45' title='bbox 956 1365 1352 1431; x_wconf 71' lang='grc' dir='ltr'>ἀναπέπεικεν</span> <span class='ocrx_word' id='word_1_46' title='bbox 1381 1364 1464 1442; x_wconf 84' lang='grc' dir='ltr'><strong>εἰς</strong></span> <span class='ocrx_word' id='word_1_47' title='bbox 1495 1366 1672 1432; x_wconf 80' lang='grc' dir='ltr'>αὑτὸν</span> <span class='ocrx_word' id='word_1_48' title='bbox 1698 1366 1933 1458; x_wconf 77' lang='grc' dir='ltr'>φέρειν,</span> 
     </span>
     <span class='ocr_line' id='line_1_9' title="bbox 655 1460 2073 1563; baseline -0.003 -25"><span class='ocrx_word' id='word_1_49' title='bbox 655 1476 761 1539; x_wconf 77' lang='grc' dir='ltr'><strong>κού</strong></span> <span class='ocrx_word' id='word_1_50' title='bbox 780 1462 1114 1563; x_wconf 77' lang='grc' dir='ltr'>δημοτικόν</span> <span class='ocrx_word' id='word_1_51' title='bbox 1132 1494 1202 1562; x_wconf 86' lang='grc' dir='ltr'><strong>γε</strong></span> <span class='ocrx_word' id='word_1_52' title='bbox 1221 1478 1400 1537; x_wconf 84' lang='grc' dir='ltr'>τοῦτο</span> <span class='ocrx_word' id='word_1_53' title='bbox 1419 1460 1458 1534; x_wconf 92' lang='grc' dir='ltr'>δ</span> <span class='ocrx_word' id='word_1_54' title='bbox 1463 1472 1534 1561; x_wconf 81' lang='grc' dir='ltr'>ρᾶ</span> <span class='ocrx_word' id='word_1_55' title='bbox 1555 1518 1574 1555; x_wconf 92' lang='grc'>,</span> <span class='ocrx_word' id='word_1_56' title='bbox 1606 1479 1858 1536; x_wconf 86' lang='grc' dir='ltr'>τοιαῦτα</span> <span class='ocrx_word' id='word_1_57' title='bbox 1889 1476 2073 1561; x_wconf 80' lang='grc' dir='ltr'>φλῶν·</span> 
     </span>
     <span class='ocr_line' id='line_1_10' title="bbox 511 1567 1790 1669; baseline -0.001 -26"><span class='ocrx_word' id='word_1_58' title='bbox 511 1599 602 1643; x_wconf 79' lang='lat'><strong>20</strong></span> <span class='ocrx_word' id='word_1_59' title='bbox 651 1578 839 1669; x_wconf 79' lang='grc' dir='ltr'>γάμοι</span> <span class='ocrx_word' id='word_1_60' title='bbox 869 1567 930 1642; x_wconf 87' lang='grc' dir='ltr'>δ’</span> <span class='ocrx_word' id='word_1_61' title='bbox 953 1578 1168 1641; x_wconf 80' lang='grc' dir='ltr'>ἐκεῖνοι</span> <span class='ocrx_word' id='word_1_62' title='bbox 1200 1573 1303 1641; x_wconf 78' lang='grc' dir='ltr'><strong>καὶ</strong></span> <span class='ocrx_word' id='word_1_63' title='bbox 1325 1574 1502 1641; x_wconf 84' lang='grc' dir='ltr'>πότοι</span> <span class='ocrx_word' id='word_1_64' title='bbox 1533 1576 1790 1642; x_wconf 84' lang='grc' dir='ltr'>νεανικοὶ</span> 
     </span>
     <span class='ocr_line' id='line_1_11' title="bbox 654 1680 828 1755; baseline 0.011 -7"><span class='ocrx_word' id='word_1_65' title='bbox 654 1680 828 1755; x_wconf 68' lang='grc' dir='ltr'>ἦσαν.</span> 
     </span>
    </p>
   </div>
   <div class='ocr_carea' id='block_1_2' title="bbox 511 1834 2092 3230">
    <p class='ocr_par' dir='ltr' id='par_1_2' title="bbox 511 1834 2092 3230">
     <span class='ocr_line' id='line_1_12' title="bbox 513 1834 2082 1915; baseline -0.001 -19"><span class='ocrx_word' id='word_1_66' title='bbox 513 1842 694 1896; x_wconf 86' lang='lat' dir='ltr'><strong>Versu</strong></span> <span class='ocrx_word' id='word_1_67' title='bbox 739 1856 772 1893; x_wconf 74' lang='grc' dir='ltr'>ο</span> <span class='ocrx_word' id='word_1_68' title='bbox 809 1838 942 1895; x_wconf 82' lang='lat' dir='ltr'>libri</span> <span class='ocrx_word' id='word_1_69' title='bbox 978 1834 1276 1896; x_wconf 82' lang='grc' dir='ltr'>σανδάλιον.</span> <span class='ocrx_word' id='word_1_70' title='bbox 1316 1836 1579 1894; x_wconf 75' lang='lat' dir='ltr'><strong>Correxit</strong></span> <span class='ocrx_word' id='word_1_71' title='bbox 1622 1838 1927 1915; x_wconf 76' lang='lat' dir='ltr'><strong>Koppiers.</strong></span> <span class='ocrx_word' id='word_1_72' title='bbox 1956 1839 2082 1895; x_wconf 89' lang='lat' dir='ltr'><strong>Oh-</strong></span> 
     </span>
     <span class='ocr_line' id='line_1_13' title="bbox 511 1920 2085 2004; baseline 0.001 -21"><span class='ocrx_word' id='word_1_73' title='bbox 511 1944 657 1983; x_wconf 80' lang='lat' dir='ltr'><strong>serv.</strong></span> <span class='ocrx_word' id='word_1_74' title='bbox 685 1945 746 2001; x_wconf 88' lang='lat' dir='ltr'><strong>p.</strong></span> <span class='ocrx_word' id='word_1_75' title='bbox 777 1920 870 1984; x_wconf 79' lang='lat'><strong>55.</strong></span> <span class='ocrx_word' id='word_1_76' title='bbox 890 1929 956 1983; x_wconf 91' lang='lat' dir='ltr'><strong>V.</strong></span> <span class='ocrx_word' id='word_1_77' title='bbox 995 1924 1027 1982; x_wconf 90' lang='lat'>3</span> <span class='ocrx_word' id='word_1_78' title='bbox 1059 1925 1323 1983; x_wconf 77' lang='lat' dir='ltr'><strong>Dindorf.</strong></span> <span class='ocrx_word' id='word_1_79' title='bbox 1363 1930 1716 2001; x_wconf 74' lang='lat' dir='ltr'>transposuit</span> <span class='ocrx_word' id='word_1_80' title='bbox 1752 1928 1890 2003; x_wconf 78' lang='grc' dir='ltr'>ἐλογ.</span> <span class='ocrx_word' id='word_1_81' title='bbox 1923 1930 2085 2004; x_wconf 88' lang='lat' dir='ltr'><strong>quod</strong></span> 
     </span>
     <span class='ocr_line' id='line_1_14' title="bbox 512 2011 2079 2089; baseline 0.003 -20"><span class='ocrx_word' id='word_1_82' title='bbox 512 2014 643 2070; x_wconf 82' lang='lat' dir='ltr'><strong>iibri</strong></span> <span class='ocrx_word' id='word_1_83' title='bbox 676 2016 838 2071; x_wconf 88' lang='lat' dir='ltr'><strong>initio</strong></span> <span class='ocrx_word' id='word_1_84' title='bbox 867 2032 1061 2070; x_wconf 82' lang='lat' dir='ltr'><strong>versus</strong></span> <span class='ocrx_word' id='word_1_85' title='bbox 1093 2014 1328 2072; x_wconf 84' lang='lat' dir='ltr'><strong>habent.</strong></span> <span class='ocrx_word' id='word_1_86' title='bbox 1360 2014 1428 2071; x_wconf 91' lang='lat' dir='ltr'><strong>V.</strong></span> <span class='ocrx_word' id='word_1_87' title='bbox 1463 2011 1498 2069; x_wconf 84' lang='lat'>5</span> <span class='ocrx_word' id='word_1_88' title='bbox 1527 2013 1703 2071; x_wconf 86' lang='lat' dir='ltr'><strong>iidem</strong></span> <span class='ocrx_word' id='word_1_89' title='bbox 1725 2014 2059 2089; x_wconf 65' lang='lat' dir='ltr'><strong>mendose*</strong></span> <span class='ocrx_word' id='word_1_90' title='bbox 2023 2037 2079 2075; x_wconf 80' lang='grc' dir='ltr'><strong>α.</strong></span> 
     </span>
     <span class='ocr_line' id='line_1_15' title="bbox 513 2094 2083 2181; baseline 0.001 -24"><span class='ocrx_word' id='word_1_91' title='bbox 513 2094 680 2160; x_wconf 83' lang='grc' dir='ltr'>πάλαι</span> <span class='ocrx_word' id='word_1_92' title='bbox 696 2100 950 2181; x_wconf 65' lang='grc' dir='ltr'>ὀψοφάγοι</span> <span class='ocrx_word' id='word_1_93' title='bbox 962 2098 1091 2159; x_wconf 83' lang='grc' dir='ltr'>τοῖοί</span> <span class='ocrx_word' id='word_1_94' title='bbox 1101 2122 1250 2166; x_wconf 80' lang='grc' dir='ltr'>τινες.</span> <span class='ocrx_word' id='word_1_95' title='bbox 1269 2100 1500 2159; x_wconf 81' lang='lat' dir='ltr'><strong>Jacobs.</strong></span> <span class='ocrx_word' id='word_1_96' title='bbox 1519 2111 1572 2159; x_wconf 83' lang='lat' dir='ltr'><strong>et</strong></span> <span class='ocrx_word' id='word_1_97' title='bbox 1591 2102 1763 2163; x_wconf 77' lang='lat' dir='ltr'><strong>Mein.</strong></span> <span class='ocrx_word' id='word_1_98' title='bbox 1787 2100 2083 2161; x_wconf 80' lang='grc' dir='ltr'>πάλαιποτ’</span> 
     </span>
     <span class='ocr_line' id='line_1_16' title="bbox 513 2187 2089 2353; baseline 0 -20"><span class='ocrx_word' id='word_1_99' title='bbox 513 2187 1826 2353; x_wconf 42' lang='grc' dir='ltr'><strong>ἷῗφῧγίξτᾝᾏῗῖξῑιῖῗῗῗᾷῗῖἶῖωῗὲέ</strong></span> <span class='ocrx_word' id='word_1_100' title='bbox 1852 2190 2089 2334; x_wconf 62' lang='grc' dir='ltr'>Ρὶιιῗῖἔὲ</span> 
     </span>
     <span class='ocr_line' id='line_1_17' title="bbox 597 2299 1842 2335; baseline -0.002 0"><span class='ocrx_word' id='word_1_101' title='bbox 597 2320 612 2335; x_wconf 96' lang='grc'>.</span> <span class='ocrx_word' id='word_1_102' title='bbox 695 2320 710 2335; x_wconf 94' lang='grc'>.</span> <span class='ocrx_word' id='word_1_103' title='bbox 1631 2299 1660 2333; x_wconf 88' lang='grc' dir='ltr'>ν</span> <span class='ocrx_word' id='word_1_104' title='bbox 1699 2299 1766 2335; x_wconf 86' lang='grc' dir='ltr'><strong>τα</strong></span> <span class='ocrx_word' id='word_1_105' title='bbox 1831 2320 1842 2333; x_wconf 95' lang='grc'>.</span> 
     </span>
     <span class='ocr_line' id='line_1_18' title="bbox 517 2361 2085 2443; baseline 0.001 -23"><span class='ocrx_word' id='word_1_106' title='bbox 517 2376 650 2441; x_wconf 80' lang='lat' dir='ltr'><strong>apte</strong></span> <span class='ocrx_word' id='word_1_107' title='bbox 671 2367 858 2435; x_wconf 83' lang='lat' dir='ltr'><strong>Dobt.</strong></span> <span class='ocrx_word' id='word_1_108' title='bbox 886 2366 962 2421; x_wconf 86' lang='lat' dir='ltr'><strong>ad</strong></span> <span class='ocrx_word' id='word_1_109' title='bbox 993 2366 1216 2421; x_wconf 84' lang='lat' dir='ltr'><strong>Plutum</strong></span> <span class='ocrx_word' id='word_1_110' title='bbox 1249 2362 1368 2439; x_wconf 83' lang='grc'><strong>980</strong></span> <span class='ocrx_word' id='word_1_111' title='bbox 1401 2361 1579 2441; x_wconf 77' lang='grc' dir='ltr'>ἔλεγον</span> <span class='ocrx_word' id='word_1_112' title='bbox 1601 2362 1664 2421; x_wconf 76' lang='grc' dir='ltr'><strong>ἂν</strong></span> <span class='ocrx_word' id='word_1_113' title='bbox 1686 2388 1738 2425; x_wconf 81' lang='grc' dir='ltr'><strong>τ.</strong></span> <span class='ocrx_word' id='word_1_114' title='bbox 1771 2369 1840 2425; x_wconf 87' lang='lat' dir='ltr'><strong>V.</strong></span> <span class='ocrx_word' id='word_1_115' title='bbox 1879 2366 1947 2422; x_wconf 81' lang='lat'><strong>13</strong></span> <span class='ocrx_word' id='word_1_116' title='bbox 1974 2363 2085 2443; x_wconf 72' lang='grc' dir='ltr'><strong>μή·</strong></span> 
     </span>
     <span class='ocr_line' id='line_1_19' title="bbox 515 2451 2084 2531; baseline -0.001 -18"><span class='ocrx_word' id='word_1_117' title='bbox 515 2451 633 2513; x_wconf 73' lang='grc' dir='ltr'>ποτ’</span> <span class='ocrx_word' id='word_1_118' title='bbox 653 2452 912 2511; x_wconf 81' lang='lat' dir='ltr'><strong>additum</strong></span> <span class='ocrx_word' id='word_1_119' title='bbox 932 2472 963 2509; x_wconf 79' lang='lat' dir='ltr'><strong>a</strong></span> <span class='ocrx_word' id='word_1_120' title='bbox 988 2451 1233 2513; x_wconf 78' lang='lat' dir='ltr'><strong>Meinek.</strong></span> <span class='ocrx_word' id='word_1_121' title='bbox 1257 2452 1334 2509; x_wconf 83' lang='lat' dir='ltr'><strong>ad</strong></span> <span class='ocrx_word' id='word_1_122' title='bbox 1355 2452 1650 2511; x_wconf 74' lang='lat' dir='ltr'><strong>Menandt.</strong></span> <span class='ocrx_word' id='word_1_123' title='bbox 1666 2472 1730 2531; x_wconf 89' lang='lat' dir='ltr'><strong>p.</strong></span> <span class='ocrx_word' id='word_1_124' title='bbox 1751 2452 1881 2513; x_wconf 80' lang='lat'><strong>181.</strong></span> <span class='ocrx_word' id='word_1_125' title='bbox 1897 2458 1963 2513; x_wconf 92' lang='lat' dir='ltr'><strong>V.</strong></span> <span class='ocrx_word' id='word_1_126' title='bbox 1992 2473 2012 2511; x_wconf 85' lang='grc' dir='ltr'><strong>ι</strong></span> <span class='ocrx_word' id='word_1_127' title='bbox 2026 2461 2084 2526; x_wconf 73' lang='grc'>4,</span> 
     </span>
     <span class='ocr_line' id='line_1_20' title="bbox 517 2537 2061 2615; baseline 0.002 -18"><span class='ocrx_word' id='word_1_128' title='bbox 517 2542 869 2615; x_wconf 78' lang='lat' dir='ltr'>antiquiores</span> <span class='ocrx_word' id='word_1_129' title='bbox 891 2540 1064 2597; x_wconf 86' lang='lat' dir='ltr'><strong>codd.</strong></span> <span class='ocrx_word' id='word_1_130' title='bbox 1085 2538 1200 2597; x_wconf 79' lang='grc' dir='ltr'>ἔστι</span> <span class='ocrx_word' id='word_1_131' title='bbox 1223 2537 1288 2608; x_wconf 77' lang='grc' dir='ltr'>δὴ</span> <span class='ocrx_word' id='word_1_132' title='bbox 1312 2542 1421 2615; x_wconf 84' lang='lat' dir='ltr'><strong>pro</strong></span> <span class='ocrx_word' id='word_1_133' title='bbox 1441 2540 1539 2600; x_wconf 85' lang='grc' dir='ltr'>δεῖ.</span> <span class='ocrx_word' id='word_1_134' title='bbox 1565 2544 1630 2598; x_wconf 95' lang='lat' dir='ltr'><strong>V.</strong></span> <span class='ocrx_word' id='word_1_135' title='bbox 1661 2540 1732 2597; x_wconf 80' lang='lat'><strong>16</strong></span> <span class='ocrx_word' id='word_1_136' title='bbox 1761 2544 1850 2597; x_wconf 79' lang='grc' dir='ltr'><strong>νῦν</strong></span> <span class='ocrx_word' id='word_1_137' title='bbox 1876 2538 1931 2597; x_wconf 84' lang='grc' dir='ltr'>δὲ</span> <span class='ocrx_word' id='word_1_138' title='bbox 1964 2541 2061 2600; x_wconf 85' lang='grc' dir='ltr'>Μά</span> 
     </span>
     <span class='ocr_line' id='line_1_21' title="bbox 517 2626 2083 2707; baseline 0.001 -23"><span class='ocrx_word' id='word_1_139' title='bbox 517 2649 656 2705; x_wconf 84' lang='grc' dir='ltr'>τρων</span> <span class='ocrx_word' id='word_1_140' title='bbox 679 2629 878 2700; x_wconf 86' lang='lat' dir='ltr'><strong>codd.;</strong></span> <span class='ocrx_word' id='word_1_141' title='bbox 905 2629 1154 2685; x_wconf 84' lang='lat' dir='ltr'><strong>correxit</strong></span> <span class='ocrx_word' id='word_1_142' title='bbox 1181 2627 1501 2704; x_wconf 77' lang='lat' dir='ltr'><strong>Schweigh.</strong></span> <span class='ocrx_word' id='word_1_143' title='bbox 1531 2626 1899 2707; x_wconf 75' lang='grc' dir='ltr'>Νησιάρχους,</span> <span class='ocrx_word' id='word_1_144' title='bbox 1923 2650 1979 2690; x_wconf 82' lang='lat' dir='ltr'><strong>v.</strong></span> <span class='ocrx_word' id='word_1_145' title='bbox 2018 2638 2083 2697; x_wconf 80' lang='lat'><strong>¹4</strong></span> 
     </span>
     <span class='ocr_line' id='line_1_22' title="bbox 520 2712 2090 2793; baseline 0 -21"><span class='ocrx_word' id='word_1_146' title='bbox 520 2718 715 2773; x_wconf 77' lang='lat' dir='ltr'><strong>insulis</strong></span> <span class='ocrx_word' id='word_1_147' title='bbox 745 2712 1020 2793; x_wconf 64' lang='lat' dir='ltr'><strong>(Grecis)</strong></span> <span class='ocrx_word' id='word_1_148' title='bbox 1049 2720 1386 2789; x_wconf 69' lang='lat' dir='ltr'><em>imperantes</em></span> <span class='ocrx_word' id='word_1_149' title='bbox 1416 2715 1558 2773; x_wconf 80' lang='lat' dir='ltr'><strong>dicit</strong></span> <span class='ocrx_word' id='word_1_150' title='bbox 1575 2716 1960 2787; x_wconf 71' lang='lat' dir='ltr'><strong>Athenienses,</strong></span> <span class='ocrx_word' id='word_1_151' title='bbox 1992 2720 2090 2792; x_wconf 86' lang='lat' dir='ltr'><strong>qui</strong></span> 
     </span>
     <span class='ocr_line' id='line_1_23' title="bbox 520 2799 2090 2880; baseline 0.001 -21"><span class='ocrx_word' id='word_1_152' title='bbox 520 2805 743 2879; x_wconf 83' lang='lat' dir='ltr'><strong>pridem</strong></span> <span class='ocrx_word' id='word_1_153' title='bbox 785 2801 1062 2861; x_wconf 85' lang='lat' dir='ltr'><strong>tributum</strong></span> <span class='ocrx_word' id='word_1_154' title='bbox 1091 2804 1159 2859; x_wconf 87' lang='lat' dir='ltr'><strong>iis</strong></span> <span class='ocrx_word' id='word_1_155' title='bbox 1187 2803 1581 2878; x_wconf 85' lang='lat' dir='ltr'><strong>imposuerunt</strong></span> <span class='ocrx_word' id='word_1_156' title='bbox 1613 2821 1630 2857; x_wconf 80' lang='grc' dir='ltr'><strong>ι</strong></span> <span class='ocrx_word' id='word_1_157' title='bbox 1662 2821 1722 2861; x_wconf 76' lang='lat' dir='ltr'><strong>v.</strong></span> <span class='ocrx_word' id='word_1_158' title='bbox 1748 2799 1993 2863; x_wconf 77' lang='lat' dir='ltr'><strong>Pausan.</strong></span> <span class='ocrx_word' id='word_1_159' title='bbox 2027 2803 2090 2880; x_wconf 78' lang='lat'><strong>8,</strong></span> 
     </span>
     <span class='ocr_line' id='line_1_24' title="bbox 521 2889 2091 2967; baseline 0.001 -19"><span class='ocrx_word' id='word_1_160' title='bbox 521 2890 620 2962; x_wconf 78' lang='lat'><strong>52,</strong></span> <span class='ocrx_word' id='word_1_161' title='bbox 655 2911 715 2952; x_wconf 73' lang='lat' dir='ltr'><strong>a.</strong></span> <span class='ocrx_word' id='word_1_162' title='bbox 758 2892 844 2950; x_wconf 88' lang='lat' dir='ltr'><strong>De</strong></span> <span class='ocrx_word' id='word_1_163' title='bbox 872 2893 1104 2949; x_wconf 78' lang='lat' dir='ltr'><strong>Matone</strong></span> <span class='ocrx_word' id='word_1_164' title='bbox 1143 2890 1396 2967; x_wconf 77' lang='lat' dir='ltr'><strong>sophista</strong></span> <span class='ocrx_word' id='word_1_165' title='bbox 1431 2901 1491 2947; x_wconf 89' lang='lat' dir='ltr'><strong>et</strong></span> <span class='ocrx_word' id='word_1_166' title='bbox 1525 2890 1769 2947; x_wconf 81' lang='lat' dir='ltr'><strong>iurcone</strong></span> <span class='ocrx_word' id='word_1_167' title='bbox 1809 2889 1884 2950; x_wconf 81' lang='lat' dir='ltr'><strong>cf.</strong></span> <span class='ocrx_word' id='word_1_168' title='bbox 1912 2891 2091 2950; x_wconf 79' lang='lat' dir='ltr'><strong>nostri</strong></span> 
     </span>
     <span class='ocr_line' id='line_1_25' title="bbox 520 2977 2091 3053; baseline -0.004 -13"><span class='ocrx_word' id='word_1_169' title='bbox 520 2980 738 3040; x_wconf 85' lang='lat' dir='ltr'><strong>Cithar.</strong></span> <span class='ocrx_word' id='word_1_170' title='bbox 773 2999 792 3036; x_wconf 86' lang='grc' dir='ltr'><strong>ι</strong></span> <span class='ocrx_word' id='word_1_171' title='bbox 812 2999 866 3052; x_wconf 88' lang='grc' dir='ltr'><strong>ι,</strong></span> <span class='ocrx_word' id='word_1_172' title='bbox 895 2991 954 3036; x_wconf 87' lang='lat' dir='ltr'><strong>et</strong></span> <span class='ocrx_word' id='word_1_173' title='bbox 973 2979 1224 3038; x_wconf 77' lang='lat' dir='ltr'><strong>Anaxilae</strong></span> <span class='ocrx_word' id='word_1_174' title='bbox 1253 2979 1502 3038; x_wconf 82' lang='lat' dir='ltr'><strong>Monotr.</strong></span> <span class='ocrx_word' id='word_1_175' title='bbox 1526 2996 1584 3035; x_wconf 70' lang='grc' dir='ltr'><strong>α.</strong></span> <span class='ocrx_word' id='word_1_176' title='bbox 1620 2980 1686 3036; x_wconf 88' lang='lat' dir='ltr'><strong>V.</strong></span> <span class='ocrx_word' id='word_1_177' title='bbox 1717 2997 1785 3049; x_wconf 79' lang='lat'><strong>¹7</strong></span> <span class='ocrx_word' id='word_1_178' title='bbox 1808 2977 2091 3053; x_wconf 77' lang='grc' dir='ltr'>Διογείτων</span> 
     </span>
     <span class='ocr_line' id='line_1_26' title="bbox 519 3061 2087 3142; baseline 0.001 -20"><span class='ocrx_word' id='word_1_179' title='bbox 519 3069 706 3142; x_wconf 81' lang='lat' dir='ltr'><strong>prima</strong></span> <span class='ocrx_word' id='word_1_180' title='bbox 734 3068 938 3142; x_wconf 78' lang='lat' dir='ltr'><strong>longa,</strong></span> <span class='ocrx_word' id='word_1_181' title='bbox 983 3076 1048 3122; x_wconf 89' lang='lat' dir='ltr'><strong>ut</strong></span> <span class='ocrx_word' id='word_1_182' title='bbox 1075 3062 1360 3141; x_wconf 77' lang='grc' dir='ltr'>Διογένης,</span> <span class='ocrx_word' id='word_1_183' title='bbox 1399 3061 1606 3142; x_wconf 80' lang='grc' dir='ltr'>Διώρης</span> <span class='ocrx_word' id='word_1_184' title='bbox 1645 3065 1811 3124; x_wconf 85' lang='lat' dir='ltr'><strong>Iliad.</strong></span> <span class='ocrx_word' id='word_1_185' title='bbox 1840 3085 1904 3142; x_wconf 74' lang='grc' dir='ltr'><strong>α,</strong></span> <span class='ocrx_word' id='word_1_186' title='bbox 1948 3067 2087 3124; x_wconf 81' lang='lat'><strong>622.</strong></span> 
     </span>
     <span class='ocr_line' id='line_1_27' title="bbox 521 3150 2092 3230; baseline 0 -18"><span class='ocrx_word' id='word_1_187' title='bbox 521 3155 772 3214; x_wconf 82' lang='lat' dir='ltr'><strong>Meinek.</strong></span> <span class='ocrx_word' id='word_1_188' title='bbox 799 3154 1035 3228; x_wconf 86' lang='lat' dir='ltr'><strong>conjicit</strong></span> <span class='ocrx_word' id='word_1_189' title='bbox 1069 3151 1160 3211; x_wconf 80' lang='grc' dir='ltr'><strong>καὶ</strong></span> <span class='ocrx_word' id='word_1_190' title='bbox 1199 3150 1278 3222; x_wconf 78' lang='grc' dir='ltr'>δὴ</span> <span class='ocrx_word' id='word_1_191' title='bbox 1319 3155 1469 3230; x_wconf 79' lang='grc' dir='ltr'>Διογ.</span> <span class='ocrx_word' id='word_1_192' title='bbox 1501 3157 1568 3212; x_wconf 91' lang='lat' dir='ltr'><strong>V.</strong></span> <span class='ocrx_word' id='word_1_193' title='bbox 1613 3152 1684 3210; x_wconf 83' lang='lat'><strong>18</strong></span> <span class='ocrx_word' id='word_1_194' title='bbox 1707 3150 1944 3220; x_wconf 77' lang='grc' dir='ltr'>ἅπαντας</span> <span class='ocrx_word' id='word_1_195' title='bbox 1982 3173 2092 3229; x_wconf 91' lang='lat' dir='ltr'><strong>pro</strong></span> 
     </span>
    </p>
   </div>
   <div class='ocr_carea' id='block_1_3' title="bbox 520 3240 2201 3318">
    <p class='ocr_par' dir='ltr' id='par_1_3' title="bbox 520 3240 2201 3318">
     <span class='ocr_line' id='line_1_28' title="bbox 520 3240 2201 3318; baseline 0.002 -20"><span class='ocrx_word' id='word_1_196' title='bbox 520 3240 722 3306; x_wconf 79' lang='grc' dir='ltr'>πάντας</span> <span class='ocrx_word' id='word_1_197' title='bbox 748 3243 1000 3300; x_wconf 83' lang='lat' dir='ltr'><strong>Muretus</strong></span> <span class='ocrx_word' id='word_1_198' title='bbox 1011 3245 1080 3300; x_wconf 93' lang='lat' dir='ltr'><strong>V.</strong></span> <span class='ocrx_word' id='word_1_199' title='bbox 1100 3242 1186 3302; x_wconf 77' lang='lat'><strong>1...</strong></span> <span class='ocrx_word' id='word_1_200' title='bbox 1219 3261 1310 3318; x_wconf 78' lang='lat'><strong>19,</strong></span> <span class='ocrx_word' id='word_1_201' title='bbox 1337 3241 1396 3299; x_wconf 83' lang='lat'><strong>3.</strong></span> <span class='ocrx_word' id='word_1_202' title='bbox 1417 3244 1486 3298; x_wconf 66' lang='lat' dir='ltr'><strong>Y.</strong></span> <span class='ocrx_word' id='word_1_203' title='bbox 1516 3260 1588 3317; x_wconf 85' lang='lat'><strong>¹9</strong></span> <span class='ocrx_word' id='word_1_204' title='bbox 1609 3245 1842 3299; x_wconf 81' lang='grc' dir='ltr'>τοσαῦτα</span> <span class='ocrx_word' id='word_1_205' title='bbox 1863 3243 2089 3302; x_wconf 74' lang='lat' dir='ltr'><strong>Jacth.</strong></span> <span class='ocrx_word' id='word_1_206' title='bbox 2194 3283 2201 3288; x_wconf 85' lang='lat'><strong>·</strong></span> 
     </span>
    </p>
   </div>
   <div class='ocr_carea' id='block_1_4' title="bbox 522 3331 2096 3581">
    <p class='ocr_par' dir='ltr' id='par_1_4' title="bbox 522 3331 2096 3581">
     <span class='ocr_line' id='line_1_29' title="bbox 522 3331 2091 3406; baseline -0.001 -19"><span class='ocrx_word' id='word_1_207' title='bbox 522 3334 590 3387; x_wconf 94' lang='lat' dir='ltr'><strong>V.</strong></span> <span class='ocrx_word' id='word_1_208' title='bbox 621 3349 698 3388; x_wconf 71' lang='lat' dir='ltr'><strong>ao</strong></span> <span class='ocrx_word' id='word_1_209' title='bbox 729 3348 744 3388; x_wconf 91' lang='lat'>:</span> <span class='ocrx_word' id='word_1_210' title='bbox 775 3333 881 3387; x_wconf 77' lang='lat' dir='ltr'><strong>illa</strong></span> <span class='ocrx_word' id='word_1_211' title='bbox 910 3349 1047 3387; x_wconf 77' lang='lat' dir='ltr'><strong>vero</strong></span> <span class='ocrx_word' id='word_1_212' title='bbox 1083 3332 1368 3406; x_wconf 73' lang='lat' dir='ltr'><strong>nuptialt’a</strong></span> <span class='ocrx_word' id='word_1_213' title='bbox 1393 3334 1642 3386; x_wconf 76' lang='lat' dir='ltr'><strong>conviw&#39;a</strong></span> <span class='ocrx_word' id='word_1_214' title='bbox 1675 3341 1731 3385; x_wconf 82' lang='lat' dir='ltr'><strong>et</strong></span> <span class='ocrx_word' id='word_1_215' title='bbox 1763 3331 2091 3386; x_wconf 78' lang='lat' dir='ltr'><strong>adolescen-</strong></span> 
     </span>
     <span class='ocr_line' id='line_1_30' title="bbox 522 3413 2095 3492; baseline -0.001 -18"><span class='ocrx_word' id='word_1_216' title='bbox 522 3424 660 3474; x_wconf 79' lang='lat' dir='ltr'><strong>tium</strong></span> <span class='ocrx_word' id='word_1_217' title='bbox 688 3419 1118 3492; x_wconf 75' lang='lat' dir='ltr'><strong>computationes</strong></span> <span class='ocrx_word' id='word_1_218' title='bbox 1141 3413 1385 3487; x_wconf 79' lang='lat' dir='ltr'><strong>fuerunt</strong></span> <span class='ocrx_word' id='word_1_219' title='bbox 1397 3457 1412 3484; x_wconf 90' lang='lat'>‚</span> <span class='ocrx_word' id='word_1_220' title='bbox 1458 3417 1521 3474; x_wconf 81' lang='lat' dir='ltr'><strong>h.</strong></span> <span class='ocrx_word' id='word_1_221' title='bbox 1555 3434 1604 3473; x_wconf 86' lang='lat' dir='ltr'><strong>e.</strong></span> <span class='ocrx_word' id='word_1_222' title='bbox 1627 3418 1911 3472; x_wconf 76' lang='lat' dir='ltr'><strong>desierunt</strong></span> <span class='ocrx_word' id='word_1_223' title='bbox 1934 3420 2095 3472; x_wconf 69' lang='lat' dir='ltr'><strong>celo-</strong></span> 
     </span>
     <span class='ocr_line' id='line_1_31' title="bbox 523 3504 2096 3581; baseline -0.001 -19"><span class='ocrx_word' id='word_1_224' title='bbox 523 3507 692 3578; x_wconf 77' lang='lat' dir='ltr'><strong>brart‘,</strong></span> <span class='ocrx_word' id='word_1_225' title='bbox 715 3525 790 3563; x_wconf 68' lang='lat' dir='ltr'><strong>ca:</strong></span> <span class='ocrx_word' id='word_1_226' title='bbox 816 3526 926 3580; x_wconf 78' lang='lat' dir='ltr'><strong>quo</strong></span> <span class='ocrx_word' id='word_1_227' title='bbox 948 3508 1038 3561; x_wconf 76' lang='lat' dir='ltr'><strong>me·</strong></span> <span class='ocrx_word' id='word_1_228' title='bbox 1063 3507 1260 3560; x_wconf 78' lang='lat' dir='ltr'><strong>divites</strong></span> <span class='ocrx_word' id='word_1_229' title='bbox 1273 3510 1466 3562; x_wconf 82' lang='lat' dir='ltr'><strong>omm‘a</strong></span> <span class='ocrx_word' id='word_1_230' title='bbox 1486 3507 1637 3564; x_wconf 84' lang='lat' dir='ltr'><strong>adse</strong></span> <span class='ocrx_word' id='word_1_231' title='bbox 1663 3504 1884 3563; x_wconf 74' lang='lat' dir='ltr'><strong>trahere</strong></span> <span class='ocrx_word' id='word_1_232' title='bbox 1905 3523 2096 3581; x_wconf 85' lang='lat' dir='ltr'><strong>coepe·</strong></span> 
     </span>
    </p>
   </div>
   <div class='ocr_carea' id='block_1_5' title="bbox 522 3595 1508 3669">
    <p class='ocr_par' dir='ltr' id='par_1_5' title="bbox 522 3595 1508 3669">
     <span class='ocr_line' id='line_1_32' title="bbox 522 3595 1508 3669; baseline 0 -17"><span class='ocrx_word' id='word_1_233' title='bbox 522 3607 674 3664; x_wconf 80' lang='lat' dir='ltr'><strong>rum,</strong></span> <span class='ocrx_word' id='word_1_234' title='bbox 713 3606 776 3651; x_wconf 92' lang='lat' dir='ltr'><strong>ut</strong></span> <span class='ocrx_word' id='word_1_235' title='bbox 799 3596 1053 3652; x_wconf 84' lang='lat' dir='ltr'><strong>Muretus</strong></span> <span class='ocrx_word' id='word_1_236' title='bbox 1079 3595 1508 3669; x_wconf 80' lang='lat' dir='ltr'><strong>interpretatur.</strong></span> 
     </span>
    </p>
   </div>
   <div class='ocr_carea' id='block_1_6' title="bbox 1013 3765 1612 3828">
    <p class='ocr_par' dir='ltr' id='par_1_6' title="bbox 1013 3765 1612 3828">
     <span class='ocr_line' id='line_1_33' title="bbox 1013 3765 1612 3828; baseline -0.007 -2"><span class='ocrx_word' id='word_1_237' title='bbox 1013 3765 1219 3828; x_wconf 77' lang='lat' dir='ltr'><strong>cxlv.</strong></span> <span class='ocrx_word' id='word_1_238' title='bbox 1269 3765 1612 3826; x_wconf 81' lang='grc' dir='ltr'>ΠΟΙΙΙΣΙΣ.</span> 
     </span>
    </p>
   </div>
   <div class='ocr_carea' id='block_1_7' title="bbox 601 3912 2091 3989">
    <p class='ocr_par' dir='ltr' id='par_1_7' title="bbox 601 3912 2091 3989">
     <span class='ocr_line' id='line_1_34' title="bbox 601 3912 2091 3989; baseline 0.005 -24"><span class='ocrx_word' id='word_1_239' title='bbox 601 3937 628 3963; x_wconf 74' lang='grc' dir='ltr'><strong>α</strong></span> <span class='ocrx_word' id='word_1_240' title='bbox 681 3913 896 3968; x_wconf 82' lang='lat' dir='ltr'><strong>Eodem</strong></span> <span class='ocrx_word' id='word_1_241' title='bbox 945 3912 1110 3968; x_wconf 87' lang='lat' dir='ltr'><strong>titulo</strong></span> <span class='ocrx_word' id='word_1_242' title='bbox 1139 3913 1336 3969; x_wconf 70' lang='lat' dir='ltr'><strong>drama</strong></span> <span class='ocrx_word' id='word_1_243' title='bbox 1364 3931 1541 3986; x_wconf 85' lang='lat' dir='ltr'><strong>quum</strong></span> <span class='ocrx_word' id='word_1_244' title='bbox 1589 3913 1662 3968; x_wconf 89' lang='lat' dir='ltr'><strong>ab</strong></span> <span class='ocrx_word' id='word_1_245' title='bbox 1712 3915 2091 3989; x_wconf 78' lang='lat' dir='ltr'><strong>Aristophane</strong></span> 
     </span>
    </p>
   </div>
   <div class='ocr_carea' id='block_1_8' title="bbox 531 4077 2021 5382">
    <p class='ocr_par' dir='ltr' id='par_1_8' title="bbox 531 4077 2021 5382">
     <span class='ocr_line' id='line_1_35' title="bbox 630 4077 1356 4153; baseline 0.003 -19"><span class='ocrx_word' id='word_1_246' title='bbox 630 4095 782 4136; x_wconf 78' lang='lat' dir='ltr'><strong>mare</strong></span> <span class='ocrx_word' id='word_1_247' title='bbox 797 4077 1066 4153; x_wconf 82' lang='lat' dir='ltr'><strong>quosdam</strong></span> <span class='ocrx_word' id='word_1_248' title='bbox 1089 4092 1356 4152; x_wconf 75' lang='lat' dir='ltr'><strong>occupare</strong></span> 
     </span>
     <span class='ocr_line' id='line_1_36' title="bbox 630 4163 1878 4239; baseline 0.003 -19"><span class='ocrx_word' id='word_1_249' title='bbox 630 4165 872 4222; x_wconf 75' lang='lat' dir='ltr'><strong>vestrum</strong></span> <span class='ocrx_word' id='word_1_250' title='bbox 891 4206 908 4235; x_wconf 90' lang='lat'>‚</span> <span class='ocrx_word' id='word_1_251' title='bbox 934 4164 1280 4239; x_wconf 81' lang='lat' dir='ltr'><strong>multumque</strong></span> <span class='ocrx_word' id='word_1_252' title='bbox 1301 4165 1514 4237; x_wconf 81' lang='lat' dir='ltr'><strong>argenti</strong></span> <span class='ocrx_word' id='word_1_253' title='bbox 1537 4163 1878 4237; x_wconf 86' lang='lat' dir='ltr'><strong>impendere,</strong></span> 
     </span>
     <span class='ocr_line' id='line_1_37' title="bbox 629 4251 2021 4329; baseline 0.004 -22"><span class='ocrx_word' id='word_1_254' title='bbox 629 4267 733 4308; x_wconf 88' lang='lat' dir='ltr'><strong>nec</strong></span> <span class='ocrx_word' id='word_1_255' title='bbox 750 4259 936 4308; x_wconf 83' lang='lat' dir='ltr'><strong>tamen</strong></span> <span class='ocrx_word' id='word_1_256' title='bbox 955 4267 1198 4324; x_wconf 85' lang='lat' dir='ltr'><strong>unquam</strong></span> <span class='ocrx_word' id='word_1_257' title='bbox 1224 4251 1442 4324; x_wconf 76' lang='lat' dir='ltr'><strong>opsonii</strong></span> <span class='ocrx_word' id='word_1_258' title='bbox 1465 4251 2021 4329; x_wconf 77' lang='lat' dir='ltr'><strong>micamadnavigari.</strong></span> 
     </span>
     <span class='ocr_line' id='line_1_38' title="bbox 631 4339 1779 4414; baseline -0.003 -15"><span class='ocrx_word' id='word_1_259' title='bbox 631 4339 777 4414; x_wconf 83' lang='lat' dir='ltr'><strong>Quid</strong></span> <span class='ocrx_word' id='word_1_260' title='bbox 799 4340 1172 4413; x_wconf 73' lang='lat' dir='ltr'><strong>igimrjmant</strong></span> <span class='ocrx_word' id='word_1_261' title='bbox 1193 4340 1385 4397; x_wconf 82' lang='lat' dir='ltr'><strong>insulis</strong></span> <span class='ocrx_word' id='word_1_262' title='bbox 1411 4341 1779 4413; x_wconf 73' lang='lat' dir='ltr'><strong>imperantes?</strong></span> 
     </span>
     <span class='ocr_line' id='line_1_39' title="bbox 531 4426 1745 4502; baseline -0.001 -17"><span class='ocrx_word' id='word_1_263' title='bbox 531 4435 595 4485; x_wconf 76' lang='lat'><strong>15</strong></span> <span class='ocrx_word' id='word_1_264' title='bbox 633 4426 1023 4502; x_wconf 79' lang='lat' dir='ltr'><strong>promulganda</strong></span> <span class='ocrx_word' id='word_1_265' title='bbox 1054 4426 1136 4484; x_wconf 79' lang='lat' dir='ltr'><strong>lex</strong></span> <span class='ocrx_word' id='word_1_266' title='bbox 1163 4433 1278 4496; x_wconf 87' lang='lat' dir='ltr'><strong>est,</strong></span> <span class='ocrx_word' id='word_1_267' title='bbox 1303 4436 1368 4485; x_wconf 91' lang='lat' dir='ltr'><strong>ut</strong></span> <span class='ocrx_word' id='word_1_268' title='bbox 1383 4426 1745 4502; x_wconf 85' lang='lat' dir='ltr'><strong>importentur</strong></span> 
     </span>
     <span class='ocr_line' id='line_1_40' title="bbox 641 4515 1829 4590; baseline 0.001 -18"><span class='ocrx_word' id='word_1_269' title='bbox 641 4517 817 4589; x_wconf 87' lang='lat' dir='ltr'><strong>pisces</strong></span> <span class='ocrx_word' id='word_1_270' title='bbox 842 4535 855 4572; x_wconf 93' lang='lat'><strong>:</strong></span> <span class='ocrx_word' id='word_1_271' title='bbox 879 4532 1032 4574; x_wconf 87' lang='lat' dir='ltr'><strong>nunc</strong></span> <span class='ocrx_word' id='word_1_272' title='bbox 1053 4531 1182 4573; x_wconf 82' lang='lat' dir='ltr'><strong>vero</strong></span> <span class='ocrx_word' id='word_1_273' title='bbox 1208 4519 1398 4573; x_wconf 80' lang='lat' dir='ltr'><strong>Meton</strong></span> <span class='ocrx_word' id='word_1_274' title='bbox 1417 4517 1664 4590; x_wconf 75' lang='lat' dir='ltr'><strong>abripere</strong></span> <span class='ocrx_word' id='word_1_275' title='bbox 1689 4515 1829 4574; x_wconf 80' lang='lat' dir='ltr'><strong>solet</strong></span> 
     </span>
     <span class='ocr_line' id='line_1_41' title="bbox 633 4601 1773 4676; baseline 0.004 -20"><span class='ocrx_word' id='word_1_276' title='bbox 633 4603 954 4674; x_wconf 76' lang='lat' dir='ltr'><strong>piscatores,</strong></span> <span class='ocrx_word' id='word_1_277' title='bbox 982 4609 1040 4660; x_wconf 86' lang='lat' dir='ltr'><strong>et</strong></span> <span class='ocrx_word' id='word_1_278' title='bbox 1071 4601 1334 4674; x_wconf 80' lang='lat' dir='ltr'><strong>Diogitou</strong></span> <span class='ocrx_word' id='word_1_279' title='bbox 1361 4617 1456 4676; x_wconf 89' lang='lat' dir='ltr'><strong>per</strong></span> <span class='ocrx_word' id='word_1_280' title='bbox 1481 4607 1676 4661; x_wconf 82' lang='lat' dir='ltr'><strong>Jovem</strong></span> <span class='ocrx_word' id='word_1_281' title='bbox 1705 4605 1773 4661; x_wconf 86' lang='lat' dir='ltr'><strong>iis</strong></span> 
     </span>
     <span class='ocr_line' id='line_1_42' title="bbox 637 4685 1690 4760; baseline 0.003 -17"><span class='ocrx_word' id='word_1_282' title='bbox 637 4687 934 4760; x_wconf 76' lang='lat' dir='ltr'><strong>persuasit,</strong></span> <span class='ocrx_word' id='word_1_283' title='bbox 963 4696 1030 4745; x_wconf 87' lang='lat' dir='ltr'><strong>ut</strong></span> <span class='ocrx_word' id='word_1_284' title='bbox 1059 4703 1252 4746; x_wconf 84' lang='lat' dir='ltr'><strong>omnes</strong></span> <span class='ocrx_word' id='word_1_285' title='bbox 1273 4687 1378 4746; x_wconf 84' lang='lat' dir='ltr'><strong>sibi</strong></span> <span class='ocrx_word' id='word_1_286' title='bbox 1401 4685 1690 4760; x_wconf 60' lang='lat' dir='ltr'><strong>afferant,</strong></span> 
     </span>
     <span class='ocr_line' id='line_1_43' title="bbox 637 4774 1856 4849; baseline 0.002 -19"><span class='ocrx_word' id='word_1_287' title='bbox 637 4790 749 4831; x_wconf 84' lang='lat' dir='ltr'><strong>non</strong></span> <span class='ocrx_word' id='word_1_288' title='bbox 773 4775 1017 4848; x_wconf 71' lang='lat' dir='ltr'><strong>popiniari</strong></span> <span class='ocrx_word' id='word_1_289' title='bbox 1039 4774 1254 4848; x_wconf 82' lang='lat' dir='ltr'><strong>quidem</strong></span> <span class='ocrx_word' id='word_1_290' title='bbox 1275 4775 1506 4833; x_wconf 83' lang='lat' dir='ltr'><strong>consilio</strong></span> <span class='ocrx_word' id='word_1_291' title='bbox 1521 4815 1538 4844; x_wconf 94' lang='lat'>‚</span> <span class='ocrx_word' id='word_1_292' title='bbox 1561 4785 1626 4834; x_wconf 85' lang='lat' dir='ltr'><strong>ut</strong></span> <span class='ocrx_word' id='word_1_293' title='bbox 1649 4775 1856 4849; x_wconf 57' lang='lat' dir='ltr'><strong>gari-in</strong></span> 
     </span>
     <span class='ocr_line' id='line_1_44' title="bbox 535 4863 2011 4937; baseline 0.001 -17"><span class='ocrx_word' id='word_1_294' title='bbox 535 4870 604 4920; x_wconf 83' lang='lat'><strong>20</strong></span> <span class='ocrx_word' id='word_1_295' title='bbox 641 4863 848 4935; x_wconf 60' lang='lat' dir='ltr'><strong>nuptias</strong></span> <span class='ocrx_word' id='word_1_296' title='bbox 875 4869 1058 4921; x_wconf 77' lang='lat' dir='ltr'><strong>sutem</strong></span> <span class='ocrx_word' id='word_1_297' title='bbox 1083 4863 1190 4920; x_wconf 81' lang='lat' dir='ltr'><strong>inae</strong></span> <span class='ocrx_word' id='word_1_298' title='bbox 1211 4863 1550 4935; x_wconf 71' lang='lat' dir='ltr'><strong>etinveniles</strong></span> <span class='ocrx_word' id='word_1_299' title='bbox 1575 4865 2011 4937; x_wconf 86' lang='lat' dir='ltr'><strong>compotationes</strong></span> 
     </span>
     <span class='ocr_line' id='line_1_45' title="bbox 634 4950 876 5010; baseline -0.008 -2"><span class='ocrx_word' id='word_1_300' title='bbox 634 4950 876 5010; x_wconf 77' lang='lat' dir='ltr'><strong>fuerunt.</strong></span> 
     </span>
     <span class='ocr_line' id='line_1_46' title="bbox 1187 5037 1454 5097; baseline 0.011 -3"><span class='ocrx_word' id='word_1_301' title='bbox 1187 5037 1454 5097; x_wconf 63' lang='lat' dir='ltr'><strong>Possm.</strong></span> 
     </span>
     <span class='ocr_line' id='line_1_47' title="bbox 705 5123 1531 5182; baseline 0 0"><span class='ocrx_word' id='word_1_302' title='bbox 705 5155 778 5168; x_wconf 91' lang='lat'>—</span> <span class='ocrx_word' id='word_1_303' title='bbox 798 5123 942 5182; x_wconf 76' lang='lat' dir='ltr'><strong>Felix</strong></span> <span class='ocrx_word' id='word_1_304' title='bbox 957 5124 1183 5181; x_wconf 83' lang='lat' dir='ltr'><strong>omnino</strong></span> <span class='ocrx_word' id='word_1_305' title='bbox 1200 5141 1422 5181; x_wconf 83' lang='lat' dir='ltr'><strong>carmen</strong></span> <span class='ocrx_word' id='word_1_306' title='bbox 1447 5131 1531 5182; x_wconf 82' lang='lat' dir='ltr'><strong>cst</strong></span> 
     </span>
     <span class='ocr_line' id='line_1_48' title="bbox 639 5211 1845 5286; baseline 0.001 -16"><span class='ocrx_word' id='word_1_307' title='bbox 639 5211 931 5286; x_wconf 84' lang='lat' dir='ltr'><strong>tragoedia‚</strong></span> <span class='ocrx_word' id='word_1_308' title='bbox 961 5211 1228 5284; x_wconf 82' lang='lat' dir='ltr'><strong>siquidem</strong></span> <span class='ocrx_word' id='word_1_309' title='bbox 1254 5212 1490 5285; x_wconf 87' lang='lat' dir='ltr'><strong>primum</strong></span> <span class='ocrx_word' id='word_1_310' title='bbox 1513 5220 1845 5285; x_wconf 74' lang='lat' dir='ltr'><strong>argumenta</strong></span> 
     </span>
     <span class='ocr_line' id='line_1_49' title="bbox 641 5298 1374 5382; baseline 0.007 -26"><span class='ocrx_word' id='word_1_311' title='bbox 641 5298 1038 5373; x_wconf 74' lang='lat' dir='ltr'><strong>spectatoribus</strong></span> <span class='ocrx_word' id='word_1_312' title='bbox 1061 5308 1191 5382; x_wconf 81' lang='lat' dir='ltr'><strong>uota</strong></span> <span class='ocrx_word' id='word_1_313' title='bbox 1211 5307 1340 5356; x_wconf 84' lang='lat' dir='ltr'><strong>sunt</strong></span> <span class='ocrx_word' id='word_1_314' title='bbox 1361 5343 1374 5361; x_wconf 82' lang='grc'><strong>.,</strong></span> 
     </span>
    </p>
   </div>
   <div class='ocr_carea' id='block_1_9' title="bbox 1522 490 2719 563">
    <p class='ocr_par' dir='ltr' id='par_1_9' title="bbox 1522 490 2719 563">
     <span class='ocr_line' id='line_1_50' title="bbox 1522 490 2719 563; baseline -0.004 -10"><span class='ocrx_word' id='word_1_315' title='bbox 1522 493 1798 555; x_wconf 67' lang='lat' dir='ltr'><strong>Meum:</strong></span> <span class='ocrx_word' id='word_1_316' title='bbox 1849 492 2257 555; x_wconf 77' lang='lat' dir='ltr'><strong>COMOEmAE</strong></span> <span class='ocrx_word' id='word_1_317' title='bbox 2298 490 2719 563; x_wconf 73' lang='lat' dir='ltr'><strong>RELiQmAE.</strong></span> 
     </span>
    </p>
   </div>
   <div class='ocr_carea' id='block_1_10' title="bbox 2158 622 3672 871">
    <p class='ocr_par' dir='ltr' id='par_1_10' title="bbox 2158 622 3672 871">
     <span class='ocr_line' id='line_1_51' title="bbox 2158 622 3640 697; baseline 0.004 -18"><span class='ocrx_word' id='word_1_318' title='bbox 2158 624 2428 697; x_wconf 88' lang='lat' dir='ltr'><strong>scriptum</strong></span> <span class='ocrx_word' id='word_1_319' title='bbox 2476 641 2591 679; x_wconf 70' lang='lat' dir='ltr'><strong>esse</strong></span> <span class='ocrx_word' id='word_1_320' title='bbox 2654 622 2995 679; x_wconf 74' lang='lat' dir='ltr'><strong>meminisset</strong></span> <span class='ocrx_word' id='word_1_321' title='bbox 3044 624 3297 693; x_wconf 65' lang='lat' dir='ltr'><strong>Casaub„</strong></span> <span class='ocrx_word' id='word_1_322' title='bbox 3340 624 3447 697; x_wconf 86' lang='lat' dir='ltr'><strong>ejus</strong></span> <span class='ocrx_word' id='word_1_323' title='bbox 3484 646 3640 685; x_wconf 85' lang='lat' dir='ltr'><strong>nomen</strong></span> 
     </span>
     <span class='ocr_line' id='line_1_52' title="bbox 2162 712 3643 789; baseline 0.002 -20"><span class='ocrx_word' id='word_1_324' title='bbox 2162 713 2321 788; x_wconf 81' lang='lat' dir='ltr'><strong>apud</strong></span> <span class='ocrx_word' id='word_1_325' title='bbox 2365 712 2699 769; x_wconf 75' lang='lat' dir='ltr'><strong>Athenaeum</strong></span> <span class='ocrx_word' id='word_1_326' title='bbox 2768 713 2985 767; x_wconf 86' lang='lat' dir='ltr'><strong>restitui</strong></span> <span class='ocrx_word' id='word_1_327' title='bbox 3034 713 3245 787; x_wconf 76' lang='lat' dir='ltr'><strong>voluit,</strong></span> <span class='ocrx_word' id='word_1_328' title='bbox 3292 732 3401 769; x_wconf 87' lang='lat' dir='ltr'><strong>non</strong></span> <span class='ocrx_word' id='word_1_329' title='bbox 3438 727 3643 789; x_wconf 70' lang='lat' dir='ltr'><strong>reputans</strong></span> 
     </span>
     <span class='ocr_line' id='line_1_53' title="bbox 2162 800 3672 871; baseline 0.003 -16"><span class='ocrx_word' id='word_1_330' title='bbox 2162 802 2261 856; x_wconf 85' lang='lat' dir='ltr'><strong>ille</strong></span> <span class='ocrx_word' id='word_1_331' title='bbox 2300 800 2393 855; x_wconf 85' lang='lat' dir='ltr'><strong>hic</strong></span> <span class='ocrx_word' id='word_1_332' title='bbox 2422 810 2901 856; x_wconf 81' lang='lat' dir='ltr'><strong>commemoratos</strong></span> <span class='ocrx_word' id='word_1_333' title='bbox 2928 800 3279 857; x_wconf 73' lang='lat' dir='ltr'><strong>OEremetem</strong></span> <span class='ocrx_word' id='word_1_334' title='bbox 3300 810 3353 857; x_wconf 89' lang='lat' dir='ltr'><strong>et</strong></span> <span class='ocrx_word' id='word_1_335' title='bbox 3376 802 3643 871; x_wconf 82' lang='lat' dir='ltr'><strong>Phidonem‚</strong></span> <span class='ocrx_word' id='word_1_336' title='bbox 3671 832 3672 835; x_wconf 35' lang='lat'>¹</span> 
     </span>
    </p>
   </div>
   <div class='ocr_carea' id='block_1_11' title="bbox 2164 886 3651 1666">
    <p class='ocr_par' dir='ltr' id='par_1_11' title="bbox 2164 886 3651 1666">
     <span class='ocr_line' id='line_1_54' title="bbox 2164 886 3645 963; baseline 0.001 -18"><span class='ocrx_word' id='word_1_337' title='bbox 2164 907 2309 963; x_wconf 86' lang='lat' dir='ltr'><strong>quos</strong></span> <span class='ocrx_word' id='word_1_338' title='bbox 2336 889 2571 961; x_wconf 83' lang='lat' dir='ltr'><strong>antiqua</strong></span> <span class='ocrx_word' id='word_1_339' title='bbox 2597 886 2879 945; x_wconf 83' lang='lat' dir='ltr'><strong>comoedia</strong></span> <span class='ocrx_word' id='word_1_340' title='bbox 2920 888 3162 963; x_wconf 82' lang='lat' dir='ltr'><strong>ignorat.</strong></span> <span class='ocrx_word' id='word_1_341' title='bbox 3192 914 3216 939; x_wconf 73' lang='grc' dir='ltr'><strong>υ</strong></span> <span class='ocrx_word' id='word_1_342' title='bbox 3262 890 3313 945; x_wconf 83' lang='lat' dir='ltr'><em>E</em></span> <span class='ocrx_word' id='word_1_343' title='bbox 3336 891 3415 947; x_wconf 78' lang='lat' dir='ltr'><strong>M.</strong></span> <span class='ocrx_word' id='word_1_344' title='bbox 3440 891 3569 947; x_wconf 85' lang='lat' dir='ltr'><strong>Idem</strong></span> <span class='ocrx_word' id='word_1_345' title='bbox 3594 893 3645 947; x_wconf 86' lang='lat' dir='ltr'><strong>ad</strong></span> 
     </span>
     <span class='ocr_line' id='line_1_55' title="bbox 2165 976 3646 1051; baseline 0.002 -21"><span class='ocrx_word' id='word_1_346' title='bbox 2165 992 2356 1033; x_wconf 79' lang='lat' dir='ltr'><strong>versus</strong></span> <span class='ocrx_word' id='word_1_347' title='bbox 2408 993 2586 1047; x_wconf 61' lang='grc' dir='ltr'><strong>ηοω</strong></span> <span class='ocrx_word' id='word_1_348' title='bbox 2620 994 2635 1031; x_wconf 84' lang='lat'>=</span> <span class='ocrx_word' id='word_1_349' title='bbox 2686 1000 2711 1025; x_wconf 74' lang='grc' dir='ltr'><strong>σι</strong></span> <span class='ocrx_word' id='word_1_350' title='bbox 2735 976 3029 1033; x_wconf 84' lang='lat' dir='ltr'><strong>Comoedia</strong></span> <span class='ocrx_word' id='word_1_351' title='bbox 3056 994 3233 1051; x_wconf 85' lang='lat' dir='ltr'><strong>quum</strong></span> <span class='ocrx_word' id='word_1_352' title='bbox 3271 986 3489 1033; x_wconf 80' lang='lat' dir='ltr'><strong>veterem</strong></span> <span class='ocrx_word' id='word_1_353' title='bbox 3518 976 3646 1034; x_wconf 82' lang='lat' dir='ltr'><strong>licen·</strong></span> 
     </span>
     <span class='ocr_line' id='line_1_56' title="bbox 2166 1062 3647 1139; baseline 0.001 -20"><span class='ocrx_word' id='word_1_354' title='bbox 2166 1064 2302 1119; x_wconf 86' lang='lat' dir='ltr'><strong>tiam</strong></span> <span class='ocrx_word' id='word_1_355' title='bbox 2325 1064 2593 1119; x_wconf 84' lang='lat' dir='ltr'><strong>inclinata</strong></span> <span class='ocrx_word' id='word_1_356' title='bbox 2630 1062 2833 1137; x_wconf 88' lang='lat' dir='ltr'><strong>populi</strong></span> <span class='ocrx_word' id='word_1_357' title='bbox 2870 1063 3132 1121; x_wconf 83' lang='lat' dir='ltr'><strong>libertate</strong></span> <span class='ocrx_word' id='word_1_358' title='bbox 3171 1065 3311 1120; x_wconf 88' lang='lat' dir='ltr'><strong>tueri</strong></span> <span class='ocrx_word' id='word_1_359' title='bbox 3340 1065 3544 1139; x_wconf 82' lang='lat' dir='ltr'><strong>amplius</strong></span> <span class='ocrx_word' id='word_1_360' title='bbox 3564 1086 3647 1121; x_wconf 91' lang='lat' dir='ltr'><strong>non</strong></span> 
     </span>
     <span class='ocr_line' id='line_1_57' title="bbox 2164 1150 3647 1225; baseline 0.003 -20"><span class='ocrx_word' id='word_1_361' title='bbox 2164 1160 2385 1224; x_wconf 83' lang='lat' dir='ltr'><strong>posset,</strong></span> <span class='ocrx_word' id='word_1_362' title='bbox 2416 1150 2583 1205; x_wconf 83' lang='lat' dir='ltr'><strong>aliam</strong></span> <span class='ocrx_word' id='word_1_363' title='bbox 2611 1151 3044 1225; x_wconf 78' lang='lat' dir='ltr'><strong>circumspicere</strong></span> <span class='ocrx_word' id='word_1_364' title='bbox 3072 1151 3269 1209; x_wconf 85' lang='lat' dir='ltr'><strong>debuit</strong></span> <span class='ocrx_word' id='word_1_365' title='bbox 3288 1154 3544 1209; x_wconf 76' lang='lat' dir='ltr'><strong>cavillandi</strong></span> <span class='ocrx_word' id='word_1_366' title='bbox 3565 1154 3647 1209; x_wconf 79' lang='lat' dir='ltr'><strong>ior·</strong></span> 
     </span>
     <span class='ocr_line' id='line_1_58' title="bbox 2167 1237 3649 1313; baseline 0.001 -20"><span class='ocrx_word' id='word_1_367' title='bbox 2167 1256 2319 1293; x_wconf 87' lang='lat' dir='ltr'><strong>mam</strong></span> <span class='ocrx_word' id='word_1_368' title='bbox 2337 1278 2356 1313; x_wconf 90' lang='lat'><strong>,</strong></span> <span class='ocrx_word' id='word_1_369' title='bbox 2373 1256 2500 1311; x_wconf 77' lang='lat' dir='ltr'><strong>quae</strong></span> <span class='ocrx_word' id='word_1_370' title='bbox 2518 1237 2661 1293; x_wconf 83' lang='lat' dir='ltr'><strong>nihii</strong></span> <span class='ocrx_word' id='word_1_371' title='bbox 2692 1238 2959 1310; x_wconf 82' lang='lat' dir='ltr'><strong>haberet,</strong></span> <span class='ocrx_word' id='word_1_372' title='bbox 2982 1238 3145 1313; x_wconf 87' lang='lat' dir='ltr'><strong>quod</strong></span> <span class='ocrx_word' id='word_1_373' title='bbox 3174 1240 3230 1294; x_wconf 89' lang='lat' dir='ltr'><strong>in</strong></span> <span class='ocrx_word' id='word_1_374' title='bbox 3256 1240 3535 1313; x_wconf 84' lang='lat' dir='ltr'><strong>potentium</strong></span> <span class='ocrx_word' id='word_1_375' title='bbox 3552 1250 3649 1295; x_wconf 87' lang='lat' dir='ltr'><strong>tunc</strong></span> 
     </span>
     <span class='ocr_line' id='line_1_59' title="bbox 2168 1324 3651 1401; baseline 0.001 -22"><span class='ocrx_word' id='word_1_376' title='bbox 2168 1324 2464 1381; x_wconf 84' lang='lat' dir='ltr'><strong>hominum</strong></span> <span class='ocrx_word' id='word_1_377' title='bbox 2506 1325 3007 1399; x_wconf 85' lang='lat' dir='ltr'><strong>reprehensionem</strong></span> <span class='ocrx_word' id='word_1_378' title='bbox 3048 1328 3373 1383; x_wconf 85' lang='lat' dir='ltr'><strong>incurreret.</strong></span> <span class='ocrx_word' id='word_1_379' title='bbox 3412 1328 3651 1401; x_wconf 75' lang='lat' dir='ltr'><strong>Angustia·</strong></span> 
     </span>
     <span class='ocr_line' id='line_1_60' title="bbox 2171 1410 3643 1489; baseline -0.001 -20"><span class='ocrx_word' id='word_1_380' title='bbox 2171 1412 2331 1469; x_wconf 86' lang='lat' dir='ltr'><strong>ribus</strong></span> <span class='ocrx_word' id='word_1_381' title='bbox 2358 1412 2531 1489; x_wconf 74' lang='lat' dir='ltr'><strong>igitur</strong></span> <span class='ocrx_word' id='word_1_382' title='bbox 2557 1410 2765 1469; x_wconf 82' lang='lat' dir='ltr'><strong>finibus</strong></span> <span class='ocrx_word' id='word_1_383' title='bbox 2805 1414 3232 1487; x_wconf 84' lang='lat' dir='ltr'><strong>circumscripta</strong></span> <span class='ocrx_word' id='word_1_384' title='bbox 3266 1414 3567 1489; x_wconf 84' lang='lat' dir='ltr'><strong>singulorum</strong></span> <span class='ocrx_word' id='word_1_385' title='bbox 3592 1415 3643 1467; x_wconf 88' lang='lat' dir='ltr'><strong>ir-</strong></span> 
     </span>
     <span class='ocr_line' id='line_1_61' title="bbox 2170 1501 3650 1574; baseline -0.002 -17"><span class='ocrx_word' id='word_1_386' title='bbox 2170 1502 2401 1574; x_wconf 86' lang='lat' dir='ltr'><strong>risione,</strong></span> <span class='ocrx_word' id='word_1_387' title='bbox 2430 1502 2649 1558; x_wconf 87' lang='lat' dir='ltr'><strong>Comici</strong></span> <span class='ocrx_word' id='word_1_388' title='bbox 2675 1501 2824 1557; x_wconf 77' lang='lat' dir='ltr'><strong>lianc</strong></span> <span class='ocrx_word' id='word_1_389' title='bbox 2849 1503 2967 1559; x_wconf 77' lang='lat' dir='ltr'><strong>fere</strong></span> <span class='ocrx_word' id='word_1_390' title='bbox 2998 1503 3272 1559; x_wconf 87' lang='lat' dir='ltr'><strong>rationem</strong></span> <span class='ocrx_word' id='word_1_391' title='bbox 3294 1512 3567 1569; x_wconf 87' lang='lat' dir='ltr'><strong>tenuerunt,</strong></span> <span class='ocrx_word' id='word_1_392' title='bbox 3591 1512 3650 1565; x_wconf 78' lang='grc' dir='ltr'>ιιι,</span> 
     </span>
     <span class='ocr_line' id='line_1_62' title="bbox 2170 1588 3651 1666; baseline -0.003 -20"><span class='ocrx_word' id='word_1_393' title='bbox 2170 1589 2371 1646; x_wconf 86' lang='lat' dir='ltr'><strong>eadem</strong></span> <span class='ocrx_word' id='word_1_394' title='bbox 2394 1588 2529 1645; x_wconf 80' lang='lat' dir='ltr'><strong>vitia</strong></span> <span class='ocrx_word' id='word_1_395' title='bbox 2546 1591 2836 1660; x_wconf 85' lang='lat' dir='ltr'><strong>insectati,</strong></span> <span class='ocrx_word' id='word_1_396' title='bbox 2856 1591 3149 1666; x_wconf 70' lang='lat' dir='ltr'><strong>generales</strong></span> <span class='ocrx_word' id='word_1_397' title='bbox 3171 1609 3381 1645; x_wconf 87' lang='lat' dir='ltr'><strong>morum</strong></span> <span class='ocrx_word' id='word_1_398' title='bbox 3398 1589 3651 1662; x_wconf 82' lang='lat' dir='ltr'><strong>descriptio·</strong></span> 
     </span>
    </p>
   </div>
   <div class='ocr_carea' id='block_1_12' title="bbox 2172 1672 3672 1823">
    <p class='ocr_par' dir='ltr' id='par_1_12' title="bbox 2172 1672 3672 1823">
     <span class='ocr_line' id='line_1_63' title="bbox 2172 1672 3672 1753; baseline -0.003 -20"><span class='ocrx_word' id='word_1_399' title='bbox 2172 1696 2271 1734; x_wconf 66' lang='lat' dir='ltr'><strong>nes</strong></span> <span class='ocrx_word' id='word_1_400' title='bbox 2294 1676 2627 1734; x_wconf 85' lang='lat' dir='ltr'><strong>exhiberent</strong></span> <span class='ocrx_word' id='word_1_401' title='bbox 2660 1689 2718 1735; x_wconf 90' lang='lat' dir='ltr'><strong>et</strong></span> <span class='ocrx_word' id='word_1_402' title='bbox 2752 1675 2898 1734; x_wconf 81' lang='lat' dir='ltr'><strong>fictis</strong></span> <span class='ocrx_word' id='word_1_403' title='bbox 2935 1680 3271 1753; x_wconf 85' lang='lat' dir='ltr'><strong>plerumque</strong></span> <span class='ocrx_word' id='word_1_404' title='bbox 3306 1678 3651 1733; x_wconf 83' lang='lat' dir='ltr'><strong>nominibusln</strong></span> <span class='ocrx_word' id='word_1_405' title='bbox 3671 1672 3672 1677; x_wconf 61' lang='lat'>&#39;</span> 
     </span>
     <span class='ocr_line' id='line_1_64' title="bbox 2174 1764 2580 1823; baseline 0.003 -1"><span class='ocrx_word' id='word_1_406' title='bbox 2174 1764 2433 1822; x_wconf 79' lang='lat' dir='ltr'><strong>derent»</strong></span> <span class='ocrx_word' id='word_1_407' title='bbox 2472 1776 2580 1823; x_wconf 86' lang='lat' dir='ltr'><strong>etc.</strong></span> 
     </span>
    </p>
   </div>
   <div class='ocr_carea' id='block_1_13' title="bbox 2176 1849 3672 2021">
    <p class='ocr_par' dir='ltr' id='par_1_13' title="bbox 2176 1849 3672 2021">
     <span class='ocr_line' id='line_1_65' title="bbox 2254 1849 3651 1963; baseline -0.001 -54"><span class='ocrx_word' id='word_1_408' title='bbox 2254 1854 2460 1910; x_wconf 76' lang='lat' dir='ltr'><strong>Athen.</strong></span> <span class='ocrx_word' id='word_1_409' title='bbox 2498 1854 2535 1909; x_wconf 88' lang='grc'>6</span> <span class='ocrx_word' id='word_1_410' title='bbox 2539 1873 2639 1931; x_wconf 87' lang='lat' dir='ltr'><strong>,.p</strong></span> <span class='ocrx_word' id='word_1_411' title='bbox 2674 1870 2812 1925; x_wconf 77' lang='lat'><strong>222,</strong></span> <span class='ocrx_word' id='word_1_412' title='bbox 2846 1857 2949 1911; x_wconf 76' lang='lat' dir='ltr'><strong>A:</strong></span> <span class='ocrx_word' id='word_1_413' title='bbox 2988 1851 3347 1963; x_wconf 70' lang='grc' dir='ltr'>δπρμνήσομεν</span> <span class='ocrx_word' id='word_1_414' title='bbox 3372 1849 3430 1910; x_wconf 70' lang='grc' dir='ltr'><strong>τὰ</strong></span> <span class='ocrx_word' id='word_1_415' title='bbox 3456 1850 3555 1929; x_wconf 80' lang='grc' dir='ltr'>παρ’</span> <span class='ocrx_word' id='word_1_416' title='bbox 3572 1850 3651 1909; x_wconf 84' lang='grc' dir='ltr'><strong>Ἀ··</strong></span> 
     </span>
     <span class='ocr_line' id='line_1_66' title="bbox 2176 1938 3672 2021; baseline -0.003 -24"><span class='ocrx_word' id='word_1_417' title='bbox 2176 1940 2381 2020; x_wconf 77' lang='grc' dir='ltr'>τιφάνει</span> <span class='ocrx_word' id='word_1_418' title='bbox 2401 1939 2657 2019; x_wconf 78' lang='grc' dir='ltr'>λεγόμενα</span> <span class='ocrx_word' id='word_1_419' title='bbox 2688 1942 2741 1999; x_wconf 70' lang='grc' dir='ltr'><strong>ἐν</strong></span> <span class='ocrx_word' id='word_1_420' title='bbox 2770 1938 2993 2011; x_wconf 84' lang='grc' dir='ltr'>Ποιησει</span> <span class='ocrx_word' id='word_1_421' title='bbox 3014 1940 3159 1999; x_wconf 78' lang='grc' dir='ltr'>τόνδε</span> <span class='ocrx_word' id='word_1_422' title='bbox 3190 1960 3276 1999; x_wconf 88' lang='grc' dir='ltr'><strong>τον</strong></span> <span class='ocrx_word' id='word_1_423' title='bbox 3298 1940 3477 2021; x_wconf 77' lang='grc' dir='ltr'>τρόπον·</span> <span class='ocrx_word' id='word_1_424' title='bbox 3671 1954 3672 1969; x_wconf 58' lang='lat'>³</span> 
     </span>
    </p>
   </div>
   <div class='ocr_carea' id='block_1_14' title="bbox 2182 2086 3672 3984">
    <p class='ocr_par' dir='ltr' id='par_1_14' title="bbox 2182 2086 3672 3984">
     <span class='ocr_line' id='line_1_67' title="bbox 2370 2086 3381 2188; baseline -0.001 -28"><span class='ocrx_word' id='word_1_425' title='bbox 2370 2130 2467 2143; x_wconf 89' lang='lat'><em>-</em></span> <span class='ocrx_word' id='word_1_426' title='bbox 2486 2092 2793 2187; x_wconf 74' lang='grc' dir='ltr'>Μακάριόν</span> <span class='ocrx_word' id='word_1_427' title='bbox 2818 2118 2982 2161; x_wconf 89' lang='grc' dir='ltr'>εστιν</span> <span class='ocrx_word' id='word_1_428' title='bbox 3012 2100 3050 2169; x_wconf 76' lang='grc' dir='ltr'>ἡ</span> <span class='ocrx_word' id='word_1_429' title='bbox 3085 2086 3381 2188; x_wconf 80' lang='grc' dir='ltr'>τραγῳδία</span> 
     </span>
     <span class='ocr_line' id='line_1_68' title="bbox 2322 2194 3651 2294; baseline -0.005 -28"><span class='ocrx_word' id='word_1_430' title='bbox 2322 2199 2560 2291; x_wconf 81' lang='grc' dir='ltr'>ποίημα</span> <span class='ocrx_word' id='word_1_431' title='bbox 2583 2198 2742 2267; x_wconf 76' lang='grc' dir='ltr'>κατὰ</span> <span class='ocrx_word' id='word_1_432' title='bbox 2774 2194 2991 2286; x_wconf 83' lang='grc' dir='ltr'>πάντ’,</span> <span class='ocrx_word' id='word_1_433' title='bbox 3042 2197 3099 2267; x_wconf 85' lang='grc' dir='ltr'><strong>εἴ</strong></span> <span class='ocrx_word' id='word_1_434' title='bbox 3121 2226 3191 2294; x_wconf 89' lang='grc' dir='ltr'><strong>γε</strong></span> <span class='ocrx_word' id='word_1_435' title='bbox 3220 2208 3434 2294; x_wconf 84' lang='grc' dir='ltr'>πρῶτον</span> <span class='ocrx_word' id='word_1_436' title='bbox 3456 2198 3502 2263; x_wconf 86' lang='grc' dir='ltr'>οἱ</span> <span class='ocrx_word' id='word_1_437' title='bbox 3529 2198 3651 2287; x_wconf 75' lang='grc' dir='ltr'>λόγοι</span> 
     </span>
     <span class='ocr_line' id='line_1_69' title="bbox 2322 2305 3489 2400; baseline -0.002 -29"><span class='ocrx_word' id='word_1_438' title='bbox 2322 2305 2439 2371; x_wconf 82' lang='grc' dir='ltr'><strong>ὑπὸ</strong></span> <span class='ocrx_word' id='word_1_439' title='bbox 2469 2314 2591 2373; x_wconf 89' lang='grc' dir='ltr'><strong>τῶν</strong></span> <span class='ocrx_word' id='word_1_440' title='bbox 2622 2306 2851 2372; x_wconf 82' lang='grc' dir='ltr'>θεατῶν</span> <span class='ocrx_word' id='word_1_441' title='bbox 2882 2305 3037 2372; x_wconf 84' lang='grc' dir='ltr'>εἰσιν</span> <span class='ocrx_word' id='word_1_442' title='bbox 3066 2308 3489 2400; x_wconf 79' lang='grc' dir='ltr'>εγνωρισμένοι,</span> 
     </span>
     <span class='ocr_line' id='line_1_70' title="bbox 2322 2407 3672 2505; baseline -0.007 -26"><span class='ocrx_word' id='word_1_443' title='bbox 2322 2410 2458 2505; x_wconf 87' lang='grc' dir='ltr'>πρὶν</span> <span class='ocrx_word' id='word_1_444' title='bbox 2482 2414 2585 2479; x_wconf 88' lang='grc' dir='ltr'><strong>καί</strong></span> <span class='ocrx_word' id='word_1_445' title='bbox 2625 2407 2743 2479; x_wconf 90' lang='grc' dir='ltr'>τιν’</span> <span class='ocrx_word' id='word_1_446' title='bbox 2774 2414 2991 2498; x_wconf 81' lang='grc' dir='ltr'>εἰπεῖν,</span> <span class='ocrx_word' id='word_1_447' title='bbox 3030 2409 3172 2480; x_wconf 81' lang='grc' dir='ltr'>ὥσθ’</span> <span class='ocrx_word' id='word_1_448' title='bbox 3203 2418 3507 2504; x_wconf 74' lang='grc' dir='ltr'>ὑπομνῆσαι</span> <span class='ocrx_word' id='word_1_449' title='bbox 3531 2407 3672 2500; x_wconf 72' lang='grc' dir='ltr'>μόνον</span> 
     </span>
     <span class='ocr_line' id='line_1_71' title="bbox 2182 2506 3622 2651; baseline 0 -69"><span class='ocrx_word' id='word_1_450' title='bbox 2182 2510 2223 2583; x_wconf 87' lang='grc'><em>5</em></span> <span class='ocrx_word' id='word_1_451' title='bbox 2326 2506 2430 2583; x_wconf 89' lang='grc' dir='ltr'><strong>δεῖ</strong></span> <span class='ocrx_word' id='word_1_452' title='bbox 2450 2516 2556 2583; x_wconf 82' lang='grc' dir='ltr'><strong>τὸν</strong></span> <span class='ocrx_word' id='word_1_453' title='bbox 2591 2522 2873 2593; x_wconf 70' lang='grc' dir='ltr'>ποιητήν.</span> <span class='ocrx_word' id='word_1_454' title='bbox 2906 2511 3204 2587; x_wconf 86' lang='grc' dir='ltr'>Οἰδίπουν</span> <span class='ocrx_word' id='word_1_455' title='bbox 3230 2516 3333 2651; x_wconf 78' lang='grc' dir='ltr'><strong>γὰρ</strong></span> <span class='ocrx_word' id='word_1_456' title='bbox 3368 2514 3431 2583; x_wconf 79' lang='grc' dir='ltr'><strong>ἅν</strong></span> <span class='ocrx_word' id='word_1_457' title='bbox 3446 2543 3504 2610; x_wconf 83' lang='grc' dir='ltr'><strong>γε</strong></span> <span class='ocrx_word' id='word_1_458' title='bbox 3538 2525 3622 2605; x_wconf 73' lang='grc' dir='ltr'><strong>φῶ,</strong></span> 
     </span>
     <span class='ocr_line' id='line_1_72' title="bbox 2326 2618 3672 2717; baseline -0.004 -28"><span class='ocrx_word' id='word_1_459' title='bbox 2326 2618 2482 2715; x_wconf 85' lang='grc' dir='ltr'>(οἱ)</span> <span class='ocrx_word' id='word_1_460' title='bbox 2511 2619 2715 2690; x_wconf 70' lang='grc' dir='ltr'>τᾶλλα</span> <span class='ocrx_word' id='word_1_461' title='bbox 2745 2620 2927 2693; x_wconf 85' lang='grc' dir='ltr'>πάντ’</span> <span class='ocrx_word' id='word_1_462' title='bbox 2975 2626 3195 2693; x_wconf 82' lang='grc' dir='ltr'>ἴσασιν·</span> <span class='ocrx_word' id='word_1_463' title='bbox 3234 2631 3267 2691; x_wconf 84' lang='grc' dir='ltr'><strong><em>ὁ</em></strong></span> <span class='ocrx_word' id='word_1_464' title='bbox 3296 2652 3470 2717; x_wconf 75' lang='grc' dir='ltr'>πατηρ</span> <span class='ocrx_word' id='word_1_465' title='bbox 3498 2624 3672 2701; x_wconf 75' lang='grc' dir='ltr'>Λάϊος,</span> 
     </span>
     <span class='ocr_line' id='line_1_73' title="bbox 2329 2722 3622 2826; baseline 0.005 -32"><span class='ocrx_word' id='word_1_466' title='bbox 2329 2734 2524 2822; x_wconf 81' lang='grc' dir='ltr'>μητηρ</span> <span class='ocrx_word' id='word_1_467' title='bbox 2560 2723 2811 2805; x_wconf 76' lang='grc' dir='ltr'>ἰοκάστη</span> <span class='ocrx_word' id='word_1_468' title='bbox 2840 2780 2860 2813; x_wconf 90' lang='grc'>,</span> <span class='ocrx_word' id='word_1_469' title='bbox 2898 2731 3207 2826; x_wconf 79' lang='grc' dir='ltr'>θυγατέρες</span> <span class='ocrx_word' id='word_1_470' title='bbox 3230 2782 3247 2817; x_wconf 91' lang='grc'>,</span> <span class='ocrx_word' id='word_1_471' title='bbox 3278 2722 3467 2806; x_wconf 83' lang='grc' dir='ltr'>παῖδες</span> <span class='ocrx_word' id='word_1_472' title='bbox 3490 2729 3622 2805; x_wconf 76' lang='grc' dir='ltr'>τίνες,</span> 
     </span>
     <span class='ocr_line' id='line_1_74' title="bbox 2324 2830 3672 2924; baseline -0.005 -21"><span class='ocrx_word' id='word_1_473' title='bbox 2324 2836 2389 2903; x_wconf 90' lang='grc' dir='ltr'><strong>τί</strong></span> <span class='ocrx_word' id='word_1_474' title='bbox 2432 2830 2661 2903; x_wconf 87' lang='grc' dir='ltr'>πείσεθ’</span> <span class='ocrx_word' id='word_1_475' title='bbox 2698 2836 2866 2915; x_wconf 81' lang='grc' dir='ltr'>οὗτος</span> <span class='ocrx_word' id='word_1_476' title='bbox 2889 2888 2909 2924; x_wconf 99' lang='grc'>,</span> <span class='ocrx_word' id='word_1_477' title='bbox 2940 2840 3010 2907; x_wconf 87' lang='grc' dir='ltr'><strong>τί</strong></span> <span class='ocrx_word' id='word_1_478' title='bbox 3050 2840 3404 2915; x_wconf 74' lang='grc' dir='ltr'>πεποίηκενς</span> <span class='ocrx_word' id='word_1_479' title='bbox 3439 2830 3498 2901; x_wconf 77' lang='grc' dir='ltr'><strong>ἃν</strong></span> <span class='ocrx_word' id='word_1_480' title='bbox 3523 2832 3672 2915; x_wconf 49' lang='grc' dir='ltr'><strong>ιιιῦιινἸ</strong></span> 
     </span>
     <span class='ocr_line' id='line_1_75' title="bbox 2330 2933 3521 3036; baseline -0.004 -26"><span class='ocrx_word' id='word_1_481' title='bbox 2330 2943 2469 3036; x_wconf 77' lang='grc' dir='ltr'>εἴπῃ</span> <span class='ocrx_word' id='word_1_482' title='bbox 2507 2968 2603 3020; x_wconf 86' lang='grc' dir='ltr'><strong>τις</strong></span> <span class='ocrx_word' id='word_1_483' title='bbox 2638 2937 3011 3035; x_wconf 62' lang='grc' dir='ltr'>Αλκμαίωνα</span> <span class='ocrx_word' id='word_1_484' title='bbox 3034 2997 3057 3032; x_wconf 89' lang='grc'>,</span> <span class='ocrx_word' id='word_1_485' title='bbox 3086 2947 3190 3012; x_wconf 86' lang='grc' dir='ltr'><strong>καὶ</strong></span> <span class='ocrx_word' id='word_1_486' title='bbox 3224 2943 3301 3012; x_wconf 77' lang='grc' dir='ltr'><strong>τὰ</strong></span> <span class='ocrx_word' id='word_1_487' title='bbox 3330 2933 3521 3009; x_wconf 84' lang='grc' dir='ltr'>παιδία</span> 
     </span>
     <span class='ocr_line' id='line_1_76' title="bbox 2196 3043 3613 3142; baseline -0.006 -26"><span class='ocrx_word' id='word_1_488' title='bbox 2196 3071 2278 3116; x_wconf 83' lang='grc' dir='ltr'><strong>ιο</strong></span> <span class='ocrx_word' id='word_1_489' title='bbox 2332 3043 2511 3115; x_wconf 81' lang='grc' dir='ltr'>πάντ’</span> <span class='ocrx_word' id='word_1_490' title='bbox 2524 3047 2697 3125; x_wconf 77' lang='grc' dir='ltr'>εὐθὺς</span> <span class='ocrx_word' id='word_1_491' title='bbox 2720 3044 2954 3142; x_wconf 77' lang='grc' dir='ltr'>·εἴρηχ’,</span> <span class='ocrx_word' id='word_1_492' title='bbox 2993 3053 3091 3118; x_wconf 77' lang='grc' dir='ltr'><strong>ὅτι</strong></span> <span class='ocrx_word' id='word_1_493' title='bbox 3128 3049 3322 3142; x_wconf 81' lang='grc' dir='ltr'>μανεὶς</span> <span class='ocrx_word' id='word_1_494' title='bbox 3350 3047 3613 3112; x_wconf 70' lang='grc' dir='ltr'>ἀπέκτανεν</span> 
     </span>
     <span class='ocr_line' id='line_1_77' title="bbox 2328 3143 3657 3248; baseline -0.002 -30"><span class='ocrx_word' id='word_1_495' title='bbox 2328 3157 2437 3229; x_wconf 78' lang='grc' dir='ltr'><strong>τὴν</strong></span> <span class='ocrx_word' id='word_1_496' title='bbox 2471 3147 2706 3248; x_wconf 73' lang='grc' dir='ltr'>μητέρ’,</span> <span class='ocrx_word' id='word_1_497' title='bbox 2738 3153 3097 3248; x_wconf 80' lang='grc' dir='ltr'>ἀγανακτῶν</span> <span class='ocrx_word' id='word_1_498' title='bbox 3124 3146 3164 3219; x_wconf 87' lang='grc' dir='ltr'>δ</span> <span class='ocrx_word' id='word_1_499' title='bbox 3170 3151 3187 3170; x_wconf 75' lang='grc'>’</span> <span class='ocrx_word' id='word_1_500' title='bbox 3216 3143 3489 3246; x_wconf 70' lang='grc' dir='ltr'>Ᾰδραστος</span> <span class='ocrx_word' id='word_1_501' title='bbox 3509 3145 3657 3216; x_wconf 65' lang='grc' dir='ltr'>εὐθέως</span> 
     </span>
     <span class='ocr_line' id='line_1_78' title="bbox 2328 3257 3207 3346; baseline 0.008 -21"><span class='ocrx_word' id='word_1_502' title='bbox 2328 3257 2488 3346; x_wconf 78' lang='grc' dir='ltr'>ἥξει,</span> <span class='ocrx_word' id='word_1_503' title='bbox 2525 3263 2715 3326; x_wconf 86' lang='grc' dir='ltr'>πάλιν</span> <span class='ocrx_word' id='word_1_504' title='bbox 2746 3257 2805 3328; x_wconf 88' lang='grc' dir='ltr'><strong>τ’</strong></span> <span class='ocrx_word' id='word_1_505' title='bbox 2846 3257 3061 3328; x_wconf 78' lang='grc' dir='ltr'>ἄπεισι</span> <span class='ocrx_word' id='word_1_506' title='bbox 3068 3314 3207 3332; x_wconf 92' lang='grc'>......</span> 
     </span>
     <span class='ocr_line' id='line_1_79' title="bbox 2331 3356 3672 3460; baseline -0.009 -31"><span class='ocrx_word' id='word_1_507' title='bbox 2331 3357 2544 3449; x_wconf 82' lang='grc' dir='ltr'>ἔπειθ’,</span> <span class='ocrx_word' id='word_1_508' title='bbox 2574 3365 2717 3432; x_wconf 79' lang='grc' dir='ltr'>ὅταν</span> <span class='ocrx_word' id='word_1_509' title='bbox 2743 3358 2934 3458; x_wconf 81' lang='grc' dir='ltr'>μηδέν</span> <span class='ocrx_word' id='word_1_510' title='bbox 2959 3357 3370 3460; x_wconf 76' lang='grc' dir='ltr'>(γε)δῦνωντ’</span> <span class='ocrx_word' id='word_1_511' title='bbox 3400 3359 3551 3428; x_wconf 83' lang='grc' dir='ltr'>εἰπεῖν</span> <span class='ocrx_word' id='word_1_512' title='bbox 3570 3356 3672 3448; x_wconf 62' lang='grc' dir='ltr'>ἔτι,</span> 
     </span>
     <span class='ocr_line' id='line_1_80' title="bbox 2329 3460 3609 3564; baseline 0.001 -30"><span class='ocrx_word' id='word_1_513' title='bbox 2329 3460 2555 3562; x_wconf 73' lang='grc' dir='ltr'>κομιδῇ</span> <span class='ocrx_word' id='word_1_514' title='bbox 2578 3460 2618 3535; x_wconf 89' lang='grc' dir='ltr'>δ</span> <span class='ocrx_word' id='word_1_515' title='bbox 2626 3465 2642 3488; x_wconf 82' lang='grc'>’</span> <span class='ocrx_word' id='word_1_516' title='bbox 2678 3471 3087 3564; x_wconf 69' lang='grc' dir='ltr'>ἀπειρήκωσιν</span> <span class='ocrx_word' id='word_1_517' title='bbox 3108 3474 3171 3538; x_wconf 82' lang='grc' dir='ltr'><strong>ἐν</strong></span> <span class='ocrx_word' id='word_1_518' title='bbox 3198 3477 3321 3546; x_wconf 85' lang='grc' dir='ltr'>τοῖς</span> <span class='ocrx_word' id='word_1_519' title='bbox 3348 3460 3609 3559; x_wconf 66' lang='grc' dir='ltr'>δράμασιν,</span> 
     </span>
     <span class='ocr_line' id='line_1_81' title="bbox 2202 3567 3625 3702; baseline -0.001 -63"><span class='ocrx_word' id='word_1_520' title='bbox 2202 3567 2279 3640; x_wconf 78' lang='grc'><strong>15</strong></span> <span class='ocrx_word' id='word_1_521' title='bbox 2331 3572 2619 3702; x_wconf 76' lang='grc' dir='ltr'>αιρουσιν,</span> <span class='ocrx_word' id='word_1_522' title='bbox 2660 3579 2861 3669; x_wconf 79' lang='grc' dir='ltr'>ὥσπερ</span> <span class='ocrx_word' id='word_1_523' title='bbox 2890 3567 3224 3661; x_wconf 78' lang='grc' dir='ltr'>δάκτυλον,</span> <span class='ocrx_word' id='word_1_524' title='bbox 3250 3577 3355 3648; x_wconf 73' lang='grc' dir='ltr'><strong>τὴν</strong></span> <span class='ocrx_word' id='word_1_525' title='bbox 3392 3569 3625 3663; x_wconf 63' lang='grc' dir='ltr'>μηχανὴν</span> 
     </span>
     <span class='ocr_line' id='line_1_82' title="bbox 2330 3677 3568 3776; baseline 0 -31"><span class='ocrx_word' id='word_1_526' title='bbox 2330 3704 2434 3745; x_wconf 87' lang='grc' dir='ltr'><strong>και</strong></span> <span class='ocrx_word' id='word_1_527' title='bbox 2462 3689 2589 3757; x_wconf 89' lang='grc' dir='ltr'>τοῖς</span> <span class='ocrx_word' id='word_1_528' title='bbox 2618 3681 3006 3773; x_wconf 73' lang='grc' dir='ltr'>θεωμένοισιν</span> <span class='ocrx_word' id='word_1_529' title='bbox 3038 3683 3419 3776; x_wconf 76' lang='grc' dir='ltr'>ἀποχρώντως</span> <span class='ocrx_word' id='word_1_530' title='bbox 3452 3677 3568 3766; x_wconf 70' lang='grc' dir='ltr'>ἔχει</span> 
     </span>
     <span class='ocr_line' id='line_1_83' title="bbox 2328 3767 3655 3878; baseline -0.007 -26"><span class='ocrx_word' id='word_1_531' title='bbox 2328 3779 2489 3878; x_wconf 69' lang='grc' dir='ltr'>Ἡμῖν</span> <span class='ocrx_word' id='word_1_532' title='bbox 2508 3776 2579 3853; x_wconf 81' lang='grc' dir='ltr'>δὲ</span> <span class='ocrx_word' id='word_1_533' title='bbox 2608 3783 2781 3854; x_wconf 85' lang='grc' dir='ltr'>ταῦτ</span> <span class='ocrx_word' id='word_1_534' title='bbox 2815 3789 2924 3853; x_wconf 79' lang='grc' dir='ltr'>οὐκ</span> <span class='ocrx_word' id='word_1_535' title='bbox 2952 3789 3165 3875; x_wconf 76' lang='grc' dir='ltr'>ἔστιν,</span> <span class='ocrx_word' id='word_1_536' title='bbox 3202 3781 3339 3854; x_wconf 87' lang='grc' dir='ltr'>ἀλλ’</span> <span class='ocrx_word' id='word_1_537' title='bbox 3372 3783 3565 3849; x_wconf 78' lang='grc' dir='ltr'>ἅπαντα</span> <span class='ocrx_word' id='word_1_538' title='bbox 3592 3767 3655 3836; x_wconf 63' lang='grc' dir='ltr'>δεῖ.</span> 
     </span>
     <span class='ocr_line' id='line_1_84' title="bbox 2334 3883 3672 3984; baseline -0.001 -27"><span class='ocrx_word' id='word_1_539' title='bbox 2334 3895 2562 3983; x_wconf 85' lang='grc' dir='ltr'>εὑρεῖν,</span> <span class='ocrx_word' id='word_1_540' title='bbox 2612 3891 2879 3984; x_wconf 81' lang='grc' dir='ltr'>ὀνόματα</span> <span class='ocrx_word' id='word_1_541' title='bbox 2916 3917 3139 3978; x_wconf 89' lang='grc' dir='ltr'>καινα,</span> <span class='ocrx_word' id='word_1_542' title='bbox 3178 3918 3257 3960; x_wconf 88' lang='grc' dir='ltr'><strong>τα</strong></span> <span class='ocrx_word' id='word_1_543' title='bbox 3280 3883 3569 3976; x_wconf 69' lang='grc' dir='ltr'>διῳκημένα</span> <span class='ocrx_word' id='word_1_544' title='bbox 3671 3883 3672 3890; x_wconf 33' lang='lat'>¹</span> 
     </span>
    </p>
   </div>
   <div class='ocr_carea' id='block_1_15' title="bbox 2682 4013 3631 4048">
    <p class='ocr_par' dir='ltr' id='par_1_15' title="bbox 2682 4013 3631 4048">
     <span class='ocr_line' id='line_1_85' title="bbox 2682 4013 3631 4048; baseline 0 1802"><span class='ocrx_word' id='word_1_545' title='bbox 2682 4013 3631 4048; x_wconf 95' lang='lat' dir='ltr'><strong> </strong></span> 
     </span>
    </p>
   </div>
   <div class='ocr_carea' id='block_1_16' title="bbox 2186 4069 3672 5380">
    <p class='ocr_par' dir='ltr' id='par_1_16' title="bbox 2186 4069 3657 5380">
     <span class='ocr_line' id='line_1_86' title="bbox 2297 4069 3655 4158; baseline -0.008 -19"><span class='ocrx_word' id='word_1_546' title='bbox 2297 4082 2613 4155; x_wconf 81' lang='lat' dir='ltr'><strong>priusquam</strong></span> <span class='ocrx_word' id='word_1_547' title='bbox 2638 4083 2843 4158; x_wconf 80' lang='lat' dir='ltr'><strong>aliquis</strong></span> <span class='ocrx_word' id='word_1_548' title='bbox 2864 4093 3118 4152; x_wconf 81' lang='lat' dir='ltr'><strong>enarret,</strong></span> <span class='ocrx_word' id='word_1_549' title='bbox 3150 4091 3215 4140; x_wconf 87' lang='lat' dir='ltr'><strong>ut</strong></span> <span class='ocrx_word' id='word_1_550' title='bbox 3236 4069 3655 4139; x_wconf 69' lang='lat' dir='ltr'><strong>commemoratione</strong></span> 
     </span>
     <span class='ocr_line' id='line_1_87' title="bbox 2186 4154 3655 4250; baseline -0.01 -26"><span class='ocrx_word' id='word_1_551' title='bbox 2186 4173 2221 4250; x_wconf 81' lang='lat'><strong>‚⁵</strong></span> <span class='ocrx_word' id='word_1_552' title='bbox 2294 4167 2459 4226; x_wconf 81' lang='lat' dir='ltr'><strong>modo</strong></span> <span class='ocrx_word' id='word_1_553' title='bbox 2482 4179 2641 4240; x_wconf 78' lang='lat' dir='ltr'><strong>poeta</strong></span> <span class='ocrx_word' id='word_1_554' title='bbox 2675 4169 2932 4243; x_wconf 75' lang='lat' dir='ltr'><strong>indigeat.</strong></span> <span class='ocrx_word' id='word_1_555' title='bbox 2954 4173 3099 4228; x_wconf 83' lang='lat' dir='ltr'><strong>Nam</strong></span> <span class='ocrx_word' id='word_1_556' title='bbox 3124 4168 3385 4241; x_wconf 83' lang='lat' dir='ltr'><strong>OEdipum</strong></span> <span class='ocrx_word' id='word_1_557' title='bbox 3406 4161 3445 4219; x_wconf 84' lang='lat' dir='ltr'><strong>si</strong></span> <span class='ocrx_word' id='word_1_558' title='bbox 3470 4154 3655 4214; x_wconf 78' lang='lat' dir='ltr'><strong>nomino</strong></span> 
     </span>
     <span class='ocr_line' id='line_1_88' title="bbox 2296 4240 3653 4332; baseline -0.008 -21"><span class='ocrx_word' id='word_1_559' title='bbox 2296 4255 2373 4312; x_wconf 83' lang='lat' dir='ltr'><strong>ini</strong></span> <span class='ocrx_word' id='word_1_560' title='bbox 2402 4265 2579 4313; x_wconf 84' lang='lat' dir='ltr'><strong>cetera</strong></span> <span class='ocrx_word' id='word_1_561' title='bbox 2598 4258 2781 4315; x_wconf 86' lang='lat' dir='ltr'><strong>omnia</strong></span> <span class='ocrx_word' id='word_1_562' title='bbox 2801 4259 3023 4315; x_wconf 77' lang='lat' dir='ltr'><strong>scium:</strong></span> <span class='ocrx_word' id='word_1_563' title='bbox 3040 4256 3173 4332; x_wconf 86' lang='lat' dir='ltr'><strong>quid</strong></span> <span class='ocrx_word' id='word_1_564' title='bbox 3204 4250 3365 4328; x_wconf 81' lang='lat' dir='ltr'><strong>egerit</strong></span> <span class='ocrx_word' id='word_1_565' title='bbox 3382 4257 3507 4324; x_wconf 81' lang='lat' dir='ltr'><strong>pater</strong></span> <span class='ocrx_word' id='word_1_566' title='bbox 3520 4240 3653 4311; x_wconf 73' lang='lat' dir='ltr'><strong>Laius,</strong></span> 
     </span>
     <span class='ocr_line' id='line_1_89' title="bbox 2297 4342 3398 4418; baseline -0.004 -18"><span class='ocrx_word' id='word_1_567' title='bbox 2297 4352 2469 4400; x_wconf 84' lang='lat' dir='ltr'><strong>mater</strong></span> <span class='ocrx_word' id='word_1_568' title='bbox 2489 4348 2731 4413; x_wconf 86' lang='lat' dir='ltr'><strong>Iocaste,</strong></span> <span class='ocrx_word' id='word_1_569' title='bbox 2760 4345 2916 4412; x_wconf 57' lang='lat' dir='ltr'><strong>fliius,</strong></span> <span class='ocrx_word' id='word_1_570' title='bbox 2942 4346 3039 4401; x_wconf 82' lang='lat' dir='ltr'><strong>fflii</strong></span> <span class='ocrx_word' id='word_1_571' title='bbox 3062 4345 3157 4418; x_wconf 84' lang='lat' dir='ltr'><strong>qui</strong></span> <span class='ocrx_word' id='word_1_572' title='bbox 3185 4342 3398 4406; x_wconf 82' lang='lat' dir='ltr'><strong>fuerint,</strong></span> 
     </span>
     <span class='ocr_line' id='line_1_90' title="bbox 2292 4411 3672 4506; baseline -0.002 -18"><span class='ocrx_word' id='word_1_573' title='bbox 2292 4429 2429 4505; x_wconf 87' lang='lat' dir='ltr'><strong>quid</strong></span> <span class='ocrx_word' id='word_1_574' title='bbox 2454 4445 2713 4504; x_wconf 82' lang='lat' dir='ltr'><strong>passurus</strong></span> <span class='ocrx_word' id='word_1_575' title='bbox 2730 4433 2804 4488; x_wconf 85' lang='lat' dir='ltr'><strong>sit</strong></span> <span class='ocrx_word' id='word_1_576' title='bbox 2818 4431 2927 4500; x_wconf 82' lang='lat' dir='ltr'><strong>iiie,</strong></span> <span class='ocrx_word' id='word_1_577' title='bbox 2948 4432 3083 4506; x_wconf 84' lang='lat' dir='ltr'><strong>quid</strong></span> <span class='ocrx_word' id='word_1_578' title='bbox 3106 4431 3323 4489; x_wconf 75' lang='lat' dir='ltr'><strong>fecerit?</strong></span> <span class='ocrx_word' id='word_1_579' title='bbox 3343 4437 3501 4484; x_wconf 68' lang='lat' dir='ltr'><strong>rursm</strong></span> <span class='ocrx_word' id='word_1_580' title='bbox 3516 4419 3552 4474; x_wconf 71' lang='lat' dir='ltr'><strong>si</strong></span> <span class='ocrx_word' id='word_1_581' title='bbox 3572 4411 3672 4485; x_wconf 68' lang='lat'>‘1⁰5⁸</span> 
     </span>
     <span class='ocr_line' id='line_1_91' title="bbox 2294 4510 3569 4591; baseline -0.003 -17"><span class='ocrx_word' id='word_1_582' title='bbox 2294 4519 2427 4576; x_wconf 83' lang='lat' dir='ltr'><strong>dicit</strong></span> <span class='ocrx_word' id='word_1_583' title='bbox 2452 4518 2857 4587; x_wconf 78' lang='lat' dir='ltr'><strong>Aicmaeonem‚</strong></span> <span class='ocrx_word' id='word_1_584' title='bbox 2876 4519 2960 4576; x_wconf 78' lang='lat' dir='ltr'><strong>vei</strong></span> <span class='ocrx_word' id='word_1_585' title='bbox 2980 4517 3137 4591; x_wconf 86' lang='lat' dir='ltr'><strong>pueri</strong></span> <span class='ocrx_word' id='word_1_586' title='bbox 3156 4531 3337 4574; x_wconf 79' lang='lat' dir='ltr'><strong>omnes</strong></span> <span class='ocrx_word' id='word_1_587' title='bbox 3352 4510 3569 4571; x_wconf 67' lang='lat' dir='ltr'><strong>contium</strong></span> 
     </span>
     <span class='ocr_line' id='line_1_92' title="bbox 2192 4605 3355 4672; baseline -0.002 -10"><span class='ocrx_word' id='word_1_588' title='bbox 2192 4612 2257 4662; x_wconf 85' lang='grc'><strong>10</strong></span> <span class='ocrx_word' id='word_1_589' title='bbox 2290 4605 2560 4672; x_wconf 80' lang='lat' dir='ltr'><strong>clamant,</strong></span> <span class='ocrx_word' id='word_1_590' title='bbox 2590 4605 2851 4662; x_wconf 81' lang='lat' dir='ltr'><strong>insanum</strong></span> <span class='ocrx_word' id='word_1_591' title='bbox 2878 4621 3006 4663; x_wconf 89' lang='lat' dir='ltr'><strong>eum</strong></span> <span class='ocrx_word' id='word_1_592' title='bbox 3036 4605 3355 4662; x_wconf 75' lang='lat' dir='ltr'><strong>interfecisse</strong></span> 
     </span>
     <span class='ocr_line' id='line_1_93' title="bbox 2292 4691 3327 4765; baseline -0.001 -16"><span class='ocrx_word' id='word_1_593' title='bbox 2292 4698 2555 4762; x_wconf 68' lang='lat' dir='ltr'><strong>matrerm</strong></span> <span class='ocrx_word' id='word_1_594' title='bbox 2584 4691 2897 4765; x_wconf 83' lang='lat' dir='ltr'><strong>indignatus</strong></span> <span class='ocrx_word' id='word_1_595' title='bbox 2918 4709 3049 4750; x_wconf 81' lang='lat' dir='ltr'><strong>vero</strong></span> <span class='ocrx_word' id='word_1_596' title='bbox 3072 4693 3327 4750; x_wconf 75' lang='lat' dir='ltr'><strong>Adrastus</strong></span> 
     </span>
     <span class='ocr_line' id='line_1_94' title="bbox 2292 4779 3331 4848; baseline -0.007 -10"><span class='ocrx_word' id='word_1_597' title='bbox 2292 4780 2479 4838; x_wconf 81' lang='lat' dir='ltr'><strong>subito</strong></span> <span class='ocrx_word' id='word_1_598' title='bbox 2496 4779 2671 4836; x_wconf 81' lang='lat' dir='ltr'><strong>aderit</strong></span> <span class='ocrx_word' id='word_1_599' title='bbox 2688 4819 2705 4848; x_wconf 90' lang='lat'>‚</span> <span class='ocrx_word' id='word_1_600' title='bbox 2728 4787 2787 4836; x_wconf 83' lang='lat' dir='ltr'><strong>et</strong></span> <span class='ocrx_word' id='word_1_601' title='bbox 2810 4795 2999 4837; x_wconf 80' lang='lat' dir='ltr'><strong>rursus</strong></span> <span class='ocrx_word' id='word_1_602' title='bbox 3026 4779 3217 4838; x_wconf 83' lang='lat' dir='ltr'><strong>abibit.</strong></span> <span class='ocrx_word' id='word_1_603' title='bbox 3222 4815 3331 4835; x_wconf 91' lang='grc'>.....</span> 
     </span>
     <span class='ocr_line' id='line_1_95' title="bbox 2292 4858 3503 4937; baseline -0.003 -15"><span class='ocrx_word' id='word_1_604' title='bbox 2292 4865 2419 4922; x_wconf 83' lang='lat' dir='ltr'><strong>dein</strong></span> <span class='ocrx_word' id='word_1_605' title='bbox 2437 4907 2454 4934; x_wconf 89' lang='lat'>‚</span> <span class='ocrx_word' id='word_1_606' title='bbox 2486 4865 2533 4922; x_wconf 83' lang='lat' dir='ltr'><strong>si</strong></span> <span class='ocrx_word' id='word_1_607' title='bbox 2548 4865 2693 4922; x_wconf 83' lang='lat' dir='ltr'><strong>nihil</strong></span> <span class='ocrx_word' id='word_1_608' title='bbox 2712 4873 2975 4937; x_wconf 74' lang='lat' dir='ltr'><strong>praeteoea</strong></span> <span class='ocrx_word' id='word_1_609' title='bbox 2996 4863 3283 4923; x_wconf 81' lang='lat' dir='ltr'><strong>dicendum</strong></span> <span class='ocrx_word' id='word_1_610' title='bbox 3310 4858 3503 4918; x_wconf 72' lang='lat' dir='ltr'><strong>hahent,</strong></span> 
     </span>
     <span class='ocr_line' id='line_1_96' title="bbox 2291 4949 3133 5010; baseline -0.002 0"><span class='ocrx_word' id='word_1_611' title='bbox 2291 4961 2348 5010; x_wconf 89' lang='lat' dir='ltr'><strong>et</strong></span> <span class='ocrx_word' id='word_1_612' title='bbox 2374 4949 2723 5010; x_wconf 79' lang='lat' dir='ltr'><strong>vehementer</strong></span> <span class='ocrx_word' id='word_1_613' title='bbox 2744 4951 2995 5010; x_wconf 82' lang='lat' dir='ltr'><strong>laborant</strong></span> <span class='ocrx_word' id='word_1_614' title='bbox 3124 4949 3133 4954; x_wconf 79' lang='grc'><strong>’</strong></span> 
     </span>
     <span class='ocr_line' id='line_1_97' title="bbox 2190 5029 3564 5112; baseline -0.009 -13"><span class='ocrx_word' id='word_1_615' title='bbox 2190 5047 2257 5100; x_wconf 80' lang='grc'><strong>15</strong></span> <span class='ocrx_word' id='word_1_616' title='bbox 2290 5040 2603 5099; x_wconf 76' lang='lat' dir='ltr'><strong>extollunt</strong></span> <span class='ocrx_word' id='word_1_617' title='bbox 2589 5057 2651 5098; x_wconf 86' lang='grc' dir='ltr'><strong>ιιι</strong></span> <span class='ocrx_word' id='word_1_618' title='bbox 2674 5039 2892 5109; x_wconf 82' lang='lat' dir='ltr'><strong>fabulis,</strong></span> <span class='ocrx_word' id='word_1_619' title='bbox 2914 5048 2979 5098; x_wconf 88' lang='lat' dir='ltr'><strong>ut</strong></span> <span class='ocrx_word' id='word_1_620' title='bbox 2993 5039 3257 5112; x_wconf 76' lang='lat' dir='ltr'><strong>digitum,</strong></span> <span class='ocrx_word' id='word_1_621' title='bbox 3286 5029 3564 5090; x_wconf 68' lang='lat' dir='ltr'><strong>machinam·</strong></span> 
     </span>
     <span class='ocr_line' id='line_1_98' title="bbox 2294 5123 3135 5200; baseline -0.005 -18"><span class='ocrx_word' id='word_1_622' title='bbox 2294 5125 2457 5200; x_wconf 87' lang='lat' dir='ltr'><strong>idque</strong></span> <span class='ocrx_word' id='word_1_623' title='bbox 2482 5125 2879 5199; x_wconf 81' lang='lat' dir='ltr'><strong>spectatoribus</strong></span> <span class='ocrx_word' id='word_1_624' title='bbox 2906 5123 3135 5184; x_wconf 77' lang='lat' dir='ltr'><strong>sufficit.</strong></span> 
     </span>
     <span class='ocr_line' id='line_1_99' title="bbox 2293 5195 3531 5287; baseline -0.015 -17"><span class='ocrx_word' id='word_1_625' title='bbox 2293 5213 2466 5270; x_wconf 79' lang='lat' dir='ltr'><strong>Nobis</strong></span> <span class='ocrx_word' id='word_1_626' title='bbox 2490 5221 2675 5271; x_wconf 81' lang='lat' dir='ltr'><strong>autem</strong></span> <span class='ocrx_word' id='word_1_627' title='bbox 2700 5214 2782 5274; x_wconf 86' lang='lat' dir='ltr'><strong>sic</strong></span> <span class='ocrx_word' id='word_1_628' title='bbox 2800 5227 2963 5287; x_wconf 76' lang='lat' dir='ltr'><strong>agere</strong></span> <span class='ocrx_word' id='word_1_629' title='bbox 2978 5227 3089 5270; x_wconf 85' lang='lat' dir='ltr'><strong>non</strong></span> <span class='ocrx_word' id='word_1_630' title='bbox 3112 5211 3249 5276; x_wconf 74' lang='lat' dir='ltr'><strong>iicet,</strong></span> <span class='ocrx_word' id='word_1_631' title='bbox 3268 5203 3355 5262; x_wconf 80' lang='lat' dir='ltr'><strong>sed</strong></span> <span class='ocrx_word' id='word_1_632' title='bbox 3376 5195 3531 5256; x_wconf 78' lang='lat' dir='ltr'><strong>omnia</strong></span> 
     </span>
     <span class='ocr_line' id='line_1_100' title="bbox 2296 5292 3403 5380; baseline -0.008 -23"><span class='ocrx_word' id='word_1_633' title='bbox 2296 5299 2628 5380; x_wconf 55' lang='lat' dir='ltr'><strong>invenienda</strong></span> <span class='ocrx_word' id='word_1_634' title='bbox 2642 5309 2803 5371; x_wconf 84' lang='lat' dir='ltr'><strong>suut,</strong></span> <span class='ocrx_word' id='word_1_635' title='bbox 2828 5302 3054 5359; x_wconf 83' lang='lat' dir='ltr'><strong>nomina</strong></span> <span class='ocrx_word' id='word_1_636' title='bbox 3080 5313 3245 5364; x_wconf 74' lang='lat' dir='ltr'><strong>nova,</strong></span> <span class='ocrx_word' id='word_1_637' title='bbox 3269 5292 3403 5367; x_wconf 78' lang='lat' dir='ltr'><strong>prius</strong></span> 
     </span>
    </p>
   </div>
  </div>
 </body>
</html>
