3809 5850
1625 393 1724 453 Eu
1736 392 1971 454 Pons,

3304 408 3406 457 161

195 527 356 599 gratia
376 518 710 601 Ἐπιχώριός
733 523 868 593 ἐστι,
889 534 1028 597 etc.;
1053 522 1156 579 sed
1178 540 1384 596 parum
1409 523 1598 578 usitati
1619 532 1758 577 sunt
1851 522 2085 596 quidem
2112 524 2259 598 reip.
2286 534 2637 579 succurrant.
2660 526 2694 579 J
2696 542 2789 579 am
2812 525 3003 583 Nicias
3024 526 3170 581 obiit
3192 527 3411 600 olymp.

196 612 444 686 anapaesti
467 612 589 667 duo
613 612 878 667 continui
896 611 956 665 in
973 610 1206 681 iambis,
1233 621 1548 685 contraque
1569 611 1760 665 omitti
1847 630 1947 687 91,
1978 617 2011 677 l.
2040 607 2247 687 (Thuc.
2284 630 2343 682 7,
2378 606 2506 685 86),
2534 630 2605 667 ex
2632 630 2750 686 quo
2774 632 3121 687 consequens
3154 624 3269 688 est,
3294 618 3416 670 De-

194 703 319 756 solet
343 688 500 757 εἷναι.
531 701 717 776 Igitur
741 699 989 755 scribam

275 808 622 906 Ἐπιχώριος
649 806 720 879 δὲ
742 811 846 877 καὶ
883 806 1050 889 ξένης
1075 812 1194 878 ἀπὸ
1230 812 1456 903 χθονός.

187 942 340 998 Idem
364 942 550 1000 schol.
578 943 756 1015 VespJ
778 938 892 1011 687
928 959 942 995 z
982 936 1070 995 τὸν
1098 936 1200 1015 γὰρ
1227 936 1466 1017 Χαιρέαν
1507 939 1572 997 Ε.
1604 938 1658 994 ἐν
1686 940 1750 997 B.

188 1032 254 1093 ὡς
283 1026 428 1095 ξένον
469 1028 742 1105 κωμῳδεῖ.
790 1052 814 1077 ι
845 1030 1104 1083 Fortasse
1127 1027 1330 1083 eodem
1365 1028 1498 1083 loco
1523 1027 1755 1096 fabulae,

182 1138 296 1191 quo
317 1116 767 1174 Archedemum.
787 1116 900 1187 Qui
924 1115 1156 1188 quidem
1175 1116 1429 1172 Chaereas
1451 1134 1588 1169 num
1606 1114 1758 1171 idem

179 1208 374 1271 fuerit,
403 1224 585 1280 quem
605 1206 790 1261 Thnc.
817 1214 1227 1259 commemorat
1251 1204 1311 1276 8,
1345 1212 1418 1274 74
1447 1214 1504 1260 et
1533 1202 1628 1274 80,
1647 1222 1758 1278 pro

176 1306 340 1351 certo
361 1312 488 1349 non
509 1289 938 1349 affirmaverim.
972 1315 998 1341 n
1032 1292 1084 1345 E
1103 1292 1194 1346 M.

853 1422 952 1459 20.
997 1422 1093 1459 21.

247 1520 422 1578 Idem
447 1517 632 1575 schol.
662 1514 798 1576 Pac.
828 1524 976 1585 1244
1005 1536 1020 1571 ι
1047 1512 1300 1581 κότταὸος
1321 1511 1378 1572 δὲ
1405 1514 1642 1573 ἐκαλεῖτο
1667 1513 1757 1572 καὶ

163 1608 228 1665 τὸ
255 1604 537 1683 τιθέμενον
575 1593 736 1662 {elev
759 1602 867 1668 τοῖς
891 1604 1102 1661 νικῶσιν
1131 1603 1186 1660 ὄν
1227 1603 1306 1682 τῷ
1342 1601 1521 1681 πότῳ,
1563 1601 1656 1660 καὶ
1696 1600 1758 1660 τὸ

165 1694 364 1773 ἄγγος,
395 1695 474 1759 εἰς
513 1691 546 1749 8
569 1690 822 1750 ἕνίὸαλον
855 1688 976 1757 τοὺς
1003 1688 1268 1768 λάταγας,
1309 1692 1380 1757 ὥς
1421 1693 1676 1767 Κρατῖνος
1704 1692 1756 1747 ἐν

158 1782 412 1859 Νεμέσει
433 1778 718 1839 &tamew-
741 1776 822 1836 ὅτι
847 1776 902 1837 δὲ
927 1777 1020 1837 καὶ
1036 1780 1268 1856 χαλκοῦν
1293 1768 1378 1853 ἦν,
1403 1781 1468 1834 E.
1497 1780 1550 1836 ἐν
1581 1778 1646 1839 Β.
1671 1777 1756 1835 λε’·

153 1894 264 1945 γει,
1087 1884 1092 1889 ’

261 1991 511 2073 xum?
550 1982 691 2076 περὶ
715 1976 1017 2069 not-roffio.

145 2114 252 2171 Ad
271 2112 530 2170 eandem
547 2111 700 2165 hanc
717 2109 920 2165 fabulae
937 2120 1182 2183 partem,
1207 2108 1267 2163 in
1297 2124 1410 2180 qua
1439 2106 1652 2173 cottabi
1672 2106 1758 2160 lu-

143 2204 306 2258 dum
327 2210 516 2276 poeta
534 2198 896 2266 exhibuerat,
917 2195 1167 2269 respexit
1187 2194 1396 2252 Athen.
1416 2192 1510 2267 15,
1528 2212 1590 2269 p.
1615 2192 1754 2263 667,

149 2296 204 2348 D
245 2314 262 2346 :
300 2288 386 2348 ὅτι
417 2285 478 2345 δὲ
503 2276 666 2343 ἆθλον
688 2280 964 2365 προύκειτο
985 2284 1060 2361 τῷ
1086 2272 1144 2340 εὖ
1163 2278 1435 2362 προεμένῳ
1457 2280 1545 2338 τὸν
1568 2278 1754 2339 κόττα·

145 2380 252 2435 δον
267 2422 290 2449 ,
325 2372 624 2455 προείρηκε
649 2370 746 2449 μὲν
769 2370 862 2429 καὶ
886 2372 916 2428 ὃ
933 2367 1254 2449 Ἀντιφάνης·
1277 2364 1359 2447 ᾠὰ
1382 2366 1486 2447 γάρ
1507 2368 1642 2443 ἐστι,
1667 2365 1758 2425 καὶ

145 2465 460 2541 πέμματα,
470 2458 568 2521 καὶ
593 2456 931 2538 τραγήματα·
952 2455 1140 2533 ὁμοίως
1160 2454 1216 2514 δὲ
1244 2452 1756 2535 διεξέρχονται...κα“ι

149 2558 226 2611 Ε.
259 2546 597 2632 ‘lippi-mevi<
613 2568 674 2604 τι
693 2548 746 2604 ἐν
773 2545 880 2612 τοῖς
903 2542 1158 2621 Ἰάμὸοις.

929 2678 1024 2716 22.

243 2776 424 2835 Idem
443 2774 632 2832 schol.
656 2770 826 2829 Pluto
848 2772 962 2841 884
990 2794 1003 2828 :
1024 2770 1166 2847 λέγει
1183 2760 1295 2842 οὗν,
1317 2770 1376 2828 οὖ
1400 2768 1664 2849 φοὸοῧμαί
1679 2786 1758 2844 σε,

155 2863 316 2942 ἔχων
341 2860 569 2945 φυσικὸν
593 2857 892 2932 δακτύλιον,
923 2857 1291 2916 δακτύλιον
1319 2855 1375 2915 δέ
1403 2878 1532 2937 φησι
1558 2855 1645 2914 τὸν
1673 2858 1758 2914 λι·

155 2951 402 3026 ‘foy-mv
447 2970 583 3028 φαρ
603 2969 738 3022 μακ
760 2946 940 3017 ίτην.
973 2949 1043 3005 Ε.
1075 2947 1142 3005 Β.
1194 2944 1480 3022 μέμνηται.
1515 2947 1757 3018 Hesych.

155 3037 476 3103 Δακτύλιος
501 3033 842 3116 φαρμακίτης
859 3079 878 3107 ,
914 3031 971 3092 ὃν
996 3035 1045 3092 οἱ
1079 3033 1508 3114 φαρμακοπῶλαι
1551 3031 1760 3090 εἰώθασι

159 3125 508 3204 πιπράσκειν
531 3123 652 3181 ἀντὶ
677 3123 984 3204 φαρμάκου.
1011 3127 1100 3180 De
1123 3126 1222 3180 tali
1243 3124 1456 3181 annulo
1477 3122 1758 3199 Antipha-

159 3233 274 3271 nes
299 3235 397 3290 ap.
429 3215 644 3272 Athen.
686 3231 746 3283 ο,
771 3231 830 3288 Ρ.
863 3211 995 3281 123,
1031 3211 1076 3270 B
1104 3229 1120 3271 :

255 3343 430 3424 Παρὰ
473 3339 758 3423 Φερτάτου
785 3339 1056 3408 δακτύλιός
1088 3341 1200 3400 icti
1225 3361 1313 3418 μοι
1337 3341 1596 3442 δραχμῆς.

167 3481 446 3535 Clemens
490 3478 657 3537 Alex.
704 3477 918 3533 Strom.
965 3495 1016 3547 1,
1051 3495 1113 3551 p.
1149 3474 1289 3546 334,
1330 3477 1376 3531 B
1404 3495 1418 3529 ε
1446 3471 1758 3543 Ἐξήκεστος

169 3570 200 3622 ὃ
221 3565 474 3626 Φωκέων
499 3563 776 3644 τύραννος,
815 3560 908 3621 δύο
941 3562 1249 3629 δακτυλίους
1271 3565 1444 3643 φορῶν
1480 3585 1760 3640 γεγοητευ-

175 3654 404 3727 μένους,
435 3655 514 3732 τῷ
539 3651 696 3733 ψόφῳ
721 3654 798 3732 τῷ
831 3649 960 3730 πρὸς
999 3650 1260 3722 ἀλλήλους
1291 3649 1596 3730 διῃσθᾶνετο
1639 3649 1758 3718 τοὺς

175 3743 394 3822 καιροὺς
417 3743 526 3799 τῶν
562 3739 818 3820 πράξεων·
847 3737 1073 3798 ἀπέθανε
1103 3738 1160 3796 δὲ
1199 3739 1340 3815 ὅμως
1367 3738 1757 3818 δολοφονηθεὶς,

179 3831 352 3888 mitet
375 3826 820 3907 προσημῆναντος
842 3831 934 3886 τοῦ
958 3825 1154 3908 ψόφου,
1181 3825 1252 3894 ὥς
1275 3849 1433 3908 φησιν
1463 3826 1755 3906 Ἀριστοτέ-

181 3917 274 3988 λης
295 3919 350 3976 ἒν
381 3919 456 3995 τῇ
479 3915 723 3976 Φωκέων
751 3913 1008 3994 πολιτείᾳ.

263 4007 431 4065 Adde
452 4007 658 4082 fragm.
683 4006 742 4060 in
769 4007 996 4060 incertis
1013 4005 1264 4080 positum
1287 4023 1343 4059 n.
1376 4008 1472 4070 45.

781 4131 848 4190 V.
904 4133 1172 4193 ΔΗΜΟΙ.

261 4257 614 4331 Intelligitur
640 4273 710 4310 ex
737 4254 1060 4330 fragmento
1087 4261 1120 4322 Ι.
1141 4253 1313 4325 hujus
1333 4255 1558 4323 fabulae,
1584 4254 1757 4309 Niciae

185 4363 414 4421 magnas
442 4345 504 4398 in
535 4361 600 4399 ea
629 4343 800 4398 fuisse
843 4354 1070 4418 partes,
1115 4354 1179 4398 ut
1219 4345 1321 4418 qui
1359 4344 1581 4398 nobiles
1619 4343 1758 4396 olim

187 4437 308 4488 illos
327 4433 632 4501 Solonem,
651 4429 966 4486 Miltiadem
986 4471 1002 4498 ,
1025 4427 1351 4499 Aristidem,
1377 4431 1652 4486 Periclem
1680 4430 1755 4484 ab

187 4523 370 4578 inferis
416 4521 628 4575 excitet
645 4561 664 4592 ,
711 4530 778 4574 ut
824 4519 1074 4574 consiliis
1136 4520 1250 4573 suis
1321 4515 1549 4573 afflictae
1594 4536 1746 4572 nunc

1850 716 1977 753 mos
2008 717 2128 753 non
2148 699 2405 773 potuisse
2424 699 2622 755 doceri
2644 710 2777 775 post
2800 702 3018 776 olymp.
3048 721 3117 776 91
3134 744 3150 775 ,
3178 702 3243 771 33
3268 713 3326 758 et
3342 722 3417 757 ne

1853 787 2021 841 tertio
2064 787 2300 859 quidem
2328 798 2429 843 aut
2468 789 2722 843 secundo
2751 808 2900 845 anno
2932 789 3181 861 ejusdem
3220 791 3417 864 olym-

1847 873 2036 947 piadis
2069 894 2083 929 z
2125 875 2225 930 vix
2250 878 2401 930 enim
2424 874 2698 931 credibile
2726 888 2839 945 est,
2868 878 3097 933 absente
3120 878 3283 933 Nicia
3310 896 3415 933 co-

1851 961 2153 1031 moediam‚
2194 981 2319 1036 quae
2348 962 2425 1018 ad
2450 963 2638 1037 ipsum
2665 965 2833 1021 valde
2870 967 3212 1039 pertineret,
3238 984 3415 1021 scenae

1852 1050 2211 1105 commissam
2258 1068 2395 1106 esse.
2440 1048 2741 1107 Profectus
2784 1064 2975 1107 autem
3010 1064 3095 1109 est
3138 1052 3328 1111 Nicias
3358 1053 3417 1106 in

1849 1136 2100 1193 Siciliam
2114 1139 2438 1195 Arimnesto
2458 1139 2733 1195 archonte
2752 1142 2972 1214 olymp.
2998 1160 3067 1215 9¹
3082 1180 3098 1209 ,
3126 1158 3148 1195 1
3178 1150 3417 1196 exeunte

1857 1225 2019 1301 (ante
2042 1227 2176 1283 Chr.
2210 1237 2328 1282 nat.
2359 1225 2473 1292 415
2496 1223 2548 1301 ),
2576 1246 2762 1301 neque
2790 1230 2962 1302 igitur
2988 1240 3120 1302 post
3144 1228 3297 1284 hunc
3318 1246 3417 1281 an·

1849 1332 1989 1369 num
2012 1315 2103 1389 agi
2121 1322 2435 1388 potuerunt
2453 1316 2641 1370 Demi.
2672 1340 2697 1363 ν
2726 1317 2778 1369 Ε
2800 1314 2887 1369 M.
2914 1316 3134 1371 Chorus
3160 1316 3417 1390 (Δῆμοι),

1849 1402 1955 1456 sub
1981 1404 2239 1476 personis
2266 1420 2464 1458 senum
2489 1400 2593 1476 (fr.
2634 1400 2701 1457 15
2718 1402 2769 1481 ),·
2787 1404 3100 1457 constitisse
3126 1402 3415 1477 putandus

1850 1498 1935 1543 est
1978 1506 2047 1545 ex
2082 1490 2254 1543 variis
2296 1489 2560 1564 gentibus
2602 1490 2945 1543 continentis
2974 1501 3031 1545 et
3074 1490 3381 1543 insularum
3398 1531 3413 1558 ,

1846 1577 2058 1650 partim
2081 1576 2348 1649 subjectis
2369 1577 2700 1653 reipublicae
2723 1579 2950 1649 Atticae,
2974 1579 3183 1653 partim
3204 1577 3417 1633 foedcre

1847 1666 2169 1739 conjunctis
2184 1706 2202 1735 ‚
2233 1666 2537 1741 coryphaeo
2565 1666 2919 1723 Atheniensi.

1930 1892 2210 1965 Harpocr.
2231 1908 2291 1963 p.
2323 1887 2451 1957 125,
2488 1890 2553 1943 13
2580 1908 2594 1942 :
2623 1886 2743 1963 περὶ
2762 1884 2814 1943 δὲ
2836 1890 2924 1943 τοῦ
2950 1890 3245 1961 μειαγωγοῖἱ
3276 1888 3337 1944 Ιζ.
3364 1887 3416 1941 ἐν

1849 1974 2076 2051 Δήμοις·

1948 2137 2028 2151 -
2055 2114 2385 2197 Τοιγαροῦν

1950 2200 2142 2285 οὐδεὶς
2178 2208 2515 2301 στρατηγὸς
2560 2202 2623 2282 ἐξ
2659 2207 2884 2272 ἐκείνου
2920 2218 3029 2273 τοῦ
3060 2208 3268 2300 χρόνου

1950 2307 2185 2380 ἐδύνατ’
2224 2308 2319 2395 ἃν,
2351 2316 2545 2404 ὥσπερ
2578 2313 2937 2405 μειαγωγὸς,
2968 2313 3135 2393 ἐξιὼν

1948 2428 2058 2495 τῆς
2092 2410 2271 2483 τοῦδε
2313 2416 2481 2493 νίκης
2516 2408 2750 2482 πλείον’
2782 2419 3027 2483 ἑλκύσαι
3065 2415 3350 2508 σταθμόν.

1849 2564 2009 2619 Libri
2036 2560 2225 2641 χρόνου
2260 2558 2424 2627 οὐδεὶς
2464 2556 2679 2617 δύναται
2720 2558 2784 2619 ὥ.
2820 2584 2879 2637 μ.
2924 2562 3137 2631 ἑστιῶν,
3170 2580 3416 2635 quorum

1851 2645 2070 2705 δύναται
2098 2661 2155 2706 et
2184 2646 2410 2725 ἄμετρον
2452 2660 2535 2704 est
2554 2690 2572 2723 ,
2601 2660 2659 2704 et
2694 2650 2943 2704 alienum
2970 2666 3005 2704 a
3044 2650 3215 2704 rebus
3232 2688 3249 2717 ,
3289 2666 3415 2721 quae

1855 2737 2146 2807 dicuntur,
2176 2738 2505 2811 praeteritis,
2527 2737 2875 2793 simillimum
2901 2755 3038 2793 vero
3062 2737 3182 2809 ejus
3210 2732 3415 2791 ἐδύνατ’

1849 2821 1938 2883 ἄν.
1970 2823 2156 2889 Οὐδεὶς
2192 2836 2322 2881 ante
2354 2844 2538 2901 στρατ.
2566 2827 2760 2899 posuit
2795 2824 3143 2881 GronoviuS.
3186 2819 3416 2881 Ἑστιῶν

1851 2914 2034 2970 multo
2064 2915 2235 2970 etiam
2279 2914 2458 2988 magis
2501 2913 2573 2969 ab
2600 2932 2667 2969 re
2704 2912 3004 2982 abhorret,
3042 2931 3147 2968 nec
3178 2910 3417 2966 dubium

1853 3003 1992 3075 quin
2028 3004 2173 3077 Eup.
2219 3002 2427 3058 dixerit
2456 2997 2600 3068 ἐξιὼν
2620 3042 2638 3069 ,
2674 3020 2849 3076 quum
2876 3001 2947 3057 de
2986 2998 3011 3067 ξ
3049 3011 3106 3056 et
3139 3021 3172 3057 σ
3210 3001 3301 3055 vel
3329 3019 3414 3064 σσ,

1851 3091 1948 3145 cui
1991 3091 2172 3145 simile
2217 3111 2299 3158 στ,
2343 3091 2679 3165 permutatis
2716 3099 2954 3147 constet.
2999 3091 3085 3144 De
3129 3083 3418 3160 μειαγωγὸς

1851 3197 1910 3236 v.
1936 3177 2269 3235 Schneideri
2291 3180 2432 3236 Lex.
2461 3197 2517 3232 v.
2548 3175 2731 3236 Μεῒον.
2756 3181 2823 3234 ln
2850 3178 3101 3249 senarios
3125 3177 3243 3232 haec
3263 3174 3419 3232 redi-

1852 3267 2042 3344 genda
2064 3284 2201 3340 esse,
2229 3267 2399 3322 sensit
2421 3264 2764 3320 Gronovius.

2609 3409 2664 3449 2.

1930 3523 2219 3598 Longinus
2248 3523 2332 3577 De
2366 3521 2593 3576 sublim.
2635 3519 2727 3590 16,
2770 3519 2827 3592 3,
2856 3520 2929 3576 de
2958 3519 3167 3575 celebri
3192 3519 3417 3592 jureju-

1850 3609 2031 3666 rando
2074 3609 2465 3666 Demosthenis
2492 3607 2574 3666 Οὐ
2609 3603 2687 3682 μὰ
2726 3604 2844 3673 τοὺς
2881 3609 2932 3662 ἐν
2963 3607 3253 3682 Μαραθῶνι
3281 3627 3416 3683 προ-

1850 3691 2237 3761 κινδυνεύοντας
2258 3696 2535 3752 disserens
2559 3717 2573 3750 :
2607 3691 2776 3750 καίτοι
2805 3692 2952 3770 παρὰ
2979 3695 3054 3770 τῷ
3080 3693 3333 3752 Εὐπόλιδι
3357 3691 3415 3748 τὸ

1851 3783 2061 3863 σπέρμα
2091 3780 2248 3864 φασὶν
2272 3783 2555 3862 εὑρῆσθαι,

1948 3919 2037 3980 Οὐ
2056 3913 2191 4007 γὰρ,
2222 3913 2305 4006 μὰ
2340 3919 2453 3988 τὴν
2485 3913 2804 4006 Μαραθῶνι
2835 3916 2949 3986 τὴν
2980 3915 3131 4002 ἐμὴν
3167 3909 3369 4002 μάχην
3393 3961 3411 3991 ,

1948 4023 2172 4115 χαίρων
2215 4047 2309 4097 τις
2351 4027 2548 4086 αὐτῶν
2585 4023 2808 4111 τούμὸν
2852 4021 3103 4111 ἀλγυνεῒ
3145 4021 3313 4110 κέαρ.

1849 4165 2117 4220 Miltiadis
2169 4164 2341 4220 verba
2394 4181 2509 4220 esse
2552 4183 2619 4219 ex
2670 4165 2774 4220 hac
2817 4163 3009 4219 fabula
3049 4165 3227 4238 petita
3272 4161 3415 4215 vidit

1850 4253 2045 4312 Elmsl.
2074 4252 2149 4308 ad
2176 4253 2325 4308 Med.
2353 4271 2415 4326 Ρ.
2457 4251 2587 4317 146.
2628 4276 2653 4300 α
2686 4255 2889 4307 Versus
2919 4271 2952 4305 2
2974 4253 3150 4320 hanc,
3182 4251 3411 4324 opinor,

1849 4342 1967 4395 vim
1984 4340 2157 4395 habet
2185 4358 2198 4393 z
2222 4339 2479 4396 Graviter
2507 4339 2764 4408 ulciscar,
2792 4339 2837 4393 si
2867 4339 2995 4412 quis
3018 4337 3230 4394 ducum
3250 4335 3415 4392 Athe·

1849 4429 2147 4496 niensium,
2174 4445 2299 4500 quae
2329 4443 2436 4500 ego
2464 4427 2660 4499 paravi
2691 4425 2907 4494 ciyitati
2937 4425 3165 4494 decora,
3194 4424 3417 4498 ignavia

1847 4527 1904 4572 et
1925 4516 2205 4590 imperitia
2234 4514 2650 4570 dehonestabit.
2685 4538 2709 4562 n
2744 4515 2793 4567 E
2815 4513 2907 4566 M.

1543 4633 2039 4644 ——-..-.————.--——

197 4778 269 4830 De
290 4791 437 4832 atreo
459 4774 700 4831 cottabo.
935 4691 1024 4740 ²⁰.

829 4917 1114 4973 POPULl.

950 5055 1000 5106 1.

205 5176 258 5187 —
279 5145 653 5220 Quamobrem

401 5257 695 5293 matt-mk
722 5254 1000 5292 marcono·
1030 5253 1180 5291 GRRI'·
1213 5215 1236 5238 0

1849 4697 2017 4738 nemo
2038 4681 2241 4737 ducum
2264 4696 2327 4736 ex
2357 4680 2449 4736 illo
2478 4689 2723 4752 tempore
2741 4720 2757 4744 ‚
3210 4731 3214 4736 .

1849 4769 1907 4823 in
1928 4767 2129 4824 bellum
2150 4767 2439 4840 profectus,
2470 4767 2669 4838 potuit,
2704 4764 2851 4822 velut
2884 4765 3181 4836 μειαγωγὸς,

1847 4855 2123 4927 pensitans
2148 4854 2319 4925 majus
2344 4852 2489 4908 illius
2514 4851 2733 4908 vIctoria
2758 4851 2937 4908 facere
2966 4859 3327 4908 momentum.

2608 4964 2659 5012 2.

1847 5063 1967 5116 Non
1993 5061 2162 5130 enim,
2190 5077 2282 5132 per
2306 5059 2705 5132 Marathoniam
2736 5075 2976 5132 pugnam
3004 5073 3201 5126 meam,

1799 5181 1806 5214 1
1849 5147 2092 5227 gaudens
2117 5148 2403 5222 quisquam
2426 5165 2617 5206 eorum
2639 5165 2733 5206 cor
2754 5163 2939 5206 meum
2962 5145 3321 5202 contristabit.
