3809 5850
519 401 588 450 52
1505 391 1915 452 COMOEQDlAE
1964 396 2005 454 V
2022 397 2294 458 ETl-:ms
2342 399 2649 474 RELlQUl
2669 404 2752 460 AE.

699 526 854 590 Μῶν
892 517 1232 617 βδελυγμία
1276 531 1328 590 ς’
1371 527 1536 617 ἔχεις

607 633 820 722 πτερὸν
856 633 1092 722 ταχέως
1125 655 1216 706 τις
1255 631 1353 696 καὶ
1387 631 1646 704 λεκάνην
1684 635 2001 726 ἐνεγκάτω.

513 761 671 816 Libri
704 757 1020 836 βδελυγμίας
1041 755 1182 836 ἔχει,
1216 761 1633 834 corrigentibus
1657 764 2081 820 Hemsterhusio

511 848 726 904 Anecd.
760 867 812 921 ι,
845 867 904 922 p.
957 852 1090 915 214,
1119 858 1177 901 et
1216 848 1483 903 Piersono
1529 849 1604 904 ad
1635 851 1801 906 Moer.
1844 871 1904 926 p.
1947 851 2076 910 158.

510 938 596 991 De
640 937 828 1010 pinnae
877 936 970 990 vel
1021 934 1290 991 radiculae
1337 953 1441 990 usu
1499 937 1572 992 ad
1616 939 1965 995 vomendum
2020 961 2076 996 v.

511 1025 758 1081 Acharn.
785 1023 922 1089 584.

590 1114 658 1166 In
692 1111 972 1186 proximis
1009 1111 1100 1166 Cr.
1149 1129 1494 1168 memorasse
1523 1113 1750 1170 videtur
1781 1111 1842 1172 τὸ
1875 1113 2081 1190 κήτιον,

513 1209 649 1255 teste
697 1199 984 1272 Hesychio
1017 1195 1242 1267 Κήτειον
1285 1218 1297 1255 :
1332 1196 1498 1276 μέγαν
1533 1197 1746 1279 (intell.
1799 1199 1943 1272 ὄζον,
1994 1223 2083 1260 ra·

512 1288 702 1362 mum)
744 1284 836 1343 καὶ
873 1276 918 1364 ᾧ
956 1283 1046 1350 τὰς
1085 1283 1288 1364 ψήφους
1315 1286 1584 1344 διωθοῢσιν
1614 1289 1666 1344 ἐν
1708 1295 1814 1354 τοῖς
1863 1291 2084 1366 κληρω-

509 1371 725 1450 τηρίοις.
777 1373 866 1430 καὶ
919 1369 1208 1450 ἐμετήριον,
1260 1371 1365 1430 ἀπὸ
1411 1373 1646 1452 λαχάνου
1687 1374 1897 1454 ἀγρίου,
1953 1375 2083 1455 ὅπερ

512 1459 629 1516 ἀντὶ
655 1461 860 1539 πτερῶν
891 1461 1070 1536 (male
1097 1461 1232 1518 cod.
1263 1461 1480 1540 πυρῶν)
1509 1463 1582 1529 εἰς
1613 1461 1674 1522 τὸ
1701 1461 1872 1538 στόμα
1908 1465 2085 1522 καθίε-

510 1571 630 1621 σαν,
658 1551 730 1614 ὥς
766 1550 870 1626 Κρ.
916 1551 970 1606 ἐν
1011 1545 1148 1624 Ὧρ.
1193 1549 1459 1624 σημαίνει.
1503 1555 1844 1627 Hesychium
1880 1551 2083 1623 κήτειον

507 1659 619 1714 pro
663 1635 869 1716 γήτειον
910 1639 1197 1713 scripsisse
1241 1657 1349 1713 per
1390 1641 1812 1715 incogitantiam
1862 1655 2087 1698 censent

507 1726 677 1782 Mein.
706 1738 762 1782 et
787 1729 970 1783 Lucas
993 1725 1232 1783 Observ.
1266 1729 1326 1780 in
1363 1729 1514 1786 Crat.
1549 1747 1612 1802 p.
1663 1730 1758 1786 23.
1805 1731 2083 1804 Equidem

507 1809 704 1890 ἐπέχω.

1269 1945 1320 1994 7.

587 2035 825 2091 Photius
850 2037 988 2093 Lex.
1021 2053 1083 2114 p.
1129 2034 1276 2110 369,
1314 2043 1406 2104 14,
1441 2033 1676 2094 Παιδικά
1711 2056 1726 2092 :
1758 2035 1842 2094 ἐπὶ
1865 2039 2083 2108 Θηλειῶν

507 2120 598 2178 καὶ
622 2120 849 2201 ἀρρένων
870 2119 1144 2201 ἐρωμένων
1169 2122 1414 2180 τάττεται
1433 2125 1468 2192 ἡ
1493 2120 1626 2190 λέξις
1645 2146 1658 2159 ·
1676 2125 2083 2203 παραδείγματα

509 2207 564 2266 δὲ
587 2213 678 2268 τοῦ
703 2208 791 2269 ἐπὶ
811 2209 906 2287 μὲν
935 2211 1039 2268 τῶν
1069 2207 1296 2290 ἀρρένων
1325 2210 1606 2271 τάττεσθαι
1626 2210 1898 2278 πολλά....
1924 2212 2004 2274 ὅτι
2028 2215 2083 2274 δὲ

387 2357 398 2366 ,
506 2297 722 2356 ἐκάλουν
745 2297 908 2366 οὕτως
927 2297 1018 2356 καὶ
1047 2296 1115 2356 τὰ
1131 2298 1235 2377 πρὸ
1259 2302 1332 2374 (i.
1359 2320 1412 2358 e.
1441 2302 1668 2375 pridem
1687 2343 1703 2372 ,
1734 2305 1892 2362 olim.
1918 2306 2081 2362 Libri

507 2385 575 2442 τὰ
601 2385 765 2463 πρὸς,
812 2389 1058 2456 mendo,
1111 2388 1182 2444 de
1232 2408 1350 2463 quo
1383 2408 1490 2444 nos
1525 2388 1598 2444 ad
1640 2389 1815 2448 Thuc.
1867 2393 1927 2463 3,
1972 2394 2081 2470 26)

505 2470 600 2540 τὰς
615 2475 865 2549 γυναῖκας
879 2517 896 2549 ,
919 2471 1149 2539 Εὔπολις
1170 2474 1413 2544 δηλοῖ...
1442 2476 1546 2553 Κρ.
1575 2472 1629 2532 δὲ
1651 2472 1809 2553 Ὦρ.,
1829 2481 1922 2548 τῆς
1942 2481 2084 2536 παλ-

506 2560 672 2629 λακῆς
721 2560 1114 2637 ἀποδημοῦντος
1153 2565 1246 2620 τοῦ
1290 2561 1541 2622 Διονύσου
1571 2561 1772 2641 ἐρώσης
1799 2564 1959 2644 φησὶν
2000 2565 2080 2624 ἐπ’
2124 2597 2129 2602 -

509 2648 671 2706 αὐτοῦ

603 2763 912 2857 Μακάριος
943 2775 1066 2830 τῶν
1102 2757 1430 2833 παιδικῶν.

518 2914 539 2937 c«
579 2890 790 2947 Eadem
805 2891 990 2947 schol.
1017 2890 1410 2966 Aristophanis
1425 2894 1606 2969 Hesp.
1647 2911 1786 2950 1021
1815 2912 1886 2950 ex
1903 2893 2079 2953 Suida

505 2996 552 3035 ε.
585 2999 640 3035 v.
689 2976 956 3050 Παιδικά,
994 2981 1355 3055 respexitque
1395 2982 1564 3036 etiam
1603 2980 1783 3040 schol.
1822 2983 2081 3039 Aristidis
2122 2970 2130 3084 Ι

2272 529 2505 627 Εφθάρη
2561 537 2813 628 μαρίλης
2851 545 2957 613 τήν
2992 543 3254 636 φάρυγγα
3290 549 3463 613 πλέαν
3496 551 3637 642 ἔχων.

2174 662 2346 716 Mein.
2374 665 2685 720 secundum
2712 666 2894 724 Dobr.
2930 669 3005 724 ad
3032 673 3318 748 Aristoph.
3354 677 3447 750 Eq.
3486 679 3578 735 523
3602 679 3668 748 τὴν

2176 746 2403 826 φάρυγα.
2442 776 2467 800 «ι
2492 754 2697 809 Forma
2720 753 2949 833 φάρυγξ,
2976 782 2999 808 υ
3028 760 3211 833 inquit
3226 803 3243 831 ,
3267 789 3289 811 ιι
3312 766 3469 820 uthic
3488 769 3670 842 aliisque

2178 838 2319 893 locis
2346 852 2529 895 metro
2558 845 2881 916 perniciosa
2913 843 2995 924 (ἣ
3015 891 3031 916 ,
3060 849 3139 903 ita
3166 854 3392 908 omnino
3422 852 3493 930 (ἓ)
3513 857 3571 910 ab
3599 864 3670 912 At·

2177 927 2420 1025 tinorum
2451 947 2555 984 usu
2582 932 2765 986 aliena
2784 944 2885 988 est.
2916 957 2941 983 υ
2976 935 3224 1014 Cyclope
3254 950 3431 996 tamen
3454 943 3548 1009 342
3575 945 3669 999 libri

2176 1031 2237 1066 in
2258 1031 2507 1071 carmine

2263 1123 2491 1204 Εὗρείας
2514 1124 2773 1205 φάρυγγος
2794 1171 2812 1202 ,
2832 1117 2878 1186 ὦ
2904 1127 3141 1212 Κύκλωψ
3156 1177 3172 1203 ,

2178 1247 2237 1293 et
2259 1239 2431 1314 vulgo
2462 1243 2756 1318 Aristoph.
2787 1246 2935 1299 Ran.
2968 1243 3083 1302 253
3114 1250 3149 1317 ἡ
3180 1247 3393 1326 φάρυγξ.

2918 1377 3005 1416 ιο.

2258 1466 2483 1538 Suidas,
2516 1467 2864 1548 Πυρορραγής
2896 1490 2911 1524 :
2946 1469 3131 1547 σαθρὸς
3152 1515 3170 1546 ,
3202 1471 3479 1554 ἄχρηστος,
3506 1473 3590 1532 ἀπὸ
3610 1479 3671 1532 τοῦ

2180 1553 2232 1610 ἐν
2263 1555 2377 1620 ταῖς
2404 1551 2641 1631 καμίνοις
2674 1555 3119 1636 διαρρησσομένου
3158 1561 3408 1640 κεράμου.
3434 1565 3671 1641 πυρορραγῆ

2179 1640 2407 1720 κεράμια
2430 1645 2670 1701 καλεῖται
2694 1643 2791 1704 ὅσα
2814 1647 2868 1703 ἐν
2891 1648 2965 1726 τῷ
2988 1647 3114 1727 πυρὶ
3135 1649 3381 1730 ῥήγνυται
3402 1651 3450 1709 ἐν
3475 1655 3537 1732 τῷ
3555 1653 3672 1710 ὀπτᾶ-

2180 1733 2319 1790 σθαι.
2350 1733 2455 1810 Κρ.
2486 1731 2540 1788 ἐν
2566 1729 2705 1812 ''np-

2276 1845 2421 1936 ἴσως
2452 1860 2837 1952 πυρορραγὲς,
2875 1869 3071 1938 κακῶς
3108 1869 3167 1928 τ’
3208 1866 3555 1955 ὠπτημένον.

2178 1985 2271 2040 Sic
2314 1983 2539 2044 Kuster.
2597 1986 2667 2043 ad
2722 1988 2971 2047 Acharn.
3022 1990 3162 2064 932.
3218 1992 3376 2048 Libri
3418 1989 3676 2070 πυρορραγὲς

2178 2069 2267 2128 καὶ
2292 2075 2464 2139 κακῶς
2490 2073 2627 2134 ὠπτ.
2660 2077 2770 2132 Sed
2800 2095 2993 2134 versus
3026 2098 3243 2136 caesura
3283 2094 3434 2138 caret
3463 2083 3671 2156 legitima.

2177 2163 2359 2236 Igitur
2384 2163 2733 2237 praeferimus
2758 2162 3097 2243 Πυρορραγές
3138 2189 3209 2224 τε
3237 2171 3405 2232 κακῶς
3438 2167 3497 2227 τ’.
3541 2171 3675 2224 Possis

2177 2251 2349 2304 etiam
2392 2250 2716 2330 πυρορραγές
2755 2274 2821 2310 τι.
2865 2277 2889 2302 α
2922 2251 3040 2309 Pro
3068 2250 3227 2320 Ἴσως
3272 2259 3531 2312 Porsonus
3566 2256 3670 2312 Adv.

2174 2354 2236 2411 Ρ.
2268 2337 2383 2394 285
2405 2340 2784 2414 probabiliter
2808 2337 2907 2400 '16¹
2930 2343 3021 2407 ὥς.
3056 2366 3080 2392 υ
3114 2345 3301 2402 Mein.

2916 2469 2938 2510 Ῑ
2955 2475 2977 2510 1
2993 2499 3008 2515 ο

2254 2563 2445 2623 Schol.
2469 2565 2716 2624 Platonis
2741 2567 2917 2627 Bekk.
2944 2588 3007 2645 p.
3040 2567 3155 2638 384
3194 2589 3208 2625 ι
3240 2565 3471 2648 ἐμὸραχὺ
3495 2555 3568 2625 οὖν
3590 2588 3675 2624 συν-

2173 2647 2345 2724 τόμως
2374 2650 2463 2709 καὶ
2491 2652 2701 2720 ἁπλῶς·
2730 2652 3014 2734 (Υπερίδης
3044 2657 3096 2713 ἐν
3126 2659 3205 2736 τῷ
3232 2661 3367 2715 κατὰ
3402 2656 3673 2734 Ἀριστοφῶν·

2172 2759 2256 2804 τος
2290 2765 2315 2791 ιι
2340 2727 2469 2798 Οἵδε
2491 2741 2593 2819 γὰρ
2614 2741 2756 2820 αὐτῷ
2773 2741 3057 2818 δεδομένην
3081 2743 3264 2804 ἄδειαν
3282 2744 3371 2804 καὶ
3390 2739 3673 2824 πράττεινκαὶ

2172 2824 2387 2906 γράφειν
2411 2825 2445 2884 ὅ
2460 2853 2513 2888 τι
2529 2826 2594 2886 ἂν
2614 2829 2856 2911 ἐμὸραχὺ
2880 2829 3232 2906 βούληται....
3262 2861 3285 2886 υ
3334 2835 3431 2911 Κρ.
3454 2829 3569 2908 ‘'sse-

2268 2940 2415 3017 ἤδει
2445 2943 2513 3017 δὲ
2545 2954 2853 3045 παρέχειν,
2884 2957 2919 3020 ὅ
2953 2981 3016 3021 τι
3050 2982 3147 3033 τις
3178 2956 3426 3041 εὔξαιτ’,
3444 2951 3673 3047 ἐμὲραχύ.

503 3086 566 3141 Ρ·
603 3066 680 3131 64
727 3068 982 3127 Fromm·
1035 3070 1277 3142 Peregre
1317 3068 1536 3124 abierat
1587 3070 1878 3140 Bacdmsv
1920 3070 2081 3142 cuju-‘³
2170 3088 2327 3143 Libri
2368 3086 2567 3145 hiante
2609 3108 2773 3146 versu
2816 3083 2971 3148 Ἔδει
3022 3112 3151 3170 παρ.
3194 3090 3271 3153 Δὲ
3326 3093 3479 3149 facile
3519 3086 3681 3147 excidit

505 3156 820 3211 absentiam
867 3176 1044 3231 quum
1095 3176 1244 3232 aegre
1289 3157 1462 3214 ferret
1508 3160 1629 3214 sola
1681 3160 1882 3215 relicta
1922 3160 2077 3216 domi

505 3245 862 3315 concubina,
889 3248 1080 3302 nescio
1109 3247 1236 3319 quis
1257 3244 1480 3302 felicem
1503 3247 1777 3322 praedicat
1804 3247 1976 3303 deum
1996 3226 2073 3304 ob

503 3330 684 3387 fidum
711 3334 907 3390 amicae
931 3333 1302 3390 desiderium.
1325 3360 1349 3382 a»
1389 3336 1439 3391 E
1454 3336 1540 3391 M.

1259 3445 1314 3507 8.

579 3560 738 3617 Idem
763 3580 823 3636 p.
855 3560 990 3633 571,
1027 3580 1134 3638 19,
1172 3586 1196 3611 «ι
1232 3562 1422 3619 Ταῦτα
1457 3559 1710 3640 πράσσων
1757 3560 1917 3640 φάσκ’
1946 3558 2078 3639 ἀνὴρ

499 3646 644 3705 οὐδὲν
670 3651 836 3706 ποιῶν
871 3676 893 3701 υ
937 3671 950 3705 :
1005 3650 1111 3728 Κρ.
1143 3646 1269 3727 Ὧρ.
1298 3654 1332 3719 ἡ
1361 3646 1465 3727 γὰρ
1497 3650 1660 3725 (dele
1697 3651 1846 3707 hanc
1890 3652 2077 3723 parti-

496 3738 684 3791 culam
703 3776 722 3805 ,
763 3756 830 3795 ex
859 3756 977 3810 seq.
1002 3757 1132 3813 voc.
1163 3734 1392 3812 natam)
1433 3735 1694 3814 παροιμία
1723 3736 1810 3794 ἐπὶ
1832 3739 1937 3793 τῶν
1970 3761 2075 3814 μη-

497 3824 582 3883 δὲν
620 3824 926 3887 ποιούντων.
961 3828 1224 3883 Similiter
1268 3827 1493 3883 Suidas.
1524 3828 1801 3883 Dobraeus
1831 3828 2073 3891 Advers‚

503 3932 554 3982 ι,
586 3932 645 3987 p.
675 3912 814 3989 610,
834 3914 1116 3988 probante
1143 3914 1322 3973 Mein.
1356 3932 1373 3971 τ

593 4028 784 4093 Ταῦτ’
839 4025 992 4093 αὐτὰ
1047 4027 1298 4121 πράττω
1317 4078 1334 4109 ,
1413 4018 1620 4119 ‘paon’
1683 4030 1831 4118 ἀνὴρ
1895 4021 2073 4097 οὐδὲν

1813 4136 1818 4139 ’
1851 4144 2064 4204 ποιῶν.

1256 4280 1312 4335 9.

575 4370 806 4441 suidas,
833 4366 1055 4447 Μαρίλη
1093 4392 1104 4425 ;
1135 4371 1371 4449 ἀμαυρὸν
1401 4374 1534 4449 πῦρ·
1559 4374 1588 4429 ὁ
1608 4374 1761 4448 χνοῦς
1784 4370 1953 4430 καὶτὸ
1988 4373 2073 4432 λε·

503 4458 758 4515 πτότατον
787 4460 891 4516 τῶν
916 4456 1287 4536 ἀνθράκων....
1311 4459 1401 4516 καὶ
1432 4462 1538 4539 Κρ.
1565 4462 1616 4517 ἐν
1642 4457 1779 4538 αΩρ.

1244 4695 1281 4745 6

2168 3187 2299 3249 post
2329 3174 2423 3234 δει.
2453 3177 2748 3234 Elmsleius
2776 3198 2833 3235 σε
2860 3196 3185 3252 pronomen
3212 3180 3425 3238 addere
3451 3180 3629 3235 maluit.

2916 3309 3005 3349 12.

2250 3402 2491 3476 Hesych.
2522 3400 2915 3481 Μυσικαρφί
2941 3423 2957 3459 :
2984 3404 3087 3481 xp.
3112 3404 3165 3461 ἐν
3188 3400 3409 3485 Ὥραις.
3434 3404 3479 3461 οἱ
3496 3398 3575 3477 μὲν
3590 3396 3681 3455 ἀνέ-

2167 3509 2376 3566 γνωσαν
2404 3490 2477 3555 ὥς
2504 3486 2735 3561 ἀκονιτὶ,
2774 3484 2865 3547 καί
2904 3511 3061 3569 φασιν
3096 3490 3177 3548 ὅτι
3212 3491 3275 3550 τὸ
3304 3488 3581 3570 μεμυκότως
3614 3480 3681 3541 2⁸⁸²

2171 3574 2335 3653 ξηρῶς
2361 3576 2526 3635 ποιεῖν
2554 3574 2695 3635 οὕτω
2730 3576 2989 3655 λέγουσιν.
3020 3575 3057 3649 ἢ
3098 3580 3170 3646 ὣς
3206 3577 3565 3656 ὀνομαζομένου
3584 3571 3683 3631 τινὸς

2169 3662 2304 3722 οὕτω
2330 3662 2421 3723 καὶ
2452 3663 2615 3741 μηδὲν
2636 3664 2727 3745 ἀφ’
2746 3666 2933 3725 ἑαυτοῦ
2953 3664 3221 3746 γλαφυρὸν
3240 3664 3575 3728 σκώπτοντος,
3594 3654 3681 3715 ἀλλ’

2170 3752 2509 3829 ἐπιγελῶντος
2536 3753 2708 3823 ἀηδῶς
2738 3753 2841 3830 (sie
2875 3756 3057 3814 Mein.
3082 3774 3193 3831 pro
3234 3777 3291 3813 τε
3332 3750 3528 3827 ἡδέως).
3554 3746 3681 3819 ὄνομα

2168 3840 2270 3919 γάρ
2298 3842 2411 3899 ἐστι
2439 3839 2817 3921 Μυσίκαρφος,
2842 3832 2903 3899 οὗ
2940 3839 3259 3917 μνημονεύει
3286 3840 3378 3900 καὶ
3413 3831 3681 3912 Ἀπολλοφά-

2170 3952 2263 4001 νης
2289 3931 2318 3986 ὁ
2350 3927 2604 4006 κωμικός.
2640 3926 2711 3994 ὥς
2746 3952 2877 3994 τινες
2910 3928 2965 3987 δὲ
3002 3928 3090 3987 τὸν
3119 3928 3464 4010 Ἀρχίμαχον.
3494 3925 3683 3983 Photius

2167 4022 2307 4075 Lex.
2361 4037 2425 4094 Ρ.
2482 4018 2621 4089 281,
2676 4038 2779 4093 19,
2832 4016 3299 4097 Μυσικάρφης
3352 4038 3366 4075 :
3432 4014 3608 4090 ὄνομα,
3646 4004 3673 4073 ἦ

2172 4102 2512 4185 Μυσίκαρφος
2556 4105 2731 4182 (male
2788 4108 2997 4181 legitur
3058 4103 3224 4181 ὄνομα
3292 4096 3685 4179 Μυσικάρφους).
3714 4110 3716 4128 ³

2165 4183 2226 4250 οἷ
2264 4190 2579 4268 μνημονεύει
2617 4191 3003 4273 Ἀπολλοφάνης
3036 4192 3090 4251 ἐν
3112 4192 3354 4273 Κρησίν.
3398 4190 3686 4269 Ἀρίσταρχος

2166 4282 2219 4338 δὲ
2247 4280 2327 4339 ἐπ’
2366 4280 2616 4358 ὀνόματος
2644 4280 2761 4340 τινὰ
2800 4282 2971 4355 ἀηδῶς
2998 4283 3341 4360 ἐπιγελῶντος
3362 4304 3376 4317 ·
3422 4282 3469 4339 οἱ
3516 4274 3563 4334 δὲ
3596 4270 3685 4331 ἂνὲ·
3712 4350 3714 4353 ⁴

2166 4392 2369 4447 γνωσαν
2413 4367 2818 4451 μυσικαρφεὶ
2847 4372 2916 4435 ὥς
2944 4368 3183 4444 ἀκονιτί,
3220 4369 3283 4427 τὸ
3315 4367 3599 4447 μεμυκότως
3622 4358 3687 4415 ²²⁸²
3712 4388 3714 4434 1

2167 4456 2362 4537 ξηρῶς,
2404 4458 2479 4535 μὴ
2504 4460 2565 4516 ἐκ
2600 4462 2821 4538 φανεροῦ
2848 4460 3031 4537 γελᾶν.
3070 4460 3178 4537 Κρ.
3215 4456 3350 4537 Ὦρ.
3388 4484 3411 4507 α
3440 4456 3685 4515 Cratinum

2916 4694 2951 4742 9

1287 4730 1299 4741 .
2102 4707 2113 4747 l
2958 4730 2971 4741 .

567 4778 712 4831 Num
738 4790 937 4832 nausea
963 4784 1016 4831 te
1043 4780 1294 4832 exercet?
2104 4752 2111 4900 ἰ
2160 4774 2319 4831 Periit
2342 4773 2565 4847 fuligine
2586 4773 2769 4844 gulam
2796 4772 3001 4829 habens
3026 4769 3311 4845 repletam.

490 4862 646 4918 ocius
669 4860 866 4934 aliquis
883 4860 1080 4918 afferto
1105 4862 1327 4935 pinnam
1347 4871 1402 4920 et
1425 4864 1684 4935 patinam.
2708 4850 2719 4861 '
2902 4866 2983 4917 ιο.

1251 4955 1304 5005 7-
2160 4954 2401 5008 Fortasse
2421 4952 2546 5023 igne
2570 4950 2761 5007 lissum
2788 4957 2844 5006 et
2866 4948 3005 5005 male
3032 4956 3297 5004 assatum.
3708 5006 3710 5044 Ι

493 5040 692 5095 Beatus
721 5036 1021 5093 amoribus
2901 5043 2987 5092 11.
3568 5114 3577 5123 .

1250 5131 1304 5181 8.
2162 5125 2401 5183 Debebat
2424 5134 2605 5183 autem
2624 5124 2866 5197 praebere
2888 5138 3109 5197 prorsus
3126 5120 3329 5189 omnia,
3354 5132 3477 5193 quae
3494 5122 3691 5187 quisque

491 5236 514 5261 ι
545 5216 674 5269 llaee
698 5215 810 5287 ipsa
841 5229 973 5285 ago,
1000 5236 1022 5263 υ
1051 5212 1270 5271 dicebat
1291 5213 1368 5268 vir
1387 5214 1582 5271 otialis,
3452 5198 3708 5285 i‘'¹‘'‘'¹¹³¹'.
