3809 5850
1440 354 2024 419 ANONYMORUM.
3255 373 3364 425 735

212 478 309 568 ’ὃς
344 482 505 557 τόνδ’
532 490 691 580 ἔχεις
717 491 819 557 τὸν
844 490 1042 576 σηκὸν,
1076 491 1251 570 ἵλεως
1282 502 1451 585 γενοῦ
1478 486 1493 557 !

118 642 143 670 e«
180 620 303 677 Sed
329 620 423 677 hic
444 618 677 677 sortasse
702 620 902 697 tragici
929 630 1113 696 poetae
1150 639 1343 677 versus
1372 632 1457 677 est
1475 665 1492 696 ,
1523 640 1592 679 ex
1628 622 1700 678 si·

105 708 243 763 mili
271 726 445 765 scena
465 710 705 783 petitus,
730 710 915 785 qualis
946 722 1030 767 est
1052 710 1150 767 illa
1176 711 1330 787 apud
1359 712 1704 788 Sophoclem

112 796 335 851 Electr.
368 796 481 867 627
504 792 705 874 (637).
742 820 766 847 ι»
798 799 981 857 Mein.

851 926 983 969 102.

196 1020 366 1074 Eust.
394 1037 457 1093 p.
492 1036 559 1089 ¹7
572 1037 592 1073 1
606 1017 663 1089 8,
681 1016 782 1088 60,
804 1036 927 1075 non
944 1036 1172 1075 omnem
1186 1018 1401 1077 fumum
1418 1020 1701 1095 ingratum

108 1124 236 1161 esse
258 1106 478 1176 dicens,
500 1104 618 1162 ἀλλ’
638 1103 767 1163 εἰσὶν
791 1100 843 1163 οἳ
866 1101 1041 1184 χαρὰν
1069 1106 1445 1167 emmaum...
1470 1108 1540 1173 ὣς
1566 1109 1595 1164 ὃ
1616 1104 1703 1164 τὸν

114 1190 268 1271 παρὰ
317 1192 389 1269 τῇ
432 1190 689 1271 κωμῳδίᾳ
738 1192 1297 1273 καπνοσφράντην
1350 1194 1628 1267 συντιθεὶς,
1675 1197 1704 1252 ὃ

118 1278 199 1351 μὴ
214 1320 233 1350 ,
266 1276 413 1337 κατὰ
458 1277 545 1337 τὸν
574 1278 827 1356 κωμικὸν,
864 1277 1151 1357 ἐκπέμπων
1193 1284 1287 1351 τ’ἥς
1329 1281 1499 1348 οἰκίας
1516 1324 1535 1357 ,
1585 1280 1701 1340 ἀλλ’

118 1364 353 1444 εἰσάγων
381 1364 501 1434 τοὺς
524 1366 871 1447 φιληδοῦντας
908 1365 1006 1449 βίῳ
1038 1372 1393 1449 παρασιτικῷ.
1425 1371 1568 1427 vide
1595 1373 1703 1429 Di-

118 1457 263 1531 phili
286 1459 483 1513 Paras.
518 1474 579 1532 2,
605 1454 664 1514 5.
818 1480 833 1493 ·

854 1566 980 1625 103.

199 1679 293 1735 Id·
326 1698 391 1755 P·
428 1679 604 1751 ¹788»
632 1698 707 1736 20
735 1698 750 1739 ἶ
788 1683 824 1751 ἦ
856 1675 1005 1758 παρὰ
1038 1681 1114 1759 τῷ
1141 1682 1363 1762 κωμικῷ
1394 1678 1571 1747 ὄνωνις
1594 1724 1611 1752 ,
1642 1672 1705 1753 ἧς

122 1768 312 1845 κρῆσις
337 1764 555 1847 φέρεται
578 1765 726 1848 παρὰ
746 1772 853 1834 τοῖς
872 1767 1127 1847 τεχνικοῖς
1150 1766 1213 1826 τὸ

218 1987 301 2063 εἰς
330 1874 887 2080 πόλῗῖσᾶινῗηᾶξεις
912 1981 1097 2062 τήνδε
1124 1994 1234 2065 τὴν
1266 1984 1564 2071 ὀνώνιδα;

129 2112 447 2167 Articulum
476 2122 607 2170 ante
632 2110 785 2171 πόλιν
812 2114 1063 2172 addebat
1083 2112 1378 2192 Di'ndorf„
1405 2118 1701 2175 verosimi-

128 2200 229 2257 lius
254 2220 365 2277 ego
389 2198 477 2279 ἂν,
504 2202 597 2258 cui
628 2196 890 2259 offecerit
918 2224 963 2259 ιν
991 2222 1379 2281 praegressum.

854 2330 985 2393 rol..

202 2435 291 2492 Id.
324 2454 391 2511 p.
448 2434 625 2508 1822,
674 2436 745 2495 15
777 2457 793 2494 z
824 2440 895 2503 ὣς
933 2438 989 2496 δὲ
1025 2436 1167 2498 κύων
1212 2437 1305 2498 καὶ
1344 2442 1413 2520 τῇ
1448 2438 1701 2522 κωμῳδία

130 2520 323 2594 ἐνέτηξε
348 2525 587 2600 σκῶμμα
608 2528 902 2601 γυναικεῖον
938 2526 1035 2599 τὴν
1056 2526 1333 2607 εἰρημένην
1362 2528 1513 2587 κύνε
1530 2550 1587 2609 ιρ
1602 2552 1699 2608 αν,

130 2608 281 2685 ἤγουν
322 2610 425 2681 τὴν
452 2611 542 2671 τὸν
567 2610 699 2671 κύνα
738 2612 1033 2693 εἰρύουσαν,
1058 2611 1188 2696 ὅπερ
1230 2614 1372 2675 loz-iv
1413 2616 1696 2698 ἐφελκομέ-

130 2718 235 2768 νην,
260 2696 317 2757 ὃν
346 2696 419 2769 δὴ
450 2698 583 2757 κύνα
617 2708 797 2781 χοῖρον
830 2700 969 2774 ἄλλη
1005 2701 1261 2783 κωμῳδία
1292 2704 1453 2785 φησὶ,
1490 2706 1699 2765 παλαια

130 2787 309 2862 χρῆσις
333 2786 521 2858 δηλοῖ,
548 2787 875 2868 ἰμφαίνουσα
911 2788 1040 2869 πρὸς
1074 2788 1361 2867 ὁμοιότητα
1387 2798 1479 2851 τοῦ
1510 2790 1699 2853 κυνόσ·

128 2890 249 2950 ουρα
273 2874 515 2954 εἰρῆσθαι
540 2874 631 2934 καὶ
654 2875 715 2936 τὸ
736 2875 1039 2957 κύνειρα.
1064 2880 1151 2940 Cf.
1176 2900 1234 2957 p.
1260 2878 1399 2956 528,
1432 2902 1483 2942 1.

849 2993 980 3051 105.

206 3099 293 3158 Id.
316 3123 375 3179 p.
418 3102 591 3176 1828,
614 3105 650 3162 6
680 3125 693 3160 ε
736 3103 795 3162 οὗ
824 3102 985 3182 μόνον
1012 3104 1261 3186 φειδωλὸς
1282 3104 1375 3166 καὶ
1398 3103 1581 3184 κίμὸιξ
1607 3108 1699 3168 καὶ

136 3185 365 3268 γλίσχρος
392 3189 489 3248 καὶ
524 3189 585 3248 τὸ
611 3189 827 3268 κύμινον
848 3192 1017 3275 πρίων
1038 3192 1130 3252 καὶ
1158 3195 1565 3276 κυμινοπρίστης
1582 3243 1598 3276 ‚
1624 3197 1703 3257 ἔτι

136 3271 185 3329 δὲ
207 3275 293 3332 καὶ
316 3275 584 3352 λιμός...
614 3277 753 3338 ἀλλὰ
772 3277 862 3338 καὶ
888 3279 1236 3350 Μυκόνιος
1260 3283 1375 3354 ἀνή
1390 3306 1439 3366 ρ.
1468 3285 1540 3344 Et
1556 3305 1699 3364 pau·

138 3363 209 3418 cis
246 3365 595 3442 interpositis
632 3385 649 3426 τ
690 3365 781 3428 καὶ
808 3365 1257 3445 λιμοκίμὸιξ,
1301 3371 1391 3430 καὶ
1421 3395 1701 3449 κυμινο-

137 3446 376 3524 κίμὸιξ.
408 3453 649 3510 Photius
673 3475 733 3532 p.
769 3453 903 3533 165,
928 3473 996 3512 21
1017 3499 1036 3531 ,
1067 3453 1421 3533 Κίμὸικας
1445 3461 1537 3519 καὶ
1560 3483 1699 3520 κικ-

138 3536 367 3607 adeon<
400 3561 419 3597 τ
453 3537 573 3607 τοὺς
601 3539 870 3620 αἰσχρούς.
906 3568 933 3595 ι
964 3541 1128 3623 'Lege
1162 3543 1466 3626 γλίσχρους.
1506 3551 1591 3606 De
1617 3549 1703 3606 λι·-

140 3621 225 3696 1⁴&
250 3645 303 3686 ν.
332 3627 631 3706 Posidippi
658 3631 833 3690 Chor.
864 3651 925 3692 v.
954 3651 1049 3693 ι2.
1075 3657 1101 3686 ι
1128 3635 1321 3695 Mein.

762 3743 901 3806 106.
935 3763 1064 3818 107.

209 3847 297 3908 Id.
326 3870 385 3927 p.
421 3871 597 3928 1921,
625 3853 701 3911 58
721 3894 740 3924 ‚
786 3873 856 3911 ex
897 3856 1149 3931 antiquis
1172 3857 1369 3915 lexicis
1401 3857 1703 3918 rhetoricis

142 3948 445 3996 scortorum
497 3942 842 4018 cognomina
896 3941 1063 4000 affert
1120 3945 1239 4001 haec
1315 3964 1329 4002 ε
1387 3944 1699 4019 σποδησι-

143 4020 366 4104 λαύρα,
411 4027 851 4104 χαμαιτύπη,
916 4027 1277 4110 λεωφόρος,
1331 4031 1697 4108 πανδοσία,

146 4113 525 4191 χαλκιδίτις,
576 4112 987 4192 πολύυμνος,
1042 4117 1489 4196 μανιόκηπος,
1550 4125 1702 4182 ἀνα-

148 4201 591 4284 σεισίφαλλος,
647 4203 1013 4285 μύζουρις,
1067 4207 1537 4290 ἂνασύρτολις,
1590 4233 1699 4270 σα-

148 4285 320 4368 τύρα,
349 4293 671 4369 εἰλίπους,
711 4293 1176 4374 γεγωνοκώμη.
1216 4299 1377 4357 Idem
1406 4320 1468 4377 p.
1522 4301 1699 4375 1413,

152 4393 237 4446 27,
281 4399 347 4438 ex
392 4385 543 4442 AElio
588 4386 867 4459 Dionysio
917 4403 933 4445 ε
984 4385 1415 4468 ἀνασεισίφαλλοι
1460 4384 1703 4466 λέγονται

150 4452 408 4540 (ἑταῖραι)
434 4459 585 4542 παρὰ
626 4465 695 4542 τῇ
726 4461 1012 4542 κωμῳδίᾳ,
1044 4467 1117 4532 ὣς
1145 4465 1509 4541 ἀνασείουσαι,
1548 4469 1701 4549 φησὶ,

151 4537 230 4599 τὸν
252 4547 473 4622 φάλητα.
506 4552 669 4609 Idem
694 4569 756 4630 p.
787 4550 903 4609 862
922 4596 939 4624 ,
968 4561 1043 4622 42
1085 4573 1099 4610 :
1129 4555 1341 4630 κωμικὴ
1364 4554 1501 4625 λέξις
1522 4559 1551 4615 ὁ
1586 4556 1701 4617 νώ-

152 4632 389 4708 θουρος,
416 4633 574 4716 ἤγουν
596 4639 626 4697 δ
654 4634 825 4710 νωθὴν
847 4635 990 4718 ἔχων
1012 4637 1109 4712 τὴν
1134 4640 1317 4724 οὐρὰν,
1340 4642 1523 4724 φασὶν,
1554 4645 1607 4705 ἰν
1628 4646 1704 4725 τῷ

156 4715 519 4796 συγγίγνεσθαι.
545 4727 621 4784 Et
643 4727 841 4806 paucis
870 4728 1187 4804 interiectis
1224 4749 1243 4792 z
1279 4733 1317 4802 ἡ
1354 4730 1413 4791 δὲ
1450 4729 1705 4812 εἰρημένη

159 4799 271 4878 obp&
326 4811 413 4870 καὶ
464 4811 897 4895 ἀπομύζουριν
967 4815 1275 4897 παρήγαγε,
1326 4819 1553 4898 γυναῖκα
1602 4820 1701 4892 τὴν

916 4937 1004 4948 ——1-

850 4989 949 5042 101
961 5027 976 5041 .

164 5081 255 5151 Qui
278 5086 375 5146 hoc
396 5092 593 5151 fanium·
610 5097 851 5169 possides
867 5139 882 5166 ‚
913 5095 952 5154 ii
984 5101 1281 5172 propitius!

1791 486 2151 568 αἰσχροποιύν.
2186 488 2276 547 καὶ
2317 490 2638 551 πανδοσία
2667 494 2706 563 ἥ
2749 492 2964 567 τοιαύτη
3001 494 3204 573 ἐλέγετο
3241 496 3368 575 πρὸς

1790 575 2030 654 παίγνιον
2079 579 2170 649 τῆς
2219 577 2544 658 Πανδώρας,
2589 578 2681 639 καὶ
2731 580 3104 661 βορὸορόπη
3150 584 3236 660 δὲ,
3295 587 3367 652 ὡς

1791 663 2086 741 ἀκάθαρτος
2113 662 2261 744 παρὰ
2298 664 2384 723 τὸν
2419 664 2671 747 βόρὸορον
2701 668 2792 727 καὶ
2813 667 2910 741 τὴν
2941 668 3099 741 ὀπήν.
3145 675 3370 729 Horum

1790 755 2066 830 pleraque
2090 774 2161 812 ex
2186 755 2432 814 Comicis
2459 757 2739 818 derivata.

2483 866 2507 889 '¹
2539 870 2671 927 108.

1874 1012 2186 1089 Hesychius
2210 1057 2227 1086 ,
2269 1014 2384 1073 Ἀπ’
2408 1014 2653 1095 αἰγείρων
2689 1038 2702 1072 z
2727 1012 3114 1096 Ἀνδροκλέα
3134 1013 3238 1075 τὸν
3265 1014 3368 1075 ἀπ’

1794 1099 2103 1179 αἰγείρων
2145 1100 2299 1177 (imo
2329 1101 2698 1183 αἰγείρου),
2743 1100 2858 1161 ἀντὶ
2887 1108 2978 1161 τοῦ
3012 1103 3366 1185 συκοφάντην,

1792 1186 1974 1258 ἱπειδὴ
1995 1191 2054 1247 ἐκ
2073 1190 2167 1259 τῆς
2191 1188 2244 1246 ἐν
2269 1192 2334 1268 τῇ
2355 1191 2524 1271 ἀγορᾷ
2544 1189 2776 1271 αἰγείρου
2796 1187 2864 1249 τὰ
2879 1188 3102 1250 πινάκια
3125 1188 3368 1265 ίξῆπτον,

1792 1276 2056 1334 τουτέστιν
2088 1274 2344 1356 ἐξήρτων,
2375 1279 2424 1335 οἱ
2447 1277 2686 1357 ἔσχατοι.
2738 1304 2762 1330 α
2796 1281 2890 1338 Sic
2923 1282 3140 1339 codicis
3163 1283 3368 1339 lectio-

1790 1384 1924 1422 nem
1951 1364 2292 1444 συκοφαντεῖν
2314 1371 2568 1426 correxit
2585 1366 2864 1445 Bergkius
2881 1372 3056 1445 Epist.
3079 1369 3153 1427 ad
3175 1370 3369 1433 Schill.

1789 1477 1854 1533 p.
1902 1457 2036 1518 123.
2069 1454 2363 1516 Postrema
2383 1461 2566 1519 verba
2601 1462 2649 1519 oi
2683 1458 2936 1539 ἔσχατοι,
2963 1480 3088 1535 quae
3112 1474 3372 1537 spectant

1790 1547 1864 1603 ad
1886 1566 1985 1603 eos
2015 1548 2114 1623 qui
2151 1546 2248 1603 ἀπ’
2269 1546 2500 1626 αἰγείρου
2519 1593 2535 1619 ,
2561 1550 2622 1609 h.
2659 1569 2714 1609 e.
2745 1551 2877 1607 loeo
2907 1570 2938 1607 a
2963 1568 3132 1607 scena
3157 1570 3363 1608 remo-

1791 1636 2027 1708 tissimo,
2049 1637 2304 1693 scenicos
2321 1637 2489 1693 ludos
2514 1638 2852 1713 spectabant
2872 1637 3214 1714 (Bernhard.
3235 1640 3370 1695 Era-

1788 1722 1963 1781 tosth.
2002 1740 2061 1796 p.
2102 1722 2288 1798 229),
2335 1742 2370 1779 a
2395 1725 2790 1800 superioribus
2824 1724 3170 1781 secernenda
3207 1735 3363 1784 sunt.

1790 1811 1968 1867 Notat
2019 1811 2270 1867 comicus
2323 1810 2671 1869 Androclen:
2725 1824 2996 1888 tanquam
3059 1812 3366 1870 calumnia·

1794 1908 2000 1954 torem.
2047 1922 2076 1947 ι
2106 1899 2287 1957 Mein.
2327 1896 2700 1957 probabilius
2719 1912 2802 1957 est
2821 1900 2872 1959 οἱ
2893 1897 3110 1977 ἄσχετοι
3125 1941 3142 1970 ,
3169 1902 3370 1957 intole-

1790 1992 2033 2064 rabiles,
2057 1992 2296 2068 dignum
2329 1994 2626 2067 epitheton
2655 1995 3153 2069 sycophantarum.

2479 2098 2504 2121 *
2543 2118 2674 2174 ¹09·

1870 2208 2032 2266 Idem
2050 2249 2066 2278 ,
2115 2206 2578 2287 Ἀποπαρδακᾶ
2615 2228 2631 2269 :
2677 2214 2834 2269 τοῦτο
2881 2207 3084 2289 εἴρηται
3126 2204 3273 2289 παρὰ
3307 2206 3370 2265 τὸ

1792 2296 2140 2375 ἀποπαρδεῖν.
2195 2295 2248 2356 Ἀ
2260 2318 2390 2355 ποπ
2403 2296 2437 2355 ά
2449 2296 2518 2377 ρδ
2530 2321 2563 2355 α
2576 2321 2611 2358 κ
2621 2319 2656 2356 α
2705 2298 3069 2357 scribendum
3115 2297 3366 2373 conjicit.

1790 2385 1962 2443 Mein.
1972 2427 1992 2461 ,
2016 2386 2090 2441 ab
2121 2383 2452 2463 ἀποπάρδαξ.

2527 2518 2654 2557 110.

1870 2608 2066 2681 Idem,
2115 2605 2442 2689 Ἀστράψῃ
2497 2608 2604 2667 διὰ
2655 2609 2958 2677 Πυκνόςε
3003 2608 3121 2669 ἀντὶ
3163 2612 3257 2669 τοῦ
3299 2607 3368 2667 δι’

1788 2692 2073 2775 Ἅρματος.
2108 2721 2135 2748 α
2167 2698 2423 2756 Fortasse
2465 2698 2537 2755 de
2564 2699 2780 2757 Pericle
2803 2698 3232 2775 intelligendum
3249 2738 3268 2767 ‚
3297 2698 3370 2755 de

1791 2805 1908 2860 quo
1933 2786 2342 2861 Aristophanes
2359 2787 2606 2845 Acharn.
2627 2786 2742 2846 530
2764 2804 2779 2847 :
2803 2782 3092 2865 ἤστραπτ’,
3120 2782 3366 2863 ἐδρύντα,

1792 2870 2045 2941 ξυνεκύκα
2079 2872 2173 2943 τὴν
2199 2870 2459 2935 Ἑλλάδα.
2491 2874 2644 2950 Quid
2680 2876 2752 2932 sit
2789 2870 3109 2952 ἀστράπτειν
3150 2872 3216 2930 δι’
3241 2870 3370 2952 Ἄρ·

1794 2983 1983 3037 ματος,
2011 2965 2228 3040 optime
2245 2962 2420 3019 docet
2448 2961 2760 3038 Hesychius
2783 2981 2800 3022 ε
2823 2960 3100 3032 Ἀθηναῖοι,
3123 2958 3280 3021 ὁπότε
3303 2957 3371 3019 δι’

1793 3049 2054 3130 Ἅρματος
2097 3049 2270 3118 αὐτοῖς
2313 3050 2630 3131 ἀστράψειεν
2646 3096 2666 3126 ‚
2712 3047 2951 3125 ἔπεμπον
3007 3049 3082 3116 εἰς
3133 3047 3367 3130 Δελφοὺς

1797 3136 2048 3218 Θεωροὺς,
2093 3141 2363 3198 nimirum
2411 3141 2702 3218 religionis
2747 3159 2914 3198 causa
2932 3181 2949 3210 ,
2999 3150 3057 3196 et
3103 3149 3168 3194 ut
3199 3156 3368 3194 omen

1791 3238 2131 3286 averterent.
2163 3229 2352 3286 Verba
2371 3229 2468 3286 illa
2491 3231 2550 3284 in
2572 3227 2684 3286 fine
2709 3228 3026 3306 anapaestici
3056 3227 3368 3284 tetrametri

1790 3319 1983 3393 posita
2011 3317 2179 3373 fuisse
2197 3319 2454 3394 suspicor
2484 3336 2502 3378 ε
2533 3313 2727 3395 [ὅταν]
2761 3315 3004 3396 ἀστράψῃ
3034 3313 3120 3373 διὰ
3150 3312 3364 3380 πυκνός.

1792 3407 1861 3461 In
1885 3406 2000 3462 hoc
2027 3407 2182 3462 euim
2208 3407 2375 3463 metri
2403 3425 2609 3482 genere
2627 3407 2934 3464 rectissime
2949 3401 3145 3469 πυκνὸς
3171 3405 3370 3480 penul-

1792 3495 1988 3551 timam
2009 3493 2302 3570 producit.
2329 3520 2354 3546 r·
2375 3497 2554 3555 Mein.
2578 3498 2665 3552 De
2684 3489 2922 3574 Ἅρματι
2945 3511 3006 3553 v.
3024 3490 3273 3550 I’ausau.
3313 3509 3365 3561 1,

1794 3582 1868 3651 34
1884 3623 1901 3654 ,
1935 3601 1992 3643 2.

2516 3713 2648 3756 111.

1870 3805 2053 3883 Idem,
2075 3811 2200 3890 Βυρ
2217 3808 2486 3870 σόκαππ
2503 3833 2567 3870 ον
2595 3807 2719 3868 κτὸν
2749 3805 2992 3869 Κλέωνα.
3027 3831 3052 3858 α
3078 3809 3366 3866 Hemster-

1788 3899 1986 3955 husius
2003 3911 2062 3956 et
2073 3899 2446 3956 Ruhnkenius
2476 3895 2858 3977 βυρσοκνάφον,
2887 3895 3046 3971 quod
3070 3897 3150 3952 ita
3175 3896 3366 3970 probo

1790 3997 1857 4041 ut
1875 3983 2074 4062 βύρσαν
2089 3987 2438 4043 Athenarum
2451 3987 2654 4043 urbem
2675 3985 3010 4060 intelligam,
3035 4001 3206 4058 quam
3227 3983 3366 4042 Cleo

1790 4083 2060 4148 tanquam
2085 4071 2286 4153 βύρσαν
2325 4075 2676 4133 macerabat.
2707 4075 3022 4149 Hesychius
3051 4072 3166 4128 alio
3202 4073 3364 4144 loco,

1794 4157 2026 4236 Βύρσαν,
2061 4157 2156 4231 τὴν
2193 4158 2346 4219 πόλιν
2375 4158 2686 4237 Ἀθηναίων,
2732 4157 3104 4240 Ἀριστοφάνης
3128 4160 3180 4218 ἐν
3218 4159 3374 4239 Δρά-

1792 4269 1926 4327 μασι
1953 4247 2154 4317 παίζων
2180 4241 2302 4328 ἔφη.
2345 4249 2518 4322 Quod
2551 4260 2609 4306 et
2638 4251 2824 4325 ipsum
2865 4247 2941 4309 td
2969 4247 3240 4308 cleonem
3285 4265 3372 4307 re-

1796 4338 1942 4396 fero.
1989 4337 2102 4395 Sed
2127 4339 2339 4395 rectius
2361 4337 2596 4396 fortasse
2622 4338 2902 4398 Dobraeus
2926 4336 3164 4410 conjicit
3184 4337 3384 4414 §opero--

1792 4423 2054 4496 κάπηλον.
2093 4451 2118 4478 υ
2144 4428 2323 4486 Mein.

2517 4559 2649 4600 112.

1874 4650 2036 4706 Idem
2057 4691 2074 4721 ,
2101 4650 2200 4707 Δει
2221 4645 2530 4715 ισιανόςε
2566 4647 2947 4728 δρομεύςίστιν
2967 4645 3054 4704 ἰπὶ
3083 4644 3368 4724 βραδυτῆτι

1794 4736 1887 4795 καὶ
1925 4735 2082 4815 πενίᾳ
2118 4733 2558 4814 κωμῳδούμενος.
2603 4760 2628 4786 α
2677 4737 2789 4794 Pro
2819 4731 3161 4804 .Δαισιανός,
3206 4733 3370 4807 quod

1793 4841 2040 4899 graecum
2087 4841 2298 4879 nomeu
2331 4841 2452 4880 uon
2478 4835 2592 4895 est,
2630 4823 2867 4879 fortasse
2901 4817 3183 4885 Δαισίας
3223 4821 3368 4876 acri-

2525 4997 2642 5047 1⁰³.

2525 5081 2614 5132 An
2641 5075 2806 5148 igitur

1802 5159 1858 5216 iu
1886 5161 2080 5217 urbem
2105 5161 2312 5218 scilicet
2337 5161 2496 5219 vehes
2520 5161 2664 5220 hanc
2687 5161 2930 5218 ouonin?
