3809 5850
1523 373 1955 440 nummus.
2506 371 2511 378 ’
3278 395 3351 442 43

111 514 278 567 simos
295 553 312 580 ,
344 511 574 584 quales,
603 511 822 584 quippe
841 509 1016 564 servis
1043 527 1162 562 non
1187 507 1474 578 meliores,
1501 509 1692 563 Dulo-

114 604 268 676 polin
306 601 576 656 habitare
618 598 804 676 fingit.
837 599 1028 656 Schol.
1077 597 1476 671 Aristophanis
1519 600 1690 670 vesp.

119 689 262 760 1187
319 707 336 747 ε
381 683 704 764 Ἀνδροκλία
748 683 804 744 δὲ
863 687 968 763 Κρ.
1019 686 1150 762 Σερ.
1196 683 1328 763 φησὶ
1367 684 1548 742 δοῦλον
1605 681 1696 742 καὶ

110 773 352 854 πτωχὸν,
395 775 453 832 ἔν
501 772 566 850 δὲ,
593 769 796 853 Ὥραις
845 770 1169 851 ἡταιρηκότα
1227 769 1330 851 ἄρα
1378 769 1468 829 τὸν
1511 769 1690 830 αὖτόν.

111 867 194 923 ef.
230 865 608 941 Ecpbantidis
635 863 838 939 fragm.
869 863 922 920 3.
955 887 981 914 n
1018 864 1070 917 E
1096 864 1182 920 M.

882 969 934 1026 3.

192 1079 448 1152 noeych.
477 1073 750 1156 Ἀΐδρυτον
777 1071 940 1132 κακόν
965 1095 980 1130 z
1021 1076 1121 1154 Κρ.
1153 1075 1278 1152 Σερ.

209 1187 500 1254 Οἰιιοῢσιν
534 1185 871 1276 φεύγοντες,
896 1175 1174 1276 ἀΐδρυτον
1203 1181 1388 1250 κακὸν
1407 1177 1692 1258 *ἅλλοιφ

111 1310 242 1378 (Sic
291 1309 492 1382 Mein.;
519 1305 800 1361 edebatur
837 1303 1019 1360 κακόν.
1057 1302 1286 1380 ἄλλοις.)
1329 1299 1693 1380 κακοΐδρυτον,

109 1395 146 1466 ἢ
196 1383 306 1452 οἷον
337 1391 490 1450 ἄλλοι
526 1392 702 1456 αὗτοῑς
729 1390 824 1448 οὐκ
865 1387 930 1446 ἂν
955 1388 1251 1468 ἱδρύσαιντο
1273 1390 1338 1466 (2)
1379 1387 1474 1460 τὴν
1509 1385 1695 1468 φυγὴν,

111 1485 182 1547 ὡς
205 1481 356 1548 εἴτις
381 1479 604 1556 ἄγαλμα
625 1477 916 1556 ἱδρύσαιτο.
943 1481 1008 1536 V.
1038 1480 1120 1534 ibi
1150 1481 1399 1554 interpp.
1421 1502 1444 1527 α
1475 1481 1696 1551 Loqui·

99 1585 214 1640 ⁴tur
237 1582 411 1648 poeta
455 1569 530 1626 de
568 1571 760 1624 noecio
790 1569 1000 1642 quibus
1031 1567 1363 1624 horninibus
1411 1565 1515 1643 (de
1560 1567 1696 1640 Scy·

109 1663 258 1730 this,
293 1670 360 1714 ut
389 1658 644 1726 videtur,
675 1657 1050 1726 nomadibus,
1086 1656 1159 1712 de
1191 1657 1400 1729 quibus
1429 1655 1696 1711 Herodo-

109 1761 202 1805 tus
231 1755 294 1816 4,
334 1766 428 1816 ιι,
466 1765 568 1821 19,
607 1744 754 1813 1463
786 1764 846 1816 7,
889 1764 984 1802 ιο.
1024 1743 1262 1818 Both),
1301 1745 1400 1817 qui
1425 1745 1694 1800 volunta·

109 1837 200 1892 rio
228 1836 408 1891 exilio
449 1835 636 1889 solnm
677 1841 987 1889 verterant.
1033 1833 1278 1886 Exilium
1307 1841 1476 1886 vocat
1511 1824 1695 1908 ἀίδρυ-

111 1944 198 1979 τον
221 1920 388 1979 κακὸν
427 1918 608 1986 ἄλλοις
620 1964 639 1991 ,
673 1923 884 1975 malum
904 1923 1034 1974 aliis
1052 1921 1236 1974 dfrum
1256 1931 1312 1973 et
1329 1921 1693 1977 exsecrabik.

107 2013 290 2068 Recte
337 2012 517 2085 igitur
555 2009 798 2082 Hesych.
836 1997 1046 2066 οἶοι...
1103 2004 1438 2084 ἱδρύσαιντο,
1487 2008 1696 2080 quibus

109 2099 518 2174 explicationis
541 2115 709 2153 eausa
739 2096 905 2152 addit
939 2091 1036 2164 τὴν
1059 2092 1257 2172 φυγὴν,
1285 2093 1520 2150 εζτίΙΙωη
1539 2099 1696 2150 scite·-

111 2199 218 2244 cet.
253 2211 280 2236 ι
301 2187 397 2242 Sic
419 2187 539 2242 fere
567 2186 746 2242 Mein.
767 2205 784 2253 3
804 2183 904 2239 sed
929 2183 1268 2260 ponendum
1285 2183 1694 2257 proculdubio

111 2273 303 2348 ἄλλως,
321 2286 548 2330 temere.
561 2274 628 2328 V.
643 2272 922 2328 Herodot.
941 2279 1000 2342 4,
1025 2273 1334 2344 77,ibique
1345 2271 1554 2346 Baehr.,
1583 2284 1693 2330 etc.

111 2364 300 2436 Etym.
331 2363 412 2417 M.
447 2355 714 2440 Ἀΐδρυτον
739 2356 904 2416 κακόν
936 2379 952 2415 :
980 2357 1042 2415 τὸ
1069 2355 1370 2438 κατάρατον
1389 2400 1405 2428 ,
1447 2355 1474 2414 ὃ
1501 2357 1598 2414 οὔκ
1631 2355 1696 2414 ἄν

107 2470 182 2514 τις
233 2449 386 2528 αὐτῷ
427 2445 704 2526 ἱδρύσαντο
736 2447 822 2522 (7).
859 2447 944 2502 Cf.
974 2449 1209 2522 Lysistr.
1259 2446 1392 2502 810.
1450 2445 1529 2504 Ol
1550 2449 1696 2502 κοῦ-

111 2559 228 2608 σιν,
265 2539 310 2591 i.
347 2555 400 2596 e.
447 2533 712 2613 διάγουσι,
751 2540 968 2604 vivunt,
1018 2553 1193 2610 germ.
1222 2540 1308 2588 sie
1342 2533 1584 2603 hau-rem
1632 2555 1690 2590 v.

108 2625 299 2682 Thuc.
331 2624 394 2693 6,
421 2622 518 2694 82,
549 2635 664 2682 ete.

877 2708 937 2768 [ι.

187 2809 430 2864 photius
457 2810 596 2866 Lex.
617 2827 683 2882 p.
714 2805 854 2882 533,
880 2825 980 2880 αα,
1013 2817 1068 2862 et
1095 2805 1294 2863 Suidas
1322 2846 1340 2880 ,
1371 2803 1635 2884 Σταθερόν
1678 2828 1691 2864 :

113 2893 230 2967 ὀξὺ,
257 2893 476 2975 ἰσχυρὸν
507 2893 544 2965 ἦ
573 2893 840 2973 θερμόν...
882 2893 975 2953 καὶ
1021 2895 1125 2972 Κρ.
1153 2891 1210 2951 δὲ
1239 2894 1292 2952 ἐν
1326 2893 1456 2971 Σερ.
1482 2893 1570 2952 ἐπὶ
1602 2899 1696 2954 τοῦ

115 2981 266 3049 ὀξέως
301 2979 476 3061 (ὀξέος
501 2984 714 3057 Mein.)
745 2979 782 3051 ἢ
805 2982 1048 3061 ἰσχυροῦ,

209 3094 396 3156 Οὕτω
451 3088 750 3181 σταθερῶς
803 3094 936 3165 τοῖς
991 3079 1382 3165 λωποδύταις
1431 3094 1464 3153 ὁ
1515 3088 1694 3181 πόρος

1077 3202 1328 3259 πεινῶσι
1359 3188 1687 3283 παφλάζει.

115 3318 236 3373 lloc
267 3316 450 3385 dicit,
473 3314 584 3369 nisi
608 3312 800 3383 fallor,
827 3298 1122 3385 Comicus,
1150 3324 1266 3368 tam
1298 3315 1508 3369 acriter
1533 3315 1694 3369 navi-

113 3407 228 3479 gari
257 3424 292 3461 a
321 3402 694 3479 praedonibus
729 3400 960 3461 fretum.

879 3504 936 3562 5.

189 3614 620 3691 Harpocration
649 3632 711 3687 p.
761 3630 892 3679 112,
945 3630 996 3681 ι,
1048 3607 1284 3682 Κισθήνη
1327 3630 1342 3669 :
1388 3608 1696 3691 Ἰσοκράτης

117 3702 503 3779 Πανηγυρικῷ.
534 3697 652 3777 ὄρος
674 3702 768 3771 τῆς
789 3696 1030 3777 Θρᾴκης.
1067 3698 1171 3779 Κρ.

205 3808 518 3883 Κᾶνθένδ’
567 3816 670 3881 ἐπὶ
715 3815 998 3906 τέρματα
1045 3826 1157 3909 γῆς
1186 3809 1383 3900 ἥξεις,
1429 3814 1534 3881 καὶ
1581 3828 1692 3882 Κι-

1141 3922 1354 4000 σθήνης
1380 3921 1508 4015 ὅρος
1535 3923 1689 4011 ὄψει.

117 4040 506 4097 probabiliter
561 4042 734 4097 Mein.
806 4042 930 4097 haec
989 4044 1185 4099 retulit
1241 4043 1314 4099 ad
1380 4044 1686 4118 Seriphius.

119 4130 412 4204 AEschylus
437 4126 638 4186 Prom.
667 4127 781 4199 817
815 4148 830 4183 ι

193 4234 396 4293 Πόντου
432 4233 655 4311 περῶσα
685 4230 968 4311 φλοῑσὸον,
999 4232 1110 4291 ἔστ’
1135 4232 1199 4291 ἂν
1229 4232 1369 4311 ἐξίκῃ

187 4321 315 4400 πρὸς
343 4318 638 4399 Γοργόνεια
665 4318 826 4379 πεδία
852 4321 1150 4395 Κισθήνης,
1175 4319 1264 4380 ἵνα

187 4411 240 4465 αἱ
266 4408 542 4489 Φορκίδες
567 4406 802 4482 ναίουσι,
835 4410 1046 4481 δηναιαὶ
1068 4409 1245 4490 κόραι.

123 4542 142 4559 ·
167 4516 346 4590 liujus
373 4516 538 4572 enim
565 4515 770 4571 fabulae
795 4528 1018 4591 partem
1059 4534 1184 4571 eam
1202 4557 1219 4586 ,
1247 4535 1372 4590 quae
1401 4518 1496 4571 Ius
1527 4534 1656 4571 erro

116 4622 198 4659 res
222 4604 657 4679 complectitur,
675 4604 828 4659 Crat.
853 4604 1202 4678 iuSeriphiis
1224 4604 1416 4658 lusisse
1435 4598 1683 4658 videtur.

123 4856 367 4915 incolunt
385 4855 700 4929 fugientes,
728 4775 973 4914 instabili
999 4858 1146 4915 malo
1171 4857 1486 4916 temerario.

127 5032 234 5087 lam
261 5033 615 5090 vehementer
636 4949 996 5105 praedonibus
1020 5030 1285 5089 famelicis
1311 4948 1690 5105 adstregiiifflss

881 5126 936 5176 6.
1221 5124 1368 5189 [tem
1397 5120 1686 5193 spectabis.

1789 508 1920 562 Non
1947 519 2099 565 recte
2128 519 2317 564 autem
2348 511 2631 584 Harpocr.
2666 509 2969 570 Cisthenen
3002 514 3075 570 ab
3102 517 3356 573 Isocrate

1790 597 1999 672 Paneg.
2027 595 2063 670 S
2102 595 2210 652 153
2244 609 2753 656 commemoratam
2776 619 2906 658 cum
2943 599 3205 660 Cisthene
3228 605 3360 661 Cra-

1791 684 1894 738 tini
1925 685 2249 758 composuit
2288 702 2303 738 :
2334 685 2429 740 illa
2471 686 2622 742 enim
2656 689 2851 760 Mysia·
2887 689 3167 765 oppidum
3216 692 3355 762 fuit,

1789 771 2085 828 Strabonis
2103 783 2363 846 tempore
2385 772 2687 832 desertum.
2704 776 2771 832 V.
2796 777 3000 832 Strabo
3032 777 3124 848 13,
3146 798 3206 854 p.
3241 779 3355 850 375
3426 805 3429 809 ·

1790 857 1880 914 ed.
1912 860 2043 916 Sieb
2074 878 2091 928 3
2118 859 2204 916 cf.
2238 860 2429 936 steph.
2463 862 2598 934 Byz.
2642 881 2695 916 v.
2725 862 2958 935 Πᾶσσας
2987 863 3135 924 Plin.
3174 868 3247 922 H.
3280 869 3354 923 Ν.

1793 945 1854 1020 5,
1889 945 1985 1005 3ο.
2031 949 2285 1004 Tilraciae
2311 959 2563 1008 montem
2607 949 2908 1008 Cisthenen
2958 951 3159 1010 dicunt
3190 957 3360 1011 etiam

1791 1034 2027 1092 Photius
2056 1046 2115 1092 et
2140 1035 2359 1096 Suidas.
2386 1035 2475 1098 Cf.
2503 1037 2743 1112 Hesych.
2780 1057 2837 1094 v.
2880 1036 3131 1110 Κισσίνη.
3170 1042 3359 1115 Quid-

1659 1143 1684 1154 ·
1791 1123 1933 1198 quid
1961 1134 2077 1197 est,
2122 1125 2183 1180 in
2227 1135 2481 1182 extrema
2528 1136 2805 1184 terrarum
2846 1139 3008 1202 parte
3041 1131 3211 1187 situm
3254 1132 3360 1186 ali-

1791 1227 1961 1282 quem
2020 1211 2213 1300 locum
2268 1212 2343 1267 ab
2390 1211 2657 1288 ‘AEschylo
2696 1223 2753 1272 et
2796 1215 3027 1272 Cratino
3076 1218 3359 1294 designari

1789 1309 2051 1373 apertum
2080 1310 2181 1357 est.
2218 1323 2242 1350 ι»
2284 1301 2335 1356 Ε
2363 1303 2452 1356 Μ.

2535 1405 2595 1462 6.

1871 1517 2157 1592 Hephaest.
2200 1536 2264 1593 p.
2298 1515 2375 1593 89
2408 1533 2425 1576 :
2455 1514 2618 1598 παρὰ
2642 1515 2698 1576 δὲ
2734 1517 2985 1600 Κρατίνῳ
3018 1521 3073 1579 ἐν
3097 1529 3205 1588 τοῖς
3232 1523 3361 1601 Σερ.

1791 1602 1961 1662 οὐκέτι
2004 1602 2373 1675 ἃκατᾰληκτόν
2409 1605 2522 1663 ἐστι
2552 1604 2611 1662 τὸ
2634 1606 2945 1666 δακτυλικὸν
2972 1607 3032 1666 τὸ
3072 1607 3361 1686 ἡγούμενον

1790 1696 1880 1750 τοῦ
1914 1692 2253 1772 ἰθυφαλλικοῦ
2270 1734 2287 1764 ,
2322 1689 2461 1750 ἀλλὰ
2484 1693 2872 1765 καταληκτικὸν
2901 1697 2973 1762 εἰς
3008 1695 3359 1771 δισύλλαὸον,

1855 1804 2911 1867 (-σῦ-υν-νυ-ῦΙ-ν-σ-σ).-

1890 1913 2153 2004 Χαίρετε
2228 1913 2449 1992 πάντες
2507 1913 2633 1984 θεοὶ
2690 1909 3047 1984 πολύόωτον
3106 1917 3363 1986 ποντίαν

3088 2023 3321 2115 Σέριφον
3340 2017 3355 2090 !

1792 2158 2008 2227 Persei,
2029 2157 2090 2211 ni
2110 2156 2303 2227 fallor,
2338 2158 2545 2228 verba,
2570 2157 2679 2214 diis
2696 2159 2907 2234 gratias
2927 2161 3170 2236 agentis,
3198 2161 3361 2237 quod

1791 2243 2033 2301 feliciter
2076 2264 2206 2302 cum
2266 2245 2637 2302 Andromeda
2696 2247 3001 2322 Seriphum
3057 2249 3293 2306 redierit
3338 2269 3353 2309 τ

1791 2353 1843 2388 v.
1885 2333 2159 2408 Apollod.
2216 2353 2277 2410 ιι,
2320 2343 2381 2410 4,
2424 2334 2480 2394 3.
2512 2333 2669 2392 Πολ.
2696 2336 2733 2392 i.
2780 2354 2833 2395 e.
2878 2331 3231 2407 πολυὸόητον,
3248 2335 3359 2410 sa·
3442 2389 3449 2394 .

1792 2426 2035 2491 mosam,
2068 2423 2408 2480 celebrem-z
2455 2441 2645 2495 neque
2692 2425 2846 2478 enim
2904 2423 3020 2480 huc
3070 2428 3319 2499 pertinet
3338 2467 3359 2496 ,

1793 2509 1953 2584 quod
1994 2528 2202 2586 parva,
2244 2529 2447 2567 saxosa
2486 2521 2545 2568 et
2587 2513 2791 2567 sterilis
2824 2511 2933 2568 fuit
2956 2513 3077 2569 haec
3132 2515 3316 2570 insula
3337 2555 3357 2584 ‚

1790 2610 1993 2673 postea
2040 2599 2265 2655 infamis
2282 2641 2299 2668 ,
2346 2611 2413 2654 ut
2463 2617 2583 2672 quo
2638 2601 2827 2656 exules
2870 2602 3232 2657 mitterentur
3283 2604 3362 2658 ab

1791 2688 2233 2760 imperatoribus
2271 2687 2570 2757 Romanis,
2598 2697 2737 2743 teste
2764 2689 2964 2744 Tacito
2993 2693 3140 2749 Anu.
3164 2697 3222 2760 4,
3256 2691 3353 2751 31.

1791 2777 2097 2850 Perperam
2127 2775 2334 2844 Mein„
2376 2787 2620 2832 auctore⁴
2652 2776 2903 2836 Dobraeo
2948 2776 3025 2834 ad
3062 2779 3351 2853 Aristoph.

1799 2863 1907 2938 Eq.
1940 2863 2038 2935 32,
2082 2861 2250 2942 Χαῖρ.
2292 2883 2356 2919 π.
2386 2858 2503 2920 ὅσοι
2546 2883 2610 2921 π.
2641 2884 2701 2922 π.
2742 2861 2988 2945 Σέριφον,
3031 2867 3191 2941 quasi
3236 2869 3359 2924 haee
3464 2901 3471 2908 -

1789 2954 1860 3007 sit
1877 2954 2050 3009 choi-i
2078 2946 2792 3028 (ipsormn=Seriphiortlm
2811 2953 2857 3031 !)
2884 2956 3072 3014 oratio
3088 3000 3106 3031 ,
3134 2958 3359 3034 Seriphi

1789 3043 1907 3098 sive
1930 3043 2071 3099 deos
2094 3044 2212 3098 sive
2232 3044 2457 3100 incolas
2470 3038 2781 3103 salutantis.

2460 3166 2471 3176 .
2529 3166 2597 3239 '‘7'-

1866 3278 2249 3335 Antiatticista
2274 3296 2340 3353 p.
2386 3276 2487 3352 85,
2524 3296 2549 3333 1
2588 3294 2605 3335 t
2634 3274 2859 3336 Βόθυνον
2888 3274 2949 3335 οὔ
2975 3298 3105 3357 φασι
3131 3278 3235 3337 δεῖν
3263 3278 3356 3337 λέ-

1786 3384 1929 3441 γειν·
1960 3362 2107 3421 ἀλλὰ·
2128 3362 2308 3423 Σόλων
2337 3361 2437 3442 ἔφη
2483 3364 2538 3421 ἐν
2573 3370 2680 3427 τοῖς
2724 3362 2897 3439 νόμοις
2936 3362 3101 3444 (item
3148 3370 3355 3425 Xeno-

1785 3452 1947 3527 phon
1980 3452 2203 3510 OEcon.
2253 3470 2351 3525 19,
2388 3451 2473 3527 3).
2507 3451 2614 3528 Κρ.
2652 3451 2777 3528 Σιρ.
2820 3476 2847 3501 ιι
2875 3448 3039 3509 Ἀλλ’
3067 3452 3355 3513 ἀπίωσιν

1787 3538 1854 3595 ἐν
1879 3538 2059 3619 χορῷ
2089 3538 2153 3603 ἐς
2192 3538 2470 3616 βόθυνον
2499 3534 2691 3598 ἱέναι.
2719 3542 3115 3613 unqu-anta,
3144 3542 3355 3600 fatente

1787 3630 1961 3684 etiam
1980 3626 2288 3685 Meinekio.
2312 3628 2575 3687 Fortasse
2587 3628 2684 3687 Cr.
2711 3626 2857 3683 dixit
2868 3624 3009 3685 Ἀλλ’
3026 3628 3267 3687 ἀπιοῦσιν
3296 3630 3357 3689 ἐκ

1784 3716 1985 3793 χορῶν,
2010 3716 2062 3781 ἐς
2088 3713 2296 3793 βόθυνον
2321 3712 2483 3787 ἱέναι,
2510 3717 2572 3771 iu
2588 3716 2663 3794 τῷ
2685 3712 2817 3773 ἰέναι
2840 3716 3127 3773 intellecto
3152 3714 3356 3797 ψήφους
3438 3759 3443 3765 -

1785 3805 1876 3860 vel
1918 3806 2113 3879 aliquo
2154 3803 2468 3876 ejusmodi,
2520 3803 2681 3878 qnod
2722 3804 3145 3861 discedentibus
3190 3804 3353 3863 finito

1787 3894 2043 3951 dramate
2086 3900 2361 3971 χορευταῖς
2409 3893 2607 3950 datum
2654 3892 2824 3949 suerit
2872 3892 3011 3950 ludo
3059 3896 3357 3955 relaxandi

1785 3982 1961 4038 animi
2000 4000 2191 4039 causa.
2232 3982 2477 4054 Snbjieit
2522 3982 2674 4038 enim
2698 3983 3115 4046 Antiatticista:
3148 3982 3259 4042 ἔστι
3299 3984 3355 4044 δὲ

1784 4067 1969 4127 παιδιά
1996 4092 2073 4136 τις
2092 4072 2146 4135 ἐς
2176 4071 2389 4147 βόθυνον
2416 4068 2572 4130 ἱέναι.
2604 4072 2796 4130 Schol.
2824 4070 3081 4130 Platonis
3107 4074 3351 4133 Bekker.

1783 4156 1845 4232 ᾗ.
1882 4157 1997 4215 320
2026 4177 2041 4217 :
2079 4158 2248 4238 τρόπα
2274 4161 2335 4235 (Ρ)
2366 4158 2411 4215 δ’
2448 4156 2587 4215 ἐστὶν
2608 4161 2661 4239 ,ἡ
2692 4158 2763 4223 εἷς
2794 4157 3001 4236 βόθυνον
3038 4161 3099 4218 ἐκ
3136 4161 3355 4233 διαστή-

1785 4266 1947 4321 ματος
1979 4244 2131 4323 βολή.
2155 4250 2355 4315 Versus
2381 4248 2460 4303 sic
2486 4246 2831 4311 habuerint:
2952 4312 2955 4319 ¹

1928 4399 2028 4411 —
2055 4354 2232 4427 Ἀλλ’
2270 4362 2550 4428 ἀπιοῦσιν
2586 4364 2655 4426 ἐκ.
2688 4370 2913 4455 χορῶν,

1881 4468 1938 4543 ἐς
1974 4466 2218 4551 βόθυνον
2258 4468 2444 4549 ἱέναι,

1785 4613 2084 4677 correpta,
2112 4612 2177 4657 ut
2207 4620 2316 4677 par
2343 4612 2457 4674 est,
2490 4602 2680 4659 media
2713 4602 2960 4658 nominis
2997 4598 3231 4679 βόθυνος.

2536 4776 2571 4827 6

1781 4858 2021 4928 Salvae,
2050 4872 2241 4916 omnes
2262 4856 2374 4930 dii,
2398 4858 2473 4916 ob
2489 4812 2760 4916 celebrem
2788 4858 2959 4915 nuris
2994 4856 3232 4914 insulam
3257 4859 3351 4915 Se·

3059 4943 3309 5018 [riphum
3330 4944 3353 4999 t

1833 5116 1959 5179 'Sed
1982 5120 2307 5179 abeuntibus
2325 5136 2355 5177 e
2376 5038 2592 5189 clim-ig,

135 5204 352 5279 indeque
383 5207 456 5265 ad
479 5208 620 5265 lines
643 5215 806 5263 terra:
831 5204 1114 5277 devenies,
1140 5217 1192 5265 et
1219 5210 1516 5267 Cisthenen
1539 5224 1688 5265 mon·
1783 5216 1842 5265 ut
1875 5208 1932 5264 in
1963 5206 2181 5265 foveam
2206 5208 2453 5265 mittant.
