3809 5850
1629 458 1973 521 EUPOLls.
3308 470 3415 521 201

185 600 464 653 Pon-sonus
485 594 639 651 Adv.
665 612 722 667 p.
753 590 896 650 285.
931 594 1052 647 Hoc
1077 592 1218 647 dixit
1245 610 1260 649 ε
1290 594 1466 648 verba
1495 598 1642 648 enisu
1666 612 1761 647 ca·
1857 594 2159 649 Bulborum
2186 597 2399 648 tunicas
2421 586 2869 648 commemorant
2888 593 3099 647 Plinius
3120 595 3190 649 11.
3216 596 3285 651 N.
3320 592 3419 663 25,

187 699 274 757 pue
303 690 428 758 ejus
459 700 574 738 non
609 677 933 755 dfffindent.
963 703 988 730 ι

928 775 961 832 3
975 794 1022 830 ι.

263 890 553 965 Hephaest.
591 874 653 964 Ρ.
707 884 820 941 132
857 903 872 943 ε
903 882 1230 961 κομμάτιον,
1265 882 1294 942 ὃ
1337 883 1428 941 καὶ
1463 882 1612 963 παρὰ
1658 884 1764 951 τοῖς

193 978 430 1041 παλαιοῖς
457 973 703 1045 ποιηταῖς
724 970 1031 1046 ὠνομάσθη.
1060 969 1189 1051 φησὶ
1209 969 1311 1051 γὰρ
1337 973 1405 1031 Ε.

279 1084 510 1161 Εἰωθὸς
537 1085 610 1150 τὸ
637 1081 985 1174 κομμάτιον
1012 1091 1222 1149 τοῦτο.

941 1193 1034 1249 32.

271 1308 478 1363 Pollux
501 1326 562 1377 2,
590 1324 667 1380 90
695 1322 712 1363 τ
739 1304 806 1364 Ε.
831 1302 923 1362 καὶ
939 1302 1058 1376 νηὸς
1077 1301 1278 1383 χείλη
1298 1302 1502 1382 εἴρηκεν
1527 1328 1550 1355 ιι
1577 1301 1764 1381 Ἀνωρ·

198 1393 342 1469 ροθία
382 1396 420 1463 ἡ
446 1392 572 1473 περὶ
612 1390 680 1449 τὰ
711 1389 868 1469 χείλη
907 1393 1000 1461 τῆς
1028 1390 1171 1457 νεώς.
1204 1418 1230 1443 ι»
1264 1391 1510 1452 Runkel.
1542 1390 1650 1447 ἅνω
1680 1393 1768 1469 ῥο-

189 1483 592 1550 mata-Furem
609 1478 718 1537 ἄνω
734 1478 952 1556 ῥοθίαζε.
963 1482 1310 1557 Ixnperativo
1328 1480 1543 1552 rejecto
1557 1480 1726 1539 Mein.
1748 1500 1762 1536 :

195 1600 214 1617 ·
249 1566 628 1648 Ἀνερροθίαζε,
652 1571 771 1627 scil.
799 1566 912 1640 ἅλς,
936 1588 1092 1625 mare
1110 1571 1398 1645 strepebat
1415 1575 1564 1625 cit-ca
1587 1581 1766 1625 extre-

190 1682 342 1717 mam
372 1665 537 1715 navis
575 1679 757 1715 oram.
806 1655 1218 1736 Ἀναρροθιάζειν
1252 1656 1396 1733 (sic)
1445 1658 1664 1713 dictum
1703 1668 1769 1713 ut

189 1750 529 1826 ἀναρροχθεῖν
561 1745 580 1820 ί
591 1746 704 1821 sic)
731 1745 888 1820 apud
911 1748 1245 1803 Homerum.
1266 1743 1377 1802 Sed
1401 1745 1580 1818 possis
1602 1745 1768 1799 etiam

188 1838 296 1895 ἅνω
325 1833 553 1917 ῥοθιάζει
579 1853 710 1891 cum
733 1834 992 1891 Bekkero
1011 1878 1028 1905 ,
1056 1833 1145 1889 vel
1170 1830 1530 1909 ἀναρροθιάζει
1553 1828 1704 1908 (sic).
1736 1856 1760 1882 »

263 2042 430 2099 Idem
463 2062 525 2112 α,
555 2062 578 2097 ι
592 2040 668 2117 59
691 2057 705 2099 2
727 2038 872 2120 παρὰ
893 2037 958 2097 ’δὲ
983 2038 1240 2100 Εὐπόλιδι
1258 2037 1561 2118 προπόσεως
1581 2042 1768 2117 σχῆμα

183 2134 404 2207 (intell.
431 2134 470 2201 ἦ
486 2128 721 2195 ἐπιδέξια
739 2126 776 2206 ),
808 2154 832 2179 κ
856 2125 1032 2186 σΟτιιν
1056 2126 1110 2186 δὲ
1127 2126 1316 2185 πίνωσι
1337 2125 1432 2198 τὴν
1461 2126 1712 2195 ἐπιδέξια.
1737 2154 1760 2179 υ

182 2224 365 2279 Mein.
401 2230 644 2275 auctore
666 2219 892 2292 Toupio

277 2310 458 2382 ὅταν
495 2308 570 2381 δὲ
607 2309 684 2389 δὴ
724 2317 946 2382 πίνωσι
977 2318 1088 2389 τὴν
1132 2306 1432 2391 ἐπιδέξια.

178 2450 266 2501 De
295 2440 534 2509 ἐπιδᾶια
563 2438 730 2497 πίνειν
755 2460 816 2500 v.
842 2442 1050 2499 Athen.
1081 2460 1104 2497 1
1123 2460 1143 2496 1
1169 2484 1184 2511 ‚
1220 2459 1282 2516 p.
1314 2441 1447 2511 464,
1473 2444 1543 2500 A.

927 2546 961 2602 3
1011 2590 1024 2607 .

259 2655 428 2713 Idem
455 2653 516 2725 6,
550 2651 627 2710 65
663 2672 676 2707 :
710 2648 778 2709 τὰ
803 2648 856 2708 δὲ
881 2552 1162 2727 flegunta
1202 2647 1394 2722 ἔλαιον,
1427 2647 1562 2721 ὄξος,
1588 2652 1657 2716 ὡς
1696 2650 1761 2708 Ε.

348 2770 374 2792 V
643 2768 662 2791 Ι
835 2765 862 2787 ’θ
1004 2771 1020 2789 9
1085 2765 1102 2787 Ι
1123 2758 1130 2764 ⁶
1351 2772 1383 2786 ω

279 2786 474 2838 Οινου
499 2793 800 2859 παροντος
829 2764 960 2848 οξος
986 2766 1214 2858 ηρασθη
1246 2791 1426 2833 πιειν.

181 2924 208 2945 ⁴³
247 2898 346 2955 Ad
369 2893 568 2959 Πόλεις
590 2895 782 2950 nescio
813 2911 932 2968 quo
973 2902 1208 2949 auctore
1238 2894 1494 2948 retulerit
1537 2891 1769 2952 Grotius

177 2991 462 3060 Excerpt.
487 3005 554 3059 p.
589 2981 725 3040 503.
750 2985 958 3038 Versus
979 2977 1152 3037 ‘fuisse
1178 2981 1406 3038 videtur
1432 2982 1766 3054 proverbia-

171 3077 270 3142 lis»,
303 3074 382 3129 de
401 3075 472 3128 iis
494 3071 706 3140 dictus,
729 3069 831 3143 qui
853 3069 1186 3126 melioribus
1211 3069 1643 3144 suppetentibus
1661 3069 1768 3125 de-

175 3163 402 3218 teriora
429 3159 780 3234 praeferrent.
815 3181 842 3208 n
876 3157 926 3211 Ε
949 3157 1037 3213 Μ.

259 3377 634 3436 Cocondrius
667 3377 754 3432 De
776 3375 958 3450 tropis
999 3373 1154 3449 apud
1187 3374 1515 3430 Boissonad.
1547 3373 1764 3430 Anecd.

177 3471 238 3534 4,
269 3485 339 3540 p.
367 3465 508 3538 296,
540 3483 635 3538 ap.
665 3463 844 3519 Walz.
874 3463 1069 3520 Rhett.
1095 3460 1154 3532 8,
1179 3480 1240 3535 p.
1270 3463 1423 3535 789:
1449 3459 1508 3516 τὸ
1536 3457 1768 3535 εἴκασμά

173 3553 298 3609 ἐστι
345 3553 590 3626 σκῶμμα
617 3546 732 3608 καθ’
755 3546 1038 3623 ὁμοιότητα
1057 3590 1075 3618 ,
1105 3549 1175 3612 ὣς
1209 3545 1322 3624 ἔχει
1347 3546 1406 3604 τὸ
1433 3547 1561 3625 παρ’
1591 3547 1768 3606 Ε-δι

178 3667 204 3686 -
249 3637 680 3706 Κατεικάζουσιν
707 3639 849 3712 ἡμᾶς
892 3636 920 3666 ⁴
945 3633 1101 3714 σχάδι
1132 3633 1331 3713 βολὸῷ.
1367 3661 1392 3685 ιι
1443 3635 1557 3692 Pro
1612 3633 1770 3712 σχάδι

173 3729 367 3786 Boiss.
411 3723 606 3804 σχεδὸν
623 3767 640 3794 ,
661 3726 844 3782 Walz.
883 3723 1062 3801 ἰσχάδι
1081 3765 1098 3794 ,
1129 3723 1228 3780 sed
1250 3725 1397 3779 male
1417 3723 1570 3780 idem
1595 3721 1770 3802 βολὸῷ

177 3817 514 3892 transponit
550 3825 684 3870 ante
725 3809 1141 3878 κατεικάζουσιν.
1187 3809 1302 3886 (De
1328 3813 1440 3869 hoc
1477 3813 1656 3869 verbo
1691 3812 1766 3868 cf.

173 3907 400 3960 Cratini
424 3907 666 3976 Drapet.
688 3902 760 3957 fr.
792 3901 922 3978 13.)
955 3903 1211 3958 Fortasse
1233 3921 1353 3958 κατ.
1381 3902 1481 3974 ἡμ.
1511 3897 1690 3978 ἰσχάδι
1727 3897 1738 3977 Ι

180 3990 374 4070 βοὶβῷ
415 4010 499 4050 τε.
529 3989 897 4064 Comparatio
940 4008 1070 4044 cum
1101 3990 1288 4044 carica
1328 3988 1402 4044 ad
1441 4007 1608 4062 rugas
1639 4007 1770 4062 spe-

83 4121 100 4138 .
175 4091 348 4136 ctare
377 4079 614 4134 videtur
645 4097 658 4132 :
700 4097 759 4135 v.
785 4077 1014 4135 Jacobs.
1047 4075 1350 4132 Animadv.
1397 4076 1471 4131 ad
1503 4075 1770 4133 Brunckii

175 4169 362 4226 Anal.
401 4185 458 4236 1,
485 4184 548 4234 2,
573 4183 633 4239 p.
661 4164 800 4222 281.
839 4189 865 4215 n
912 4165 1096 4222 Μαίη.
1127 4165 1274 4230 Sane
1305 4165 1394 4220 his
1431 4164 1654 4220 vetulus
1679 4165 1770 4219 vi-

171 4275 315 4310 cem
339 4271 544 4312 senum
568 4253 955 4327 deploraverit
971 4295 988 4324 ‚
1011 4255 1110 4327 qui
1131 4265 1570 4309 contemnantur
1592 4272 1626 4309 a
1643 4251 1773 4309 filiis

161 4343 642 4416 juve-nibusque,
691 4351 968 4416 tanquam
1017 4359 1200 4398 meras
1245 4359 1412 4417 rugas
1453 4353 1512 4397 et
1571 4341 1769 4416 pelles.

173 4613 530 4666 Qnsiietum
553 4607 660 4666 hoc
677 4529 1029 4667 commatigils

187 4781 496 4849 alluebat(
513 4797 662 4839 mare
679 4789 698 4850 )
721 4783 862 4840 labia
883 4703 1054 4840 uagi-is.

185 4954 542 5028 Quandoque
569 4955 778 5013 scilicet
803 4876 1145 5015 ‹lontani-sum
1167 4957 1380 5014 bibunt.

193 5133 384 5200 Quum
409 5128 604 5182 vinum
624 5127 841 5186 adoeset
858 5172 874 5198 ‚
900 5047 1113 5188 axium
1137 5132 1322 5189 bibere
1348 5131 1520 5188 libuit.

964 5223 1054 5272 35.

199 5313 228 5364 l
244 5326 260 5358 ι
275 5301 442 5360 oinde
467 5313 791 5374 comparant
823 5321 920 5361 nos
939 5306 1130 5362 cariem
1151 5347 1164 5372 ,

1858 680 1913 751 5,
1952 700 2052 751 21,
2084 682 2289 737 Statius
2324 680 2457 736 silv.
2499 686 2566 749 4,
2608 699 2677 753 9,
2717 680 2815 737 3ο.
2848 681 3173 755 scripserim
3198 723 3213 754 ‚
3252 678 3423 737 καίτοι

1857 768 2005 825 forte
2030 769 2353 844 neglectum
2373 777 2526 825 ratus
2545 778 2673 823 ante
2700 788 2907 837 κατει-,

1956 878 2177 947 Καίτοι
2208 874 2663 959 κατεικάζουσιν
2695 885 2856 971 ἡμᾶς
2882 876 3092 971 ἰσχάδι
3110 930 3129 965 ,

1960 982 2161 1071 βολὸῷ
2179 1036 2193 1049 .

2607 1087 2703 1145 36.

1940 1196 2171 1251 Photius
2204 1213 2265 1270 Ρ.
2307 1193 2447 1265 178,
2498 1212 2590 1265 17,
2627 1190 2888 1273 Κρητικόν
2920 1211 2933 1251 :
2988 1190 3159 1273 βραχὺ
3196 1191 3421 1271 ἱμάτιον.

1857 1279 2019 1347 οὕτως
2048 1282 2109 1340 Ε.

1956 1426 2053 1439 -—-
2086 1393 2175 1455 Οὐ
2199 1389 2355 1454 πάνυ
2386 1390 2542 1480 ταχὺ

1957 1491 2143 1583 ῥάψας
2176 1492 2313 1585 ἐμοὶ
2344 1498 2509 1558 τοῦτ’
2538 1486 2854 1569 ἀναέαλεῖς
2897 1494 2969 1558 τὸ
3002 1495 3311 1586 κρητικῶς

1857 1617 2065 1672 Parum
2103 1616 2333 1690 placent
2359 1614 2801 1669 homoeoteleuta
2834 1610 2973 1668 πάνυ
3014 1610 3150 1692 ταχὺ
3168 1656 3184 1683 ,
3203 1626 3269 1669 ut
3298 1634 3421 1670 ma—

1859 1705 1959 1759 lim
1983 1724 2047 1765 π.
2078 1700 2238 1780 τάχος
2258 1703 2351 1759 vel
2370 1698 2541 1777 τάχα,
2566 1707 2706 1773 cito,
2738 1720 2917 1775 quum
2942 1698 3103 1780 τάχος
3128 1704 3239 1758 hoc
3260 1722 3423 1759 sensu

1843 1794 2082 1867 ,legatur
2104 1790 2259 1867 apud
2300 1790 2658 1863 AEschylum,
2686 1808 2795 1845 nec
2827 1810 2861 1845 α
2896 1802 2955 1846 et
2989 1812 3020 1845 u
3058 1791 3423 1847 confusorum

1851 1882 2121 1955 exempla
2152 1879 2575 1947 desiderentur;
2606 1896 2678 1934 ne
2702 1875 2909 1935 addam
2929 1920 2946 1948 ,
2988 1879 3156 1935 etiam
3186 1902 3215 1935 u
3235 1921 3251 1951 ,
3288 1900 3335 1936 οι
3366 1891 3426 1937 et

1861 1990 1917 2033 ος
1956 1970 2161 2024 similia
2200 1986 2317 2023 esse
2350 1967 2411 2021 in
2447 1967 2675 2022 vetustis
2712 1965 3023 2022 codicibus.
3066 1968 3179 2023 Sed
3214 1968 3326 2023 hoc
3360 1980 3427 2024 ut

1859 2056 2251 2127 admittamus,
2282 2064 2433 2111 certe
2456 2052 2875 2127 repudiandum
2904 2063 2986 2109 est
3019 2050 3206 2132 ῥίψας,
3237 2054 3423 2110 libro-

1858 2164 1990 2201 rum
2012 2144 2291 2218 scriptura
2310 2140 2645 2215 ταυτολόγος,
2666 2160 2773 2197 nec
2803 2142 2978 2198 dubie
3001 2142 3289 2202 infuscata.
3313 2146 3423 2217 Qui

1859 2234 1978 2290 haec
2003 2234 2177 2303 dixit,
2206 2249 2432 2287 servum
2464 2228 2627 2302 jubet
2662 2229 2913 2307 lacerum
2950 2227 3193 2308 κρητικὸν
3220 2232 3383 2287 suum
3402 2275 3421 2304 ‚

1861 2322 2122 2379 celeriter
2148 2329 2473 2385 consutum,
2502 2317 2613 2373 sibi
2638 2336 2830 2373 rursus
2854 2318 3119 2375 induere„
3153 2322 3241 2375 De
3262 2340 3295 2375 α
3324 2331 3383 2377 et
3409 2342 3425 2374 ι

1861 2407 2139 2465 confundi
2160 2408 2339 2464 solitis
2360 2416 2499 2463 nota
2526 2424 2615 2461 res
2636 2417 2720 2462 est
2754 2425 2768 2461 :
2795 2425 2854 2466 v.
2881 2408 3057 2463 Thuc.
3088 2404 3145 2477 5,
3180 2426 3273 2483 19,
3298 2408 3421 2466 ind.

1859 2498 2131 2571 AEschyli,
2158 2507 2271 2555 etc.
2305 2519 2329 2546 α
2363 2490 2628 2571 Κρητικὸν
2648 2495 2816 2550 vestis
2833 2505 2955 2551 erat
2977 2496 3159 2551 tenuis
3178 2506 3235 2551 et
3246 2506 3426 2562 curta,

1860 2605 1975 2659 qua
2018 2603 2120 2642 rex
2175 2600 2469 2640 sacrorum
2516 2581 2785 2637 utebatur
2832 2581 2988 2658 apud
3032 2584 3424 2654 Athenienses;

1859 2692 1915 2731 v.
1947 2672 2191 2746 Hesych.
2227 2672 2287 2727 h.
2314 2690 2371 2727 v.
2398 2670 2675 2726 etPollux
2707 2688 2765 2742 7,
2798 2689 2893 2742 77.
2926 2694 2953 2721 n
2987 2670 3149 2729 EM.

2598 2774 2693 2848 37.

1941 2882 2102 2941 Idem
2140 2902 2203 2960 p.
2247 2900 2395 2960 200,
2420 2883 2476 2957 8,
2532 2878 2827 2958 Musam
2855 2878 3061 2958 (immo
3098 2878 3318 2953 Λάὸδα,
3366 2893 3431 2938 ut

1857 2969 2221 3029 scribendum
2242 2991 2359 3029 esse
2378 2972 2580 3028 docuit
2603 2974 2669 3030 L.
2694 2971 2963 3029 Dindorf.
2992 2973 3051 3026 in
3076 2969 3273 3047 Thes.)
3306 2987 3321 3028 :
3342 2969 3427 3026 ἐπὶ

1857 3058 1973 3126 ταῖς
2014 3057 2229 3117 ἀσπίσιν
2258 3060 2307 3116 οἱ
2341 3056 2747 3134 Λακεδαιμόνιοι
2788 3057 3080 3136 ἐπέγραφον
3099 3101 3116 3131 ,
3156 3055 3335 3135 ὥσπερ
3377 3059 3425 3115 οἱ

1859 3146 2157 3218 Μεσσήνιοι
2181 3169 2243 3222 μ.
2276 3147 2346 3206 Ε.

1960 3251 2279 3349 Ἑξεπλοίγη
2312 3253 2425 3347 γὰρ
2458 3249 2603 3322 ἰδὼν
2633 3249 2961 3321 στίλῧοντα
2991 3251 3073 3318 τὰ
3103 3245 3325 3319 maffia.

1859 3377 2055 3435 Codex
2076 3372 2314 3452 λάμὸδα.
2600 3460 2674 3518 38

1941 3576 2101 3633 Idem
2124 3593 2185 3648 p.
2213 3574 2353 3648 369,
2389 3592 2457 3629 ια
2488 3593 2501 3627 2
2528 3567 2611 3628 ὅτι
2630 3567 2687 3628 δὲ
2708 3567 2925 3628 ἐκάλουν
2950 3567 3111 3634 οὕτως
3139 3567 3427 3645 (παιδικὰ)

1861 3661 2049 3721 καὶτὰ
2089 3659 2217 3740 πρὸς
2262 3666 2513 3737 γυναῖκας
2554 3661 2623 3720 Ε.
2669 3657 3017 3754 (μαρτυρεῑ)·
3064 3654 3191 3736 φησὶ
3232 3654 3334 3735 γὰρ
3362 3659 3430 3721 ὡς

1861 3751 1989 3830 πρὸς
2020 3747 2308 3827 αὐλητρίδα
2342 3769 2419 3814 τις

1960 3852 2101 3952 Ἐγὼ
2126 3853 2197 3925 δὲ
2232 3856 2426 3951 χαίρω
2454 3851 2642 3951 *πρός
2677 3882 2746 3948 γε
2775 3863 2903 3932 τοῖς
2940 3861 3064 3931 σοῖς
3100 3846 3423 3930 παιδικοῖς.

1862 3981 2065 4038 Scribo
2095 3977 2227 4044 πώς
2270 4000 2329 4054 γε
2367 3998 2474 4054 pro
2514 3974 2645 4056 πρός
2691 3999 2783 4056 γε,
2811 3976 3020 4033 menda
3047 3976 3218 4031 etiam
3274 3974 3429 4048 apud

1863 4076 2193 4151 AEscliylum
2232 4078 2398 4132 Eum.
2434 4073 2547 4131 225
2572 4116 2589 4146 ,
2628 4086 2685 4131 et
2710 4074 2897 4134 Thac.
2940 4072 2999 4143 5,
3052 4071 3279 4142 105;6‚
3332 4071 3429 4139 34,

1865 4166 2178 4222 observata.
2208 4188 2233 4214 «ι
2261 4164 2467 4220 Eadem
2490 4164 2702 4220 habent
2724 4163 2905 4220 schol.
2932 4165 3033 4217 Ar.
3058 4163 3223 4234 Vesp.
3258 4161 3429 4227 1026,

1864 4273 2101 4329 gramm.
2146 4253 2488 4310 Bachmanni
2516 4251 2734 4310 Anecd.
2773 4270 2825 4321 1,
2868 4269 2931 4325 Ρ.
2968 4249 3103 4320 324,
3144 4258 3201 4306 et
3236 4248 3435 4304 Suidas

1863 4359 1918 4396 v.
1948 4339 2212 4418 Παιδικὰ,
2237 4341 2339 4398 sed
2362 4359 2555 4397 omnes
2577 4338 2637 4416 γὲ
2664 4341 2889 4396 omisso.
2917 4363 2942 4389 υ
2978 4339 3028 4393 Ε
3048 4339 3138 4394 Μ.

1867 4521 2051 4578 bulbo.

2604 4631 2693 4680 36.

1866 4761 1937 4772 -
1974 4731 2093 4787 Non
2117 4729 2372 4786 citissime

1866 4827 2157 4877 consutum
2188 4817 2322 4875 mihi
2350 4834 2539 4875 rursus
2565 4817 2773 4890 injicies
2800 4819 3102 4874 creticum?

2605 4926 2692 4979 37.

1867 5025 2163 5099 Obstupuit
2182 5023 2516 5097 splendentia
2556 5023 2742 5081 videns
2762 5022 2993 5080 lambda.

2605 5134 2691 5184 38.

1877 5233 2139 5308 Equidem
2170 5233 2418 5292 nonnihil
2439 5233 2649 5304 gaudeo
2674 5235 2779 5288 tuis
2806 5231 3103 5288 anmi-ibus
