3809 5850
352 370 464 417 6310

1400 352 1645 411 Novas:
1688 352 2102 419 commum
2147 354 2559 429 amioum.

346 488 574 566 νεκροὺς,
614 490 667 541 h.
712 507 763 545 e.
812 486 1067 558 διηγεῖτο,
1094 484 1171 541 ὅτι
1204 482 1415 553 ἐποίησε
1448 483 1677 564 νεκρούς.
1724 487 1791 543 V.
1836 505 1905 559 ¹9
1955 499 1967 568 J
2007 483 2122 542 καθ’
2165 484 2406 557 ἑκάστου,
2447 500 2512 543 ut
2563 490 2730 542 ctiam
2757 489 3036 545 Dubraeus
3063 491 3206 549 Adv.
3247 512 3279 546 2
3307 536 3322 561 ‚
3347 512 3404 567 p,
3435 494 3567 552 351.

349 582 478 635 libri
526 574 669 635 οὐδὲν
718 576 789 634 ε’δ.
830 574 952 651 γὰρ.
990 578 1104 631 Nos
1148 576 1364 630 melius.
1424 574 1640 629 Deinde
1690 572 1739 628 εἴ
1771 594 1821 627 τι
1868 574 1914 629 δ’

346 668 575 723 Grotius
604 685 709 739 pro
732 664 775 720 εἰ
805 663 859 719 δέ
888 665 959 721 τ’.
990 664 1130 721 Cod.
1158 668 1199 717 Α
1229 658 1391 716 τάλαν
1417 659 1548 717 αἰτῶ
1572 682 1643 715 τι.
1666 661 1914 717 missor-

348 754 451 809 dus
486 752 533 809 εἴ
560 752 602 809 δ’
628 750 690 809 ἂν
714 749 976 826 αἰτοίμην.

1036 1002 1215 1063 XCV.

861 1116 1413 1187 POSIDIPPUS.

428 1263 768 1337 posidippus
795 1262 1189 1319 Casandrcnsis
1220 1262 1305 1338 (in
1333 1259 1736 1334 Macedonia),
1770 1256 1920 1313 filius

346 1355 568 1427 Cynisci
615 1371 628 1406 :
679 1370 734 1408 v.
790 1350 993 1405 Suidas
1037 1370 1081 1409 s,
1130 1369 1186 1408 v.
1242 1346 1606 1422 Ποσίδιππος,
1662 1346 1921 1405 Eudocia

346 1444 493 1501 Viol.
528 1462 583 1517 p.
642 1439 786 1514 359,
836 1440 1030 1513 steph.
1083 1441 1314 1513 Byzant.
1366 1456 1415 1495 s.
1454 1456 1510 1492 ν.
1561 1432 1917 1512 Κασάνδρεια.

346 1558 369 1583 ιι
393 1536 559 1589 Hunc
590 1529 791 1587 Suidas
818 1530 985 1585 tertio
1019 1546 1168 1583 anno
1192 1538 1319 1602 post
1348 1526 1640 1583 Menandri
1662 1525 1882 1581 obitum
1898 1566 1917 1593 ,

344 1624 402 1681 h.
438 1640 485 1677 e.
518 1622 592 1678 ol.
632 1618 773 1687 123,
819 1638 852 1673 2
908 1618 995 1672 vel
1034 1616 1065 1672 3
1117 1616 1282 1691 (ante
1320 1616 1453 1673 Chr.
1516 1625 1630 1670 nat.
1681 1612 1793 1671 286
1832 1614 1922 1670 vel

350 1709 521 1785 285),
550 1710 795 1783 primam
834 1706 1082 1761 fabulam
1120 1704 1381 1764 docuisse
1425 1716 1627 1760 auctor
1660 1712 1763 1761 est.
1810 1704 1918 1758 No-

343 1818 474 1855 men
526 1796 681 1873 apud
723 1798 861 1851 alios
934 1790 1322 1865 Ποσείδιππος,
1382 1801 1447 1846 ut
1501 1792 1561 1845 in
1610 1788 1922 1865 epigraphe

346 1898 541 1942 statuae
576 1884 756 1940 Musei
800 1882 1226 1938 Pioclementini
1267 1880 1384 1936 vol.
1426 1878 1489 1948 3,
1520 1895 1692 1951 quam
1738 1888 1919 1949 poetae

348 1976 647 2050 imaginem
664 1972 878 2027 referre
895 1981 1027 2046 post
1039 1968 1393 2027 Gronovium
1416 1967 1742 2023 observavit
1756 1967 1920 2023 Win-

346 2065 627 2119 kelmann.
661 2062 721 2115 in
748 2060 1001 2115 Tractato
1038 2059 1266 2133 prele‘m.
1310 2063 1369 2123 4,
1407 2052 1547 2123 1263
1579 2054 1735 2129 apud
1780 2055 1921 2109 alios

350 2150 674 2214 Ποσίδιππος
705 2169 719 2208 :
754 2170 810 2207 v.
842 2146 1245 2203 flemsterhus.
1282 2144 1356 2201 ad
1402 2142 1627 2203 Polluc.
1668 2162 1735 2199 xo
1756 2184 1773 2213 ,
1804 2141 1917 2217 98,

346 2242 576 2297 Jacobs.
612 2236 915 2296 Animadv.
949 2234 1023 2291 ad
1050 2235 1282 2291 Anthol.
1326 2232 1385 2305 3,
1417 2230 1472 2299 3,
1510 2251 1571 2305 p.
1617 2237 1757 2306 941,
1802 2242 1914 2289 etc.

348 2330 587 2385 Fabulas
612 2327 751 2399 ejus,
771 2326 980 2399 partim
1002 2322 1339 2379 Latinorum
1358 2321 1674 2375 imitatione
1693 2338 1917 2395 expres-

345 2438 427 2473 sas
446 2420 529 2489 (ν.
554 2415 698 2472 Gen.
726 2434 757 2468 a
778 2457 792 2483 ,
822 2413 923 2486 23)
948 2456 964 2482 ‚
992 2408 1193 2466 Suidas
1220 2410 1292 2465 ad
1323 2410 1703 2483 quadraginta
1720 2408 1918 2465 scribit

347 2507 530 2562 fuisse.
562 2503 737 2558 Tituli
775 2502 843 2557 18
874 2508 1411 2555 commemorantur.
1445 2523 1467 2546 υ
1505 2498 1553 2551 Ε
1590 2496 1673 2557 Μ,

842 2624 885 2677 1.
936 2620 1087 2679 ANA
1101 2616 1421 2677 ssAiilmN..

432 2736 631 2793 Athen.
668 2742 757 2801 14,
782 2754 841 2807 p.
871 2731 1007 2801 661,
1036 2733 1103 2804 F,
1135 2729 1208 2785 de
1242 2746 1562 2801 coquorum
1590 2738 1711 2782 arte
1735 2726 1914 2782 disse-

347 2846 475 2881 rens
508 2845 521 2880 ε
564 2821 700 2881 Ποσ.
734 2822 787 2879 ἐν
818 2816 1219 2886 Ἀναὸλέποντι,

496 2934 633 3030 Ῑῖγὼ
667 2933 951 3027 μάγειρον
976 2931 1108 3021 ἅμα
1136 2922 1346 2996 λαὲὼν
1375 2928 1613 2999 ἀκήκοα

404 3073 413 3080 ·
495 3042 577 3110 τὰ
606 3053 725 3109 τῶν
756 3039 1050 3136 μαγὲίρων
1073 3037 1275 3104 πάντα
1293 3036 1425 3102 καθ’
1453 3037 1707 3102 ἕκαστον
1735 3031 1914 3102 κακαί.

2011 572 2195 645 Κακὰ,
2249 574 2435 641 mala,
2473 576 2943 650 vituperationes,
2989 582 3272 635 convicia.
3317 566 3496 639 Versu
3543 582 3574 636 3

2007 663 2179 737 vulgo
2219 663 2349 717 libri
2390 662 2636 737 ἐλέγομεν
2667 663 2770 732 ὥς,
2801 664 2960 737 quod
2990 669 3242 723 correxit
3263 669 3436 725 Grot.
3463 670 3580 725 Co-

2010 767 2155 824 quus
2182 750 2502 807 conductus
2521 770 2639 825 prae
2667 753 2868 807 ceteris
2905 755 3108 827 coquis
3133 766 3408 829 tanquam
3431 776 3582 832 pra·-

1960 848 1965 871 ¹
2010 839 2242 913 cipum,
2277 841 2355 895 sic
2384 840 2457 894 ab
2487 840 2596 894 inis
2627 840 3009 897 invidentibus
3027 844 3408 917 vituperatur.
3443 848 3511 901 V.
3547 854 3578 911 4

1961 977 1966 987 ,
2009 924 2260 1003 κρητικὴν
2289 928 2447 983 PVL.
2477 924 2706 984 Jacobs.
2736 924 2796 987 τὸ
2820 940 2950 985 ante
2967 928 3140 1003 στόμα
3163 930 3417 989 addidit.
3453 936 3518 988 V.
3549 931 3581 987 5

2010 1024 2065 1068 et
2095 1012 2130 1069 6
2165 1014 2298 1069 libri
2325 1015 2570 1089 γλῶσσαν
2603 1016 2808 1089 (Mein.
2851 1016 3132 1093 γλῶτταν)
3167 1019 3242 1083 εἰς
3268 1017 3584 1097 ἇσχήμονας

1962 1154 1968 1161 .
2009 1101 2098 1157 ἐπ.
2125 1098 2236 1157 ἔνιά
2258 1123 2316 1159 τε
2336 1124 2387 1159 τ.
2419 1102 2503 1171 ἠδ.
2523 1090 2635 1171 Εἷς,
2659 1122 2798 1158 unus
2817 1123 2934 1179 prae
2955 1108 3186 1175 ceteris,
3205 1108 3490 1179 maxime;
3511 1108 3581 1165 cs.

2013 1188 2219 1247 Matth.
2249 1192 2347 1249 Gr.
2388 1190 2425 1266 S
2457 1191 2593 1255 461.
2628 1194 2694 1245 V.
2732 1212 2762 1261 7
2795 1190 3008 1259 κάτοξος
3029 1212 3140 1268 pro
3163 1194 3282 1249 κατ’
3313 1192 3464 1261 ὄξους
3499 1197 3586 1250 vei

2009 1275 2253 1345 και-ὄξους
2278 1280 2531 1338 Grotius.
2559 1284 2627 1337 V.
2665 1279 2699 1334 8
2729 1280 2866 1337 iibri
2890 1281 3090 1338 καπνὸν
3119 1280 3178 1339 οὔ
3211 1280 3414 1360 φέρων,
3440 1283 3586 1339 male

2011 1365 2394 1443 depr-operato
2419 1368 2684 1437 nomine,
2725 1379 2784 1423 et
2827 1371 3061 1445 inepte:
3107 1388 3241 1428 nam
3275 1372 3585 1447 reprehen-

2010 1452 2168 1510 ditur
2191 1473 2411 1529 coquus
2445 1465 2780 1529 propterea,
2811 1454 2974 1529 quod
3015 1456 3236 1514 fumum
3277 1461 3586 1516 molestum

2011 1540 2120 1599 sert
2136 1585 2155 1617 ,
2185 1544 2376 1618 ignem
2407 1554 2596 1599 autem
2633 1545 3014 1601 necessarium
3062 1565 3183 1603 non
3225 1548 3339 1605 fert
3355 1588 3374 1615 ‚
3423 1548 3482 1603 h.
3531 1568 3584 1606 e.

2009 1633 2264 1706 negligit.
2294 1632 2514 1689 Deinde
2543 1631 2720 1688 codd.
2758 1636 2853 1689 VL
2883 1633 2944 1690 οὗ
2977 1638 3082 1712 πῦρ
3115 1635 3173 1692 οὗ
3209 1632 3387 1713 φέρων
3431 1637 3502 1696 δ’.
3547 1639 3588 1692 Β

2010 1719 2067 1775 οὗ
2101 1723 2206 1796 πῦρ
2256 1720 2314 1777 οὗ
2343 1716 2511 1797 φέρων
2541 1719 2664 1777 οὐδ’.
2692 1724 2759 1775 V.
2795 1740 2866 1779 xo
2888 1723 2936 1776 τ’
2968 1740 3038 1801 ex
3065 1722 3202 1779 cod.
3227 1725 3271 1780 B
3295 1722 3580 1782 additum.

2017 1830 2042 1857 α
2075 1807 2307 1864 Grotius
2329 1808 2400 1872 εἰς
2417 1805 2478 1864 τὸ
2491 1812 2616 1885 πῦρ,
2632 1808 2792 1881 quod
2812 1811 3218 1883 interpretatur
3235 1813 3324 1867 ad
3335 1812 3586 1887 opressa-

2009 1897 2297 1967 clendum,
2339 1915 2458 1951 non
2495 1916 2718 1952 memor
2751 1899 3130 1971 proverbialis
3173 1899 3451 1958 dictionis
3500 1900 3586 1956 διὰ

2011 1984 2286 2061 μαχαιρῶν
2312 1982 2402 2040 καὶ
2427 1980 2587 2061 πυρὸς
2611 1981 2856 2061 ἔρχεσθαι
2875 2028 2891 2054 ,
2919 1984 2990 2041 de
3018 2003 3133 2061 qua
3160 1986 3293 2044 vide
3321 1990 3460 2049 intt.
3486 1990 3584 2044 Ze·

2009 2071 2171 2126 nobii
2198 2072 2257 2141 3,
2295 2092 2384 2147 19.
2419 2098 2444 2123 υ
2479 2074 2658 2129 Mein.
2684 2072 2920 2129 Ovidius
2955 2075 3086 2132 Met.
3113 2073 3174 2145 8,
3210 2076 3286 2144 76
3322 2094 3338 2133 ε
3376 2082 3460 2132 ire
3483 2096 3590 2151 per

2011 2165 2185 2318 igZes,
2209 2180 2320 2235 per
2335 2162 2563 2234 gladios
2598 2167 2799 2219 ausim.
2827 2164 2894 2219 In
2925 2158 3036 2217 fine
3059 2163 3191 2219 libri
3231 2166 3581 2241 tautologice

2011 2248 2068 2305 ἔλ
2107 2250 2278 2308 λυθεν.

2429 2362 2483 2421 ΙΙ
2533 2361 3139 2425 ΑΠΟΚΛΕΙΟΜΕΝΗ
3150 2408 3161 2420 .

2097 2501 2119 2525 ει
2168 2478 2474 2551 Respicere
2515 2477 2741 2532 videtur
2783 2478 2928 2533 banc
2983 2477 3236 2535 fabulam
3275 2480 3471 2536 Strato
3525 2483 3578 2533 in

2013 2563 2238 2618 Anthol.
2269 2562 2443 2621 Palat.
2471 2562 2587 2617 ΧΠ
2608 2606 2624 2633 ,
2660 2562 2805 2638 193:
2839 2562 3147 2633 Μνησθήσει
3171 2564 3401 2643 τούτων,
3423 2568 3575 2643 ὓπερ-

2009 2645 2214 2727 ήφανε,
2248 2647 2339 2705 καὶ
2367 2646 2430 2705 σὺ
2473 2645 2744 2728 φιλήσεις,
2787 2649 2880 2709 καὶ
2909 2650 3255 2731 κωμῳδήσεις
3295 2652 3396 2723 τὴν
3425 2655 3574 2712 ἄπο-

2007 2738 2119 2793 κλε
2137 2734 2284 2810 ιομέ
2297 2759 2427 2808 νην.
2457 2740 2813 2812 Quamquam
2837 2746 3068 2800 fortasse
3089 2743 3262 2797 etiam
3283 2742 3386 2799 alii
3399 2754 3578 2817 poeta

2007 2824 2119 2882 hoc
2146 2826 2310 2881 titulo
2339 2826 2648 2883 comoedias
2669 2828 3028 2907 scripserunt.
3065 2853 3090 2879 υ
3114 2831 3298 2885 Mein.

2091 3051 2296 3107 Athen.
2339 3059 2426 3122 14,
2456 3070 2515 3127 p.
2545 3023 2697 3126 ·659‚
2727 3057 2777 3108 A
2809 3069 2822 3110 τ
2860 3051 2980 3110 ἀλλ’
3003 3051 3036 3108 8
3057 3075 3116 3131 γε,
3149 3053 3286 3112 Ποσ.
3319 3055 3440 3132 περὶ
3463 3055 3566 3112 δού·

496 3141 1079 3243 Ᾰντεργολαὸοῦντος
1095 3148 1331 3236 ἔλεγον,
1355 3145 1539 3235 ὁμὲν,
1558 3148 1641 3228 ὡς
1663 3147 1769 3208 οὐκ
1785 3143 1918 3231 ἔχει
1958 3151 1964 3196 t
2009 3139 2111 3196 λων
2142 3136 2407 3214 μαγείρων
2440 3141 2491 3196 ἐν
2521 3137 2922 3216 Ἀποκλειομένῃ
2959 3137 3086 3218 φησὶ

494 3263 623 3349 ῥῖνα
643 3260 918 3347 κριτικὴν
938 3255 1081 3345 πρὸς
1103 3250 1351 3342 τοῦψον,
1374 3255 1407 3314 ὁ
1424 3243 1465 3313 δ
1476 3239 1491 3260 ’
1508 3249 1611 3313 ὅτι
1624 3247 1697 3313 τὸ
1716 3247 1917 3336 στόμα

400 3359 437 3431 5
492 3365 775 3452 πονηρὸν,
821 3367 851 3426 ὁ
878 3353 951 3426 δὲ
992 3386 1023 3419 e<
1054 3362 1161 3431 τὴν
1209 3362 1496 3448 γλῶτταν
1530 3347 1609 3428 εἷς
1638 3352 1916 3441 ἀσχημος

1804 3483 1916 3534 νεις

496 3574 810 3664 ἐπιθυμίας
829 3574 1005 3637 ἕκατι
1035 3579 1156 3636 τῶν
1188 3560 1581 3658 ἡδυσμάτων,

2104 3251 2304 3319 Ταυτὶ
2334 3256 2440 3344 μὲν
2469 3251 2565 3318 οὖν
2596 3247 2847 3318 τοιαῦτ-ἀ
2872 3276 2886 3289 ·
2925 3249 3241 3344 συμὸαίνει
3271 3249 3342 3320 δέ
3373 3279 3438 3319 τι

2108 3371 2204 3426 νῦν
2237 3385 2340 3449 μοι
2370 3351 2746 3424 διακονοῦντι
2773 3357 2936 3450 παρὰ
2963 3369 3052 3444 τῷ
3079 3352 3354 3450 δεσπότῃ

2109 3467 2383 3530 ἀστεῖον·
2424 3468 2537 3554 οὐχ
2569 3467 2837 3554 ἁλώσομ’
2871 3467 3126 3556 ἐκφέρων
3163 3467 3362 3556 κρέας.

2011 3627 2032 3652 ο.
2067 3603 2153 3663 Ad
2198 3601 2439 3657 eundem
2483 3603 2634 3657 hunc
2667 3603 2858 3657 locum
2901 3604 3209 3676 respiciens
3241 3603 3366 3676 jam
3406 3623 3572 3680 supra

494 3681 757 3756 κάθαλος
780 3729 797 3764 2
835 3671 1087 3754 κάτθξῡς
1110 3666 1142 3762 ,-
1176 3671 1536 3767 χναυστῑκὸς
1560 3719 1577 3754 2
1612 3693 1914 3760 προσκαυ*
2009 3692 2142 3747 Ath.
2174 3711 2235 3766 p.
2265 3689 2382 3747 658
2399 3730 2415 3759 ,
2441 3693 2507 3758 F,
2531 3691 2790 3764 scripsit,
2813 3687 2930 3746 οὐδὲ
2955 3686 3057 3767 γὰρ
3081 3687 3145 3746 ἂν
3164 3687 3305 3768 εὕροι
3327 3712 3410 3756 τις
3429 3691 3572 3764 ὑμῶν

1662 3775 1864 3850 στικὸς
1892 3824 1910 3857 ,

2005 3773 2185 3836 δοῦλόν
2211 3791 2326 3835 τινα
2352 3778 2604 3855 μάχειρον
2633 3777 2684 3834 ἐν
2726 3776 2978 3857 κωμῳδίᾳ
3009 3779 3146 3853 πλὴν
3181 3779 3332 3860 παρὰ
3361 3781 3568 3840 Ποσει-

492 3895 722 3959 καπνὸν
752 3893 965 3981 φέρων,
994 3898 1106 3978 πῦρ
1134 3891 1199 3952 οὐ
1221 3887 1408 3977 φέρων
1424 3937 1437 3950 .
1464 3917 1487 3938 υ
1508 3879 1594 3948 Ex
1614 3891 1718 3948 τοῦ
1737 3882 1916 3968 πυρὸς
2004 3864 2184 3939 δίππῳ
2207 3866 2368 3940 μόνῳ·
2394 3869 2579 3942 C⁰q¹¹i
2605 3887 2696 3943 aP·
2728 3870 3092 3926 Athenienses
3117 3870 3304 3927 libera
3329 3873 3566 3951 uteban-

491 4000 571 4077 εἰς
601 3998 713 4076 τὰς
744 3997 1045 4089 μαχαίρας
1081 3991 1281 4070 ἦλθον,
1316 3990 1397 4056 ὧν
1430 3987 1511 4066 εἷς
1540 3987 1743 4055 οὑτοσὶ

362 4129 441 4174 10
493 4101 598 4170 διὰ
628 4114 751 4170 τῶν
782 4109 1097 4195 μαχαιρῶν
1130 4111 1232 4166 τοῦ
1262 4097 1441 4188 πυρός
1470 4101 1527 4162 τ’
1566 4089 1859 4172 ἐξήλυθεν.

350 4239 415 4290 V.
456 4253 477 4287 1
514 4233 673 4288 Libri
722 4225 1027 4286 ἀναλαὸών.
1064 4219 1273 4282 Cor-aes
1296 4223 1387 4279 ἕνα
1414 4217 1617 4292 Mean,
1660 4238 1794 4294 nos,
1831 4222 1916 4275 uti

2008 3965 2102 4011 tur
2129 3954 2463 4010 conditione
2483 3994 2498 4022 ,
2535 3951 2936 4024 habebantque
2980 3953 3282 4016 stationem
3323 3971 3484 4008 suam
3521 3955 3573 4006 in

2010 4042 2138 4098 foro
2155 4084 2172 4111 ‚
2193 4041 2296 4097 ubi
2321 4050 2492 4115 pacta
2513 4039 2776 4096 mercede
2793 4057 2892 4096 eos
2913 4038 3296 4114 conducebat,
3323 4043 3576 4114 quisquis

2007 4149 2208 4188 eorum
2251 4146 2427 4204 opera
2470 4129 2526 4182 in
2573 4129 2838 4183 convivio
2885 4127 3218 4202 apparando
3267 4129 3350 4200 uti
3389 4129 3571 4186 vellet.

2008 4219 2165 4275 Servi
2197 4228 2260 4272 ut
2287 4217 2619 4272 culinariam
2643 4226 2820 4270 artem
2843 4225 3197 4285 exercerent,
3226 4214 3288 4269 id
3321 4215 3432 4270 sub
3459 4217 3573 4272 Ma·

347 4335 635 4396 speramus
652 4358 667 4386 ‚
699 4316 939 4371 felicius.
966 4317 1035 4370 V.
1070 4333 1103 4367 τι
1142 4311 1258 4368 καθ’
1294 4309 1509 4367 ἕκαστον
1536 4307 1779 4364 Meinek.
1806 4325 1916 4380 pro
1955 4301 1965 4354 Ι
2011 4305 2296 4363 cedonum
2325 4303 2555 4360 demum
2575 4305 2816 4380 imperio
2844 4304 3164 4358 institutum
3185 4321 3302 4360 esse
3323 4303 3572 4360 diser-tim

350 4417 3558 4450 Μ-

808 4481 1041 4536 VlSUM
1078 4475 1464 4533 RECiPIENS.

460 4577 574 4645 Ego
594 4587 762 4644 quum
789 4581 1027 4638 coquum
1058 4564 1319 4636 cepissem
1336 4605 1355 4630 ,
1379 4559 1547 4618 simul
1576 4558 1757 4616 audivi

452 4661 641 4718 omnia
670 4656 979 4728 singulatim
1002 4667 1313 4726 coquorum
1341 4651 1501 4707 maia.

2111 4469 2262 4536 salis,
2288 4467 2426 4524 aceti
2449 4465 2777 4522 immodicus
2793 4506 2809 4532 ,
2839 4465 3162 4538 ligula-iens,
3189 4464 3432 4522 adurens
3454 4507 3469 4530 ‚

2115 4556 2331 4615 fumum
2357 4553 2540 4612 ferens
2560 4593 2576 4620 ‚
2606 4553 2791 4624 ignem
2817 4569 2931 4610 nou
2953 4551 3150 4609 ferens·
3183 4575 3210 4600 ν
3241 4551 3331 4610 Ab
3350 4553 3476 4625 igue

2113 4642 2181 4699 ad
2211 4641 2417 4699 cultros
2443 4645 2740 4706 venerunt,
2771 4654 3008 4711 quorum
3046 4653 3187 4695 unus
3217 4637 3307 4693 hie.

456 4749 559 4804 -11Ιο
593 4745 923 4815 suscipiente
946 4755 1084 4813 opus
1104 4738 1395 4806 dicebant,
1426 4736 1599 4804 eiius,
1638 4749 1765 4793 eum
1806 4715 1917 4790 non
2013 4738 2076 4786 10
2117 4745 2208 4801 per
2235 4727 2442 4784 cultros
2463 4733 2520 4782 et
2539 4726 2721 4798 ignem
2747 4723 2994 4782 excessit.

1721 4821 1919 4877 habere

459 4937 653 4980 nasum
684 4920 935 4978 criticum
960 4916 1030 4974 ad
1058 4915 1285 4989 opsonia
1304 4955 1319 4980 ‚
1349 4912 1490 4984 alius
1513 4952 1527 4978 ‚
1557 4927 1619 4966 os
1682 4826 1699 4890 ἱ

2615 4813 2971 4884 Εκοιυεᾼ.

2763 4905 2814 4958 ι.

356 5013 421 5068 ’5
464 5025 689 5085 pravum
710 5024 827 5068 esse
846 5050 860 5075 ‚
892 5007 1143 5076 aliusque
1176 5027 1199 5050 ι
1226 5002 1410 5072 lingua
1442 4999 1671 5055 maxime
1695 5011 1750 5052 es
1776 4993 1920 5051 inde·
2011 4999 2142 5051 Haee
2165 4993 2386 5066 quidem
2412 4995 2484 5049 ita
2507 5000 2672 5060 sunt;
2700 4989 3174 5072 acciditquemihi

1766 5088 1922 5153 [cens
2011 5096 2159 5138 nunc
2175 5121 2190 5148 ‚
2211 5095 2274 5135 ex
2299 5094 2408 5152 quo
2431 5079 2681 5134 ministro
2708 5077 2850 5149 apud
2882 5076 3074 5156 herum
3094 5116 3110 5142 ‚

464 5194 681 5258 propter
708 5183 1005 5256 appetitum
1044 5185 1345 5236 aromatum
1368 5221 1381 5232 .

2011 5167 2249 5224 facetum
2281 5163 2542 5236 quiddam
2587 5180 2601 5218 z
2641 5179 2751 5220 non
2791 5159 3166 5233 deprehendar
3194 5076 3412 5238 cai-neni
3429 5087 3566 5216 ¹:³3:
