3809 5850
1711 455 1983 516 PLATO.
2200 499 2206 504 -
3352 479 3463 530 τοι

213 587 403 662 ἅμιλλα
443 591 700 647 Pon-son.
749 589 986 646 Advers.
1021 609 1080 664 p.
1118 588 1256 647 265.
1297 592 1379 645 De
1407 591 1541 646 loco
1584 600 1641 645 et
1689 596 1796 646 situ
1837 589 1848 652 ξ

211 680 348 733 illius
370 678 592 733 tumuli
616 677 805 736 Leake
832 679 1068 752 Topogr.
1096 675 1176 748 os
1189 679 1321 736 Aeh.
1340 697 1399 754 p.
1421 677 1556 736 318.
1583 703 1608 728 ν
1636 679 1686 734 Ε
1704 681 1792 738 M.

974 809 1034 850 α.

279 903 538 959 Galenus
565 901 796 958 Comm.
837 900 913 956 ad
947 899 1311 976 Hippocratis
1337 903 1552 978 Aphor.
1583 903 1700 960 vol.
1737 900 1795 973 5,

212 1008 263 1063 p.
289 987 406 1046 322
448 989 548 1047 ed.
589 987 794 1063 Basa„
825 988 898 1044 de
921 990 1250 1063 suppuratis
1280 1007 1296 1046 τ
1337 985 1422 1054 οὓς
1459 986 1540 1046 ὅτι
1567 985 1799 1058 συνήθως

213 1075 380 1133 ἔκαιον
403 1075 455 1134 οἱ
485 1073 744 1144 παλαιοὶ,
767 1073 952 1149 μαθεῖν
979 1071 1092 1132 ἔστι
1117 1073 1210 1131 καὶ
1236 1071 1288 1142 ἐξ
1316 1063 1391 1133 ὧν
1419 1073 1596 1154 εἴρηκε
1629 1075 1742 1136 Πλ.
1770 1075 1798 1132 ὁ

213 1161 438 1238 κωμικὸς
464 1160 560 1220 ἐπὶ
587 1158 843 1232 Κινησίου
869 1160 1008 1220 κατὰ
1037 1159 1192 1232 τήνδε
1221 1159 1316 1233 τὴν
1344 1163 1495 1242 ῥῆσιν
1511 1185 1528 1201 ·

295 1319 400 1328 --
433 1275 624 1345 Μετὰ
649 1285 848 1344 ταῦτα
872 1269 942 1343 δὲ

299 1391 448 1461 παῖς
483 1383 797 1476 Εὐαγόρου
827 1389 890 1450 ἰι
919 1375 1321 1476 Πλευρίτιδος
1359 1384 1696 1470 Κινησίας,

297 1491 598 1568 σκελετὸς
619 1539 644 1577 ,
689 1487 914 1583 ἄπυγος
931 1538 952 1573 ,
974 1489 1286 1582 καλάμινα
1307 1493 1492 1564 σκέλη
1534 1499 1749 1584 φορῶν,

299 1607 494 1698 φθόης
526 1607 838 1698 προφήτης
855 1655 877 1690 ,
908 1604 1160 1699 ἐσχάρας
1183 1607 1538 1699 κεκαυμένος

297 1711 612 1788 πλείστας
651 1715 754 1778 ὑπ’
799 1714 1183 1804 Εὐρυφῶντος
1222 1714 1280 1779 ἐν
1321 1719 1413 1800 τῷ
1457 1714 1725 1808 σώματι.

215 1840 482 1916 Respexit
507 1842 634 1898 haec
663 1839 1182 1918 Plutarch'Symp.
1209 1861 1271 1918 p.
1305 1861 1448 1916 712,
1483 1847 1534 1900 A
1562 1863 1578 1900 ε
1621 1840 1798 1914 δεήσει

212 1925 586 2005 γραμματικὸν
611 1971 698 1990 ....
722 1926 1016 2004 ἐξηγεῖσθαι
1037 1927 1116 1995 τίς
1137 1931 1167 1986 ὁ
1193 1928 1515 1996 Λαισποδίας
1539 1933 1680 2011 παρ’·
1693 1932 1800 1990 Εὗ-

207 2015 412 2088 πόλιδι,
433 2015 534 2074 καὶ
555 2017 586 2074 ὁ
604 2015 864 2087 Κινησίας
885 2014 1034 2094 παρὰ
1057 2015 1332 2090 Πλάτωνι,
1355 2017 1448 2078 καὶ
1473 2020 1578 2076 τῶν
1605 2041 1799 2100 κωμῳ·

204 2103 475 2183 &copim
505 2101 744 2170 ἕκαστος.
765 2110 814 2163 V
843 2125 878 2162 α
907 2107 1040 2162 libri
1066 2105 1338 2186 Εὐαγόρου
1359 2113 1484 2173 παῖς
1501 2109 1562 2166 ἐκ
1587 2109 1798 2186 πλευμ,

201 2213 326 2267 qnae
369 2196 632 2252 correxit
665 2194 843 2252 Mein.
879 2217 906 2246 α
945 2192 1315 2276 Πλευρίτιδος,
1338 2198 1554 2272 inquit,
1587 2197 1796 2272 majus-

199 2283 328 2340 cula
389 2283 592 2340 littera
636 2293 703 2339 ut
757 2283 1072 2340 Pleuritide
1131 2295 1314 2342 matre
1357 2297 1526 2342 natus
1573 2285 1801 2345 dicatur

195 2368 384 2428 homo
415 2375 716 2448 perpetuis
757 2374 978 2430 morbis
1015 2371 1368 2435 conflictans.
1405 2376 1581 2449 Quod
1616 2379 1664 2432 si
1700 2395 1795 2434 ve-

195 2477 326 2516 mm
378 2472 470 2518 at
489 2503 508 2531 ,
539 2462 712 2516 etiam
735 2463 890 2534 patri
908 2479 1124 2518 nomen
1152 2463 1524 2538 allegoricum
1549 2463 1796 2522 inditum

191 2547 370 2606 fuisse
411 2550 694 2623 suspicari
721 2549 858 2605 licet
874 2592 891 2621 ,
911 2559 968 2606 et
991 2551 1102 2606 tale
1130 2550 1391 2623 quidem,
1421 2570 1492 2608 ex
1517 2571 1637 2626 quo
1660 2572 1798 2610 con-

183 2635 380 2704 jicere
409 2638 610 2712 potuit
645 2637 892 2694 Galenus
935 2639 1216 2695 Cinesiam
1237 2638 1404 2697 fuisse
1434 2636 1644 2713 πυῶδη.
1685 2643 1792 2700 Su-

183 2725 442 2798 spicat-is
489 2725 672 2801 igitur
719 2725 750 2782 ὃ
793 2722 1162 2804 Πυαγόρου
1215 2726 1270 2783 ἰι
1319 2726 1690 2807 Πλευρίτιδος,
1733 2741 1800 2786 ut

185 2809 532 2892 Πυθαγόρας
558 2823 616 2872 et
637 2813 860 2872 similia.
885 2817 1098 2872 Verum
1117 2816 1298 2890 patris
1319 2834 1531 2874 nomen
1551 2817 1660 2872 fuit
1677 2817 1796 2874 Me·

184 2903 284 2963 les.
315 2928 350 2953 n
391 2906 461 2962 V.
498 2901 538 2959 3
564 2901 720 2959 idem
745 2911 905 2960 recte
944 2899 1141 2979 ἅπυγος
1177 2921 1290 2979 pro
1321 2900 1506 2970 ἄποιος
1542 2905 1738 2981 inepto
1776 2924 1791 2962 ι

181 3002 590 3067 suppuratum
624 2992 778 3047 enim
827 2991 996 3048 fuisse
1033 2992 1314 3049 Cinaiam
1341 2990 1469 3067 '(de
1509 3011 1628 3067 quo
1666 2995 1798 3051 Ari·-

181 3082 400 3155 steph.
439 3079 730 3155 passim),
769 3078 986 3136 iudicat
1019 3080 1286 3137 Galenus.
1319 3103 1344 3129 α
1373 3081 1556 3137 Simili
1583 3082 1795 3140 mendo

181 3188 448 3237 gnum.
477 3168 727 3225 Bekkeri
744 3186 806 3242 p.
832 3172 972 3237 441,
1013 3187 1107 3238 ιο,
1132 3164 1362 3227 Ἀπυτοι
1388 3168 1473 3227 :oi
1499 3166 1790 3242 Ἀθηναῖοι,

185 3256 296 3313 ἀπὸ
319 3252 585 3327 Θησέως.
603 3256 984 3313 scribendum
999 3252 1209 3331 ἄπυγο
1223 3276 1265 3315 ι.
1287 3256 1480 3315 Schol.
1503 3260 1790 3333 Aristoph.

191 3347 304 3418 Rq.
369 3342 534 3401 1365
578 3364 594 3399 ι
627 3340 684 3407 ὃς
733 3343 1039 3421 (Theseus)
1075 3340 1358 3403 κατέλιπεν
1403 3342 1490 3401 ἐπὶ
1531 3346 1598 3422 τῇ
1625 3342 1793 3425 πέτρᾳ

193 3432 428 3505 [minus
453 3442 614 3487 recte
639 3431 772 3487 libri
807 3428 894 3489 ἐπὶ
924 3426 1019 3501 τὴν
1043 3429 1264 3510 πέτραν.
1296 3433 1464 3513 Both„
1488 3433 1508 3509 )
1543 3431 1640 3503 τὴν
1683 3456 1796 3491 πυ-

197 3518 318 3593 γήν.
355 3518 452 3579 Cf.
481 3522 730 3577 Pausan.
767 3538 862 3595 10,
892 3539 971 3594 29
1003 3517 1312 3595 (Πανύασις
1334 3517 1388 3577 δὲ
1417 3518 1658 3591 ἐποίησεν
1669 3567 1688 3599 ,
1723 3522 1794 3588 ὥς

200 3606 420 3676 Onosis<
455 3604 552 3663 καὶ
595 3602 868 3684 Πειρίθοος
903 3604 1087 3685 [capti
1109 3608 1268 3684 apud
1295 3606 1538 3685 inferos]
1573 3606 1660 3665 ἐπὶ
1688 3611 1791 3667 τῶν

205 3694 404 3771 θρόνων
427 3694 798 3772 παράσχοιντο
822 3696 1008 3771 σχῆμα
1027 3694 1088 3751 οὗ
1112 3692 1251 3751 κατὰ
1281 3691 1552 3771 δεσμώτας
1572 3740 1587 3765 ,
1614 3716 1792 3773 προσ-

213 3782 328 3857 φυὲς
361 3780 420 3841 δὲ
467 3780 580 3839 ἀπὸ
607 3785 701 3839 τοῦ
727 3780 928 3859 χρωτὸς
965 3780 1081 3839 ἀντὶ
1114 3782 1321 3857 δεσμῶν
1363 3780 1538 3862 σφίσιν
1568 3781 1668 3862 ἔφη
1696 3780 1792 3853 τὴν

2661 595 2711 650 3.

1976 707 2230 762 Stobaeus
2264 707 2458 782 Eclog.
2494 708 2655 782 phys.
2696 727 2750 780 σι,
2781 710 2835 780 3,
2859 730 2917 785 p.
2952 713 3025 767 26
3048 713 3144 774 ed.
3174 717 3469 789 Heerenii,

1893 792 2057 864 cujus
2084 796 2143 848 in
2179 794 2354 851 codd.
2387 796 2456 864 V,
2482 798 2553 866 A,
2584 798 2651 871 E,
2687 797 2807 852 haec
2840 801 3064 855 Platoni
3108 804 3463 876 tribuuntur,

1893 881 2216 956 etquidem
2238 884 2301 938 in
2317 884 2669 959 marginibus
2692 903 2894 942 eorum
2919 888 3285 964 philosopho,
3325 893 3471 952 Can-

1879 971 2009 1028 ·teri
2057 969 2237 1026 editio
2278 973 2339 1026 in
2384 976 2640 1047 margine
2686 975 2865 1030 latino
2909 991 2924 1033 ε
2959 977 3215 1032 Platonis
3263 979 3466 1041 Pkoed.

1894 1055 1983 1132 (v.
2018 1069 2215 1116 annot.
2242 1058 2317 1114 ad
2342 1058 2562 1116 Phaon.
2595 1057 2666 1119 fr.
2702 1061 2831 1139 ιο).
2862 1064 2908 1118 Ε
2927 1063 3156 1120 Phaone
3184 1065 3353 1122 ducta
3372 1087 3465 1123 su·

1892 1145 2149 1218 spicatur
2184 1147 2471 1204 Porsonus
2503 1149 2769 1225 adeed.
2806 1149 2933 1226 139,
2982 1171 3041 1208 n.
3082 1155 3220 1210 ΧΗ.
3270 1155 3382 1212 Sed
3414 1159 3475 1212 in

1891 1233 2101 1295 Pha-d.
2156 1233 2395 1292 sortasse
2438 1237 2613 1294 latere
2654 1239 2841 1314 Poed..
2891 1241 2930 1298 i.
2971 1259 3020 1298 e.
3068 1239 3347 1322 Παιδαρίῳ
3370 1286 3387 1314 ,
3416 1247 3471 1299 ἱη

1891 1321 1992 1383 alt.
2025 1323 2163 1380 edit.
2206 1323 2451 1399 conjecit
2470 1327 2717 1390 Meiuek.
2750 1331 2841 1388 Ad
2866 1330 3163 1408 Perialgen
3188 1331 3475 1392 referebat

1891 1413 2097 1472 Cobet.
2138 1415 2304 1475 Obss.
2348 1435 2411 1492 p.
2456 1435 2589 1487 172.

1989 1581 2089 1593 --
2114 1532 2203 1610 ἢν
2237 1542 2351 1638 γὰρ
2377 1545 2647 1639 ἀποθάνῃ

1994 1645 2075 1726 εἷς
2107 1675 2199 1726 τις
2222 1652 2507 1744 πονηρὸς,
2541 1646 2635 1718 δύ’
2672 1653 2963 1744 ἀνέφυσαν
2998 1657 3271 1748 ῥήτορες·

1989 1751 2179 1832 οὐδεὶς
2213 1753 2325 1850 γὰρ
2350 1763 2497 1849 ἡμῖν
2530 1751 2743 1836 Ῐόλεως
2765 1761 2825 1825 ἐν
2859 1769 2937 1854 τῇ
2970 1760 3170 1846 πόλει,

1991 1864 2159 1939 ὅστις
2191 1864 2497 1930 ἐπικαῦσει
2523 1861 2632 1943 τὰς
2666 1865 2931 1958 κεφαλὰς
2960 1877 3083 1936 τῶν
3116 1870 3432 1940 πλειόνων.

1990 1969 2494 2048 Κεκολλόπευκας
2512 1992 2527 2008 ·
2566 1983 2879 2066 τοιγαροῦν
2907 1976 3102 2066 ῥῆτὼρ
3130 1977 3275 2043 ἔσει.

1891 2121 2071 2177 Versu
2106 2139 2129 2177 1
2166 2121 2243 2177 ita
2268 2103 2455 2198 Mein3
2482 2121 2617 2177 libri
2656 2117 2718 2178 ἂν
2761 2117 2861 2198 γὰρ
2887 2132 2995 2181 etc.
3034 2125 3104 2181 V.
3142 2141 3177 2180 2
3207 2121 3463 2202 πονηρός,

1890 2209 2071 2266 intell.
2104 2205 2299 2286 ῥήτωρ.
2329 2211 2399 2265 V.
2452 2208 2485 2265 3
2516 2209 2643 2283 ἡμῖν
2672 2211 2919 2268 Heeren.
2964 2219 3075 2286 p'ro
3108 2211 3279 2286 ἡμῶν.
3309 2215 3378 2272 V.
3426 2223 3459 2282 4

1891 2296 2053 2354 Stob.
2074 2295 2177 2352 τῶν
2209 2293 2461 2376 ῥητόρων.
2499 2295 2613 2354 Sed
2652 2296 2924 2354 Aristides
2961 2299 3079 2354 vol.
3116 2297 3175 2376 3,
3214 2319 3275 2375 p.
3320 2320 3463 2373 222,

1891 2385 1954 2456 C,
1982 2385 2259 2442 Periclem
2300 2385 2626 2460 eloquentia
2653 2403 2754 2441 sua
2782 2395 3037 2444 oratores
3082 2387 3353 2462 loquaces
3388 2390 3465 2447 ad

1887 2475 2173 2532 silentium
2202 2473 2485 2550 redegisse
2514 2474 2705 2532 dicens
2724 2515 2745 2546 ,
2778 2471 2947 2546 ὥστε,
2969 2474 3017 2531 εἰ
3041 2471 3117 2550 μὴ
3143 2475 3262 2533 καθ’
3288 2473 3465 2557 Ἥρα-

1891 2557 2051 2634 κλέα,
2072 2557 2209 2618 κατὰ
2227 2563 2351 2638 γοῦν
2370 2558 2457 2618 τὸν
2476 2557 2686 2619 Ἰόλεων
2708 2607 2724 2634 ,
2746 2550 2809 2631 ἦν
2840 2560 3087 2620 ἕπικᾶω
3104 2585 3159 2636 ν,
3194 2564 3266 2631 ὡς
3291 2563 3463 2625 τὸτοῦ

1894 2650 2147 2725 Κωμικοῧ
2193 2649 2376 2728 ῥῆμα,
2422 2643 2535 2714 τὰς
2582 2643 2866 2726 κεφαλὰς
2924 2651 3046 2706 τῶν
3093 2651 3460 2726 πλειόνων,

1891 2739 2053 2812 quod
2092 2739 2345 2813 praetulit
2382 2739 2702 2808 Persona-13
2738 2755 2845 2794 nec
2875 2738 3132 2796 dubitem
3168 2741 3311 2814 quid
3338 2743 3457 2817 ῥητ.

1887 2827 1961 2882 sit
1986 2827 2278 2901 glossema.
2306 2829 2392 2882 De
2419 2827 2583 2882 Iolao
2606 2867 2623 2896 ,
2654 2826 2853 2900 auriga
2893 2837 2951 2883 et
2972 2829 3130 2884 socio
3156 2830 3419 2885 Herculis
3440 2871 3458 2902 ,

1889 2915 2165 2992 Apollod.
2200 2935 2259 2985 α,
2291 2913 2351 2985 5,
2386 2925 2496 2973 etc.
2525 2914 2619 2971 Ad
2644 2914 2977 2971 sententiam
3003 2916 3116 2972 loci
3142 2928 3274 2992 apte
3306 2919 3461 2975 Hee-

1888 3004 2077 3059 renius
2106 3004 2460 3079 comparavit
2482 3002 2576 3058 illa
2594 3003 2846 3060 Platonis
2863 3004 3112 3079 Euthyd.
3132 3025 3193 3081 p.
3224 3026 3358 3082 297,
3372 3006 3417 3067 C
3441 3028 3455 3065 :

1887 3088 2023 3148 πολὺ
2058 3087 2159 3169 γάρ
2177 3110 2277 3147 που
2307 3086 2619 3171 φαυλότερός
2638 3089 2749 3166 εἶμι
2776 3092 2867 3148 τοῦ
2885 3086 3209 3169 Ἡρακλέους
3228 3136 3245 3167 ,
3280 3090 3335 3161 ὃς
3362 3094 3461 3173 οὐχ

1888 3166 1992 3244 οἶός
2013 3200 2071 3235 τε
2091 3168 2156 3250 ἦν
2180 3180 2246 3258 τῇ
2264 3198 2324 3255 γε
2352 3174 2481 3256 ὕδρᾳ
2502 3175 2885 3255 διαμάχεσθαι,
2916 3178 3191 3259 σοφιστρίᾳ
3213 3178 3341 3259 οὔσῃ
3368 3182 3460 3239 καὶ

1888 3264 1977 3324 διὰ
2004 3262 2100 3337 τὴν
2128 3264 2313 3345 σοφίαν
2344 3263 2545 3343 ἀνιείσῃ
2570 3308 2588 3336 ,
2620 3266 2665 3322 εἶ
2691 3254 2815 3343 [εἷς]
2847 3264 2973 3342 μίαν
3001 3265 3232 3346 κεφαλὴν
3257 3274 3348 3327 τοῦ
3370 3269 3461 3328 λό·

1871 3368 1980 3431 ’γου
2008 3375 2086 3419 τις
2113 3351 2400 3429 ἀποτέμοι,
2430 3349 2630 3419 πολλὰς
2668 3352 2785 3411 ἀντὶ
2825 3356 2918 3425 τῆς
2947 3361 3101 3430 μιᾶς,
3130 3368 3239 3413 etc.
3282 3360 3347 3413 ln
3373 3360 3461 3415 his

1885 3444 2093 3499 ferrem
2120 3429 2193 3505 εἶς
2218 3462 2333 3517 τις,
2360 3442 2593 3497 seorsim
2626 3444 2883 3517 positum
2910 3436 2987 3509 τὶς
3010 3462 3131 3499 non
3161 3445 3285 3503 fero
3306 3487 3323 3517 ,
3356 3448 3455 3503 sed

1886 3520 1958 3597 εἷς
1988 3550 2059 3588 ex
2084 3529 2129 3587 εἶ
2159 3540 2349 3587 ortum
2383 3530 2653 3589 arbitror.

2546 3665 2601 3723 t..
2644 3661 2703 3717 5.
2744 3658 2801 3713 6.

1964 3772 2117 3826 Plut.
2149 3771 2237 3825 De
2269 3786 2395 3844 rep.
2432 3767 2681 3845 gerenda
2716 3786 2777 3842 p.
2808 3766 2947 3839 801,
2985 3769 3028 3823 B
3062 3768 3153 3825 :oi
3176 3768 3333 3843 δῆμοι
3368 3768 3453 3826 διὰ

219 3870 426 3948 πέτραν.
455 3867 688 3949 ΒοιΙι.).
719 3876 906 3944 Atque
941 3870 1074 3927 hinc
1097 3870 1172 3927 ad
1201 3889 1396 3927 omnes
1424 3871 1792 3930 Athenienses
1885 3855 2085 3937 τρυφὴν
2115 3854 2207 3914 καὶ
2243 3853 2415 3936 fiepw,
2462 3852 2495 3925 ἢ
2542 3852 2817 3933 βέλτῑόνων
2862 3853 3055 3933 ἀπορίᾳ
3073 3898 3091 3932 2
3122 3855 3453 3935 δημαγωγῶν

225 3962 538 4015 convicium
565 3955 792 4035 ἀπυγίας
831 3958 1266 4031 transtulerunt,
1309 3954 1662 4036 λισποπῦγους
1699 3962 1790 4017 vel

228 4043 546 4127 λισπόπυγας
573 4048 776 4104 vocari
805 4047 1004 4104 solitos
1047 4066 1062 4103 ι
1105 4066 1164 4103 v.
1202 4048 1459 4105 Eustath.
1511 4048 1588 4104 ad
1625 4049 1790 4105 Hom.

234 4154 280 4210 p.
307 4138 474 4209 1288,
505 4136 582 4203 48
603 4136 734 4216 (ubi
761 4132 1050 4212 λισπόπυξ)
1067 4180 1082 4208 ,
1103 4146 1161 4192 et
1181 4137 1360 4193 schol.
1389 4138 1559 4193 Arist.
1595 4138 1783 4211 Equit.

243 4226 412 4305 1256,
443 4226 758 4284 Ruhnken.
789 4225 867 4281 ad
903 4226 1054 4283 Tim.
1099 4243 1160 4299 p.
1220 4224 1354 4296 175,
1388 4227 1636 4301 interpp.
1671 4228 1790 4281 He-

241 4316 392 4386 sychii
428 4334 488 4384 2,
545 4333 602 4389 p.
635 4313 776 4387 486,
817 4312 908 4371 18.
943 4316 1010 4372 V.
1065 4320 1098 4378 4
1151 4309 1382 4388 ἐσχάραι
1429 4324 1562 4369 sunt
1595 4315 1788 4370 ulcera

246 4416 298 4454 ex
333 4403 684 4459 medicorum
705 4400 1150 4457 ustulationibus
1175 4402 1372 4457 relicta
1398 4419 1412 4455 :
1444 4420 1501 4458 v.
1537 4402 1784 4475 Hesych-

248 4484 289 4544 h.
307 4508 356 4543 v.
371 4492 452 4547 De
467 4486 846 4565 Euryphonte
861 4488 996 4545 vide
1015 4506 1162 4563 quos
1185 4489 1499 4545 attulerunt
1520 4491 1590 4545 Ο.
1613 4490 1781 4545 Jahn.

253 4574 306 4629 ad
326 4578 608 4637 Censorin.
628 4596 692 4653 p.
730 4576 801 4632 18
829 4586 887 4633 et
910 4576 1158 4633 Cobetus
1185 4573 1350 4634 obss.
1388 4596 1450 4652 p.
1486 4576 1613 4650 196.
1643 4602 1667 4627 υ
1694 4578 1780 4632 Μ.

255 4840 304 4851 -—
325 4816 438 4872 Post
461 4814 584 4873 baee
604 4822 788 4872 autem
979 4750 1032 4799 ²⁶

255 4898 470 4973 Evagon-ae
488 4904 510 4971 (
527 4903 854 4975 PyagoraeP)
882 4898 1030 4957 filius
1053 4914 1084 4957 e
1107 4898 1404 4957 Pleuritide
1425 4897 1664 4958 Cinesias
1683 4940 1698 4965 ‚

250 4989 470 5057 sedenis,
497 4988 778 5064 depygus‚
803 4986 1114 5045 salaman-iis
1141 4988 1394 5045 cruribus
1411 5028 1426 5055 ,

243 5076 476 5146 phthisim
499 5076 793 5150 propheta,
819 5076 1005 5133 ulcera
1022 5076 1094 5133 ab
1117 5075 1466 5150 Euryphonte

239 5164 424 5239 corpori
451 5162 638 5221 inusta
661 5162 868 5221 habeus
883 5162 1136 5234 plurima.

230 5352 290 5365 ·-
315 5326 444 5379 Nam
465 5322 514 5377 zi
539 5320 776 5377 nioritur
969 5254 1023 5304 3.

1829 3961 1834 4026 ᾗ
1883 3947 2118 4025 χρῶνται
2144 3950 2251 4011 τοῖς
2272 3944 2603 4022 ἐπιτυχοῦσι,
2637 3940 3036 4021 βδελυττόμενοι
3066 3942 3155 4001 καὶ
3187 3966 3451 4025 καταφρο.

1882 4039 2117 4107 νοῦντες,
2140 4022 2253 4090 εἶτα
2284 4030 2527 4111 χαίρουσι
2552 4026 2797 4090 τοιούτων
2831 4032 2903 4098 εἷς
2924 4029 3109 4098 αὖτοὺς
3136 4031 3451 4111 λεγομένων,

1883 4112 1969 4179 οἶα
1999 4122 2107 4181 Πλ.
2137 4122 2165 4177 ὁ
2188 4118 2419 4195 κωμικὸς
2441 4117 2529 4177 τὸν
2560 4120 2743 4194 Δῆμον
2771 4118 2928 4176 αὐτὸν
2956 4116 3175 4197 λέγοντα
3201 4120 3373 4193 ποιεῖ,

1982 4246 2218 4339 Λαὲοῢ,
2254 4246 2447 4319 λαὸοῢ
2488 4261 2599 4328 τῆς
2634 4254 2829 4344 χειρὸς
2864 4256 2943 4329 ὡς
2992 4252 3261 4345 τάχιστά
3294 4279 3405 4345 μου
3428 4274 3445 4292 ·

1934 4398 1946 4408 ·
1982 4362 2189 4450 μέλλω
2234 4359 2567 4451 στρατηγὸν
2596 4366 2951 4451 χειροτονεῖν
2986 4354 3287 4453 Ᾱγόρριον.

1879 4485 1972 4545 καὶ
1997 4486 2157 4544 πάλιν
2187 4487 2433 4545 αἰτοῦντα
2455 4485 2679 4559 λεκάνην
2702 4485 2793 4545 καὶ
2820 4484 3035 4567 πτερὸν,
3074 4485 3213 4554 ὅπως
3251 4487 3447 4567 ἐμέσῃ,

1877 4572 2097 4651 λέγοντα

2055 4698 2073 4705 -.
2104 4694 2317 4707 ...-..---

1877 4778 2024 4819 unus
2047 4761 2245 4835 aliquis
2274 4762 2451 4818 malus
2468 4802 2486 4830 ,
2506 4760 2617 4818 duo
2636 4762 2896 4818 exsistunt
2918 4772 3161 4820 oratores
3192 4782 3205 4816 :

1877 4848 2063 4905 nullus
2082 4848 2231 4905 enim
2256 4846 2433 4905 Iolaus
2454 4855 2539 4903 est
2566 4847 2623 4903 in
2650 4846 2809 4915 urbe,

1877 4938 1973 5009 qui
1998 4935 2361 5009 plurimorum
2392 4935 2567 5009 capita
2598 4944 2805 4993 exurat.

1881 5021 2191 5081 Praedicasti
2218 5021 2418 5093 :igitur
2440 5030 2623 5079 orator
2640 5023 2765 5078 eris.

1879 5212 2162 5271 Prehende
2178 5256 2195 5283 ,
2219 5210 2495 5285 prehende
2516 5132 2740 5270 manis-m
2763 5229 2935 5271 meam
2960 5214 3301 5285 quantociusn

1877 5301 2076 5359 ducem
2102 5301 2229 5374 quia
2248 5301 2369 5359 volo
2390 5300 2677 5373 designare
2702 5304 3048 5375 Agyri-nium.
