3809 5850
419 494 525 545 198

1394 479 1799 542 COMOEDlAE
1847 480 2178 553 vssmms
2218 482 2635 557 RELlQUlAE.

407 618 560 673 riore
587 624 802 671 tantum
823 613 954 667 loco
977 610 1286 667 scholiastae
1317 612 1598 687 leguntur.
1621 600 1750 671 Οἷσν
1776 609 1838 680 δή
1863 632 1974 689 po·
2068 616 2234 687 huJ'us
2264 618 2489 691 quidem
2534 621 2639 675 rei,
2678 614 2765 673 Cf.
2808 613 3133 673 Pherecrat.
3172 614 3343 692 Κρατ.
3396 637 3491 673 12.
3552 620 3645 675 Sic

405 707 491 763 sui
522 723 632 782 pro
652 690 755 759 οἷον
779 700 824 757 δ’
837 744 849 757 .

1148 826 1238 868 ιο.

486 926 929 1005 olympiodorus
962 926 1034 982 ad
1062 925 1312 981 Platonis
1344 921 1613 981 Phaedon.
1660 943 1719 1000 p.
1764 922 1840 981 65
1875 924 1972 983 ed.

409 1016 712 1075 Heindorf.
759 1035 772 1069 t
820 1016 849 1071 ὁ
874 1012 976 1092 γὰρ
1021 1008 1249 1077 Εὔπολίς
1287 1030 1417 1091 φησι
1454 1008 1575 1089 περὶ
1616 1015 1710 1068 τοῦ
1751 1008 1975 1089 Σωκρά-

407 1124 545 1175 τους,
575 1124 606 1161 (ι
629 1102 698 1163 Τί
725 1102 859 1173 δῆτα
881 1102 1078 1159 ἐκεῖνον
1097 1098 1186 1156 τὸν
1216 1095 1506 1177 ἀδολέσχην
1531 1097 1623 1155 καὶ
1649 1095 1893 1177 πτωχὸν,
1922 1096 1978 1166 ὃς

407 1192 578 1250 τᾶλλα
599 1192 693 1268 μὲν
711 1187 1071 1269 πεφρόντικεν,
1095 1184 1278 1244 ὁπόθεν
1296 1188 1620 1265 καταφαγεῖν
1641 1183 1774 1265 ἔχοι,
1791 1184 1977 1244 τούτου

409 1280 464 1339 δὲ
493 1279 852 1355 κατημέληκε.
889 1302 914 1327 υ
945 1277 1144 1345 Mein„
1171 1276 1484 1331 secundum
1513 1278 1712 1333 Herm.
1738 1294 1872 1333 ann.
1903 1276 1979 1333 ad

407 1372 591 1429 schol.
613 1370 768 1426 Nub.
795 1366 932 1435 360,
963 1366 1069 1419 nisi
1095 1364 1255 1439 quod
1285 1364 1332 1419 is
1353 1365 1571 1419 lacunae
1605 1364 1766 1437 signa
1787 1364 1981 1439 posuit

405 1468 540 1533 post
573 1453 906 1535 πεφρόντικεν
955 1450 974 1527 (
1006 1462 1218 1508 temere
1256 1450 1511 1525 quidem,
1540 1462 1607 1507 ut
1640 1453 1762 1525 ipse
1795 1453 1971 1511 Mein.

406 1547 632 1615 fatetur,
654 1562 830 1619 quum
845 1541 1101 1598 iambicis
1117 1540 1452 1595 tetrametris
1470 1538 1778 1596 dimetrum
1793 1540 1975 1596 inter·

405 1635 629 1691 misceri
664 1633 851 1689 solere
878 1628 1235 1687 ostenderint
1276 1628 1550 1688 Fritzsch.
1587 1632 1796 1702 Quaest.
1838 1632 1976 1687 Ari-

406 1722 598 1797 stoph.
638 1740 689 1778 1.
719 1738 781 1794 p.
811 1725 947 1789 224,
968 1725 1025 1773 et
1042 1715 1246 1792 Bergk.
1276 1716 1502 1775 Comm.
1526 1735 1592 1792 p.
1621 1716 1734 1774 353
1755 1718 1794 1793 ),

503 1836 695 1903 Μισῶ
744 1826 804 1899 δ’
859 1834 976 1926 ἐγὼ
1031 1832 1134 1897 καὶ
1185 1831 1530 1925 Σωκράτην,
1573 1834 1680 1899 τὸν
1725 1832 1975 1927 πτωχὸν

629 1996 634 2003 .
1600 1932 1977 2035 ἀδολέσχην,

503 2046 564 2127 ὃς
594 2044 797 2114 τᾶλλα
829 2046 940 2139 μὲν
969 2044 1382 2138 πεφρόντικεν,

409 2144 416 2149 ’
503 2155 720 2223 ὁπόθεν
747 2148 816 2222 δὲ
857 2162 1228 2245 καταφαγεῖν
1269 2154 1429 2245 ἔχοι,
1460 2152 1676 2221 τούτου
1705 2154 1975 2244 κατημέ·

1768 2257 1973 2321 ληκεν.

405 2384 682 2441 Proculus
711 2384 817 2440 Ms.
858 2381 1016 2457 apud
1053 2378 1362 2436 Ruhnken.
1413 2380 1486 2435 ad
1523 2380 1677 2435 Xen.
1729 2381 1971 2439 Memor.

405 2474 570 2528 Socr.
600 2490 622 2526 1
638 2512 654 2542 ,
683 2488 744 2544 n,
766 2467 835 2525 31
869 2489 881 2523 :
911 2464 1065 2525 αὐτὸν
1087 2464 1182 2541 μὲν
1199 2462 1287 2522 τὸν
1307 2462 1599 2543 Σωκράτην
1617 2463 1832 2543 πτωχὸν
1851 2466 1976 2522 ἀδο-

404 2563 602 2644 λέσχην
625 2558 923 2621 καλούντων
945 2562 1050 2618 τῶν
1069 2558 1478 2639 κωμῳδιοποιῶν
1499 2602 1516 2633 ,
1539 2558 1632 2616 καὶ
1647 2558 1766 2626 τοὺς
1789 2558 1977 2627 ἄλλους

407 2651 462 2711 δὲ
487 2649 867 2719 ἁπαξάπαντας
882 2692 900 2723 ,
923 2648 1015 2707 καὶ
1037 2645 1154 2715 τοὺς
1171 2642 1548 2725 ὑποδυομένους
1567 2636 1698 2707 εἶναι
1718 2646 1976 2707 διαλεκτι·

404 2738 552 2813 κους,
573 2737 824 2803 ὡσαύτως
839 2734 1212 2815 ὀνομαζόντων·
1231 2755 1265 2793 α
1287 2737 1448 2795 Mne&
1470 2734 1526 2793 δὲ
1549 2734 1640 2794 καὶ
1659 2735 1974 2815 Σωκράτην,

403 2828 494 2887 τὸν
516 2824 732 2907 πτωχὸν
761 2822 1073 2905 ἀδολέσχην.
1095 2852 1122 2875 ¹·
1145 2822 1516 2903 Etymologus
1541 2828 1624 2885 M.
1651 2845 1718 2902 p.
1765 2826 1858 2897 18,
1887 2846 1927 2901 9
1956 2845 1974 2884 .·

405 2911 697 2996 Σωκράτην
744 2912 958 2992 πτωχὸν
1005 2908 1300 2992 ἀδολέσχην
1367 2911 1468 2993 ἔφη
1510 2914 1582 2974 Ε.
1624 2914 1740 2972 Hos
1783 2917 1979 2990 potius

405 3025 578 3081 quam
602 3003 1085 3080 olympiodorum
1114 3002 1384 3077 expressit
1407 3001 1766 3059 Her-mannus
1795 3023 1808 3057 :
1833 3013 1894 3059 at
1918 3005 1977 3060 in

402 3091 860 3169 probabiliorem
911 3092 1060 3148 viam
1123 3092 1347 3148 rediens
1401 3091 1603 3161 Mein„
1652 3110 1684 3148 ιι
1730 3094 1978 3168 Propter

403 3181 900 3258 olympiodorum,
925 3203 949 3230 υ
976 3179 1180 3254 inquit,
1206 3197 1238 3236 ιι
1259 3178 1494 3236 sortasse
1515 3179 1877 3236 scribendum
1896 3193 1978 3238 est

502 3305 686 3363 Μισῶ
732 3320 803 3388 γε
848 3288 984 3368 δῆτ’
1015 3292 1262 3361 ἐκεινονὶ
1307 3295 1414 3362 τὸν
1466 3295 1716 3388 πτωχὸν
1753 3289 1975 3362 ἀδολέ-

1709 3477 1716 3484 .
1798 3425 1976 3492 σχην,

403 3530 492 3586 vel
523 3529 664 3602 μισῶ
694 3549 754 3606 γε
796 3523 862 3597 δὴ
889 3523 1166 3585 κάκεινονί.
1197 3553 1222 3578 ¹·
1245 3532 1507 3604 veraque
1542 3547 1711 3599 sane,
1751 3530 1799 3584 si
1836 3531 1975 3604 quid

404 3618 662 3692 intelligo
685 3657 702 3686 ,
749 3615 924 3672 verba
967 3613 1084 3686 δῆτ’
1133 3613 1370 3674 ἐκεινσνί.
1420 3615 1532 3673 Sed
1579 3615 1733 3692 apud
1792 3618 1975 3693 ipsum

403 3703 884 3780 Olympiodorum
935 3721 1114 3776 quum
1143 3705 1331 3758 oratio
1359 3705 1437 3759 sic
1480 3705 1714 3780 incipiat
1744 3702 1815 3763 Τί
1842 3703 1974 3776 δῆτα

405 3791 618 3860 ἐκεῖνον,
638 3801 777 3860 etc„
808 3789 882 3846 ad
915 3807 1278 3864 praegressum
1297 3790 1529 3846 alterius
1551 3791 1979 3850 interlocutoris

403 3881 686 3952 pertinere
715 3878 966 3933 arbitror
991 3875 1052 3934 τὸ
1081 3877 1240 3936 Mne&
1268 3879 1419 3933 hunc
1456 3878 1574 3934 fere
1603 3879 1662 3933 in
1697 3878 1935 3936 moduni
1957 3923 1975 3952 ,

404 3977 639 4024 auctore
665 3966 941 4041 Proculo,

599 4121 696 4132 -
739 4079 961 4160 ἄλλους
993 4077 1054 4149 δ’
1093 4077 1534 4160 ἁπαξάπαντας

506 4197 686 4280 μισῶ.
721 4189 899 4274 β.Τὶ
931 4182 1074 4264 δῆτ’
1107 4189 1386 4273 ἐκεινονὶ,
1423 4201 1553 4256 etc.

413 4345 438 4367 «ι
473 4319 718 4374 Socratis
739 4337 952 4374 nomen
992 4319 1148 4392 apud
1190 4318 1496 4374 Proculum
1531 4337 1602 4374 ex
1640 4320 1973 4393 interpreta-

406 4408 564 4461 tione
583 4416 776 4462 ortum
804 4406 986 4462 videri
1002 4417 1214 4480 potest.
1233 4430 1255 4454 υ
1280 4408 1459 4461 Mein.
1487 4409 1665 4462 Versu
1690 4407 1722 4462 3
1740 4407 1970 4482 Olymp-

406 4489 590 4550 τούτου
636 4489 690 4548 δὲ
731 4513 877 4564 κατ.,
904 4493 1004 4548 ubi
1045 4495 1290 4550 alienum
1315 4489 1402 4570 δὲ,
1434 4504 1629 4569 aptum
1656 4491 1839 4551 τούτου
1868 4517 1900 4571 γ
1917 4517 1973 4566 ε,

1055 4745 1064 4752 ‚
1143 4689 1232 4738 ιο.

409 4822 484 4838 -
502 4811 554 4851 a.
581 4795 844 4867 Aliosque
869 4796 1034 4852 simul
1063 4810 1254 4852 omnes

407 4899 519 4956 odi.
543 4899 600 4955 h.
627 4898 771 4970 Quid
794 4899 958 4971 igitur
979 4898 1134 4956 illum
1154 4941 1169 4965 ,
1196 4899 1507 4957 mendicum
1536 4902 1870 4974 garrulum,-

405 4987 498 5058 qui
527 4993 704 5042 cetera
731 4983 954 5058 quidem
978 5001 1168 5042 curare
1191 4987 1330 5042 solet
1347 5029 1362 5053 ‚

403 5072 554 5130 unde
581 5089 707 5130 vero
729 5073 910 5129 cibum
929 5071 1127 5129 habeat
1146 5114 1161 5140 ‚
1187 5072 1245 5128 id
1267 5073 1488 5146 quidem
1517 5075 1778 5148 negligit?

1147 5187 1165 5235 1
1183 5185 1202 5235 l
1217 5223 1228 5234 .

403 5297 624 5351 Garrire
645 5294 802 5351 illum
830 5293 994 5368 probe
1022 5295 1186 5366 doce,
1217 5296 1472 5368 sophista.

2069 706 2236 760 etiam
2260 706 2485 761 numeri
2508 704 2813 761 vividiores
2838 716 2896 759 et
2919 700 3301 782 κωμικῶτεροι.

2814 834 2837 870 1
2854 834 2876 871 1
2888 858 2903 873 .

2155 928 2345 1002 Etym.
2374 930 2453 983 M.
2480 946 2541 1003 p.
2582 926 2651 983 18
2670 968 2687 999 ,
2736 926 2772 983 8
2805 946 2819 983 ι
2852 922 2932 983 διὸ
2966 922 3059 983 καὶ
3084 924 3375 1004 ἅδολέσχας
3397 924 3517 993 τοὺς
3542 952 3644 1008 φυ-

2070 1012 2242 1079 σικοὺς
2264 1014 2502 1086 ἐκάλουν,
2528 1010 2671 1091 λε’γει
2698 1012 2746 1069 δ’
2781 1010 3003 1091 Ὠρίων·
3036 1011 3129 1071 καὶ
3158 1012 3455 1093 Σωκράτην
3484 1038 3643 1073 πτω-

2068 1101 2163 1182 χὸν
2190 1090 2487 1181 ἀδολέσχην
2514 1100 2613 1182 ἔφη
2642 1102 2737 1178 Ε.,
2767 1100 2859 1160 καὶ
2880 1104 2933 1161 ἐν
2963 1099 3139 1167 ἄλλοις

2166 1214 2401 1311 (ARN)
2442 1209 2796 1311 ἀδολεσχεῖν
2836 1216 3016 1284 αὐτὸν
3063 1208 3405 1301 ἐκδίδαξον,
3444 1214 3497 1283 ὦ
3548 1245 3647 1305 oo-

3432 1328 3641 1415 φιστά.

2070 1448 2212 1510 Ἀλλ’
2252 1451 2527 1510 excidisse
2582 1451 2811 1509 videtur
2862 1463 3107 1534 propter
3150 1453 3333 1511 simile
3384 1464 3643 1511 secutum

2040 1540 2184 1614 ·ἀδ-,
2208 1543 2482 1601 sentiente
2505 1542 2673 1600 etiam
2702 1542 2878 1599 Mein.

2812 1665 2904 1705 12.

2150 1758 2401 1819 Eustath.
2436 1758 2511 1816 ad
2533 1759 2604 1815 ll.
2635 1777 2695 1829 α,
2730 1756 2842 1815 333
2864 1797 2882 1828 ,
2908 1777 2969 1833 p.
3000 1756 3137 1827 231,
3170 1777 3242 1833 19
3280 1778 3295 1813 ι
3336 1758 3557 1817 ἐνταῦθα
3595 1764 3644 1819 οἱ

2068 1847 2289 1905 παλαιοὶ
2314 1848 2803 1925 παρασημειοῦνται
2847 1842 2909 1903 τὸ
2947 1848 3037 1903 τοῦ
3078 1842 3239 1923 ὄχλου
3274 1844 3609 1922 παλίμὸολον
3626 1896 3643 1923 ,

2070 1934 2211 2002 ὅπως
2244 1935 2292 1991 οἵ
2316 1930 2466 1991 αὐτοὶ
2487 1931 2578 1991 καὶ
2614 1930 2819 2011 φεύγειν
2854 1922 2991 2003 ἦσαν
3016 1932 3374 2009 ἑτοιμότατοι,
3418 1933 3512 1992 καὶ
3542 1937 3645 2011 με’-

2068 2043 2171 2081 νειν
2200 2013 2343 2087 αὖθις
2368 2025 2491 2100 ῥᾷον
2518 2018 2921 2090 ἀνεπείσθησαν.
2950 2022 3265 2099 ἐπιφωνοῦσι
3282 2018 3339 2077 δὲ
3358 2020 3533 2080 καὶτὸ
3554 2032 3643 2083 τοῦ

2071 2110 2365 2178 Εὐπόλιδος
2392 2136 2416 2161 ι
2437 2098 2568 2169 Οἶόν
2592 2106 2653 2187 γέ
2678 2107 2780 2167 πού
2805 2111 2909 2167 ’στι
2934 2108 3132 2187 qli-'ico’
3160 2106 3467 2187 ἀνθρώπω,
3496 2110 3647 2189 εἴπερ

2068 2202 2097 2257 ὁ
2134 2196 2228 2277 μὲν
2268 2196 2436 2277 λέγων
2471 2195 2745 2277 φεύγωμεν
2786 2197 3100 2276 ἀναπτεροῖ,
3128 2201 3157 2257 ὁ
3200 2196 3255 2255 δὲ
3290 2188 3438 2264 αὖθις
3477 2200 3647 2259 πείθει

2068 2286 2233 2363 λέγων
2256 2285 2553 2364 μίμνωμεν.
2584 2312 2606 2336 ι·
2626 2286 2849 2347 Ibidem
2863 2286 3045 2345 schol.
3072 2302 3088 2346 ε
3112 2311 3138 2337 «ι
3166 2274 3295 2346 Οἶόν
3326 2284 3387 2364 γέ
3412 2287 3517 2345 πού
3543 2286 3647 2346 ’στι

2066 2377 2282 2452 γλῶσσα
2306 2372 2613 2454 κᾶνθρώπου
2634 2371 2804 2450 λόγος.
2832 2400 2859 2425 ²·
2880 2372 3019 2432 κατὰ
3042 2372 3133 2432 τὸν
3152 2372 3382 2433 Εὔπολιν
3396 2398 3411 2410 ·
3442 2402 3468 2426 ι
3485 2378 3518 2433 ὅ
3540 2376 3639 2451 μὲν

2066 2462 2171 2543 γὰρ
2213 2462 2377 2541 λόγων
2427 2460 2781 2542 φεύγωμεν
2826 2460 3141 2539 ἀναπτεροῖ,
3169 2464 3201 2519 δ
3227 2458 3282 2519 δὲ
3332 2460 3647 2539 μένωμεν

2068 2550 2255 2611 πείθει.
2282 2576 2309 2603 ι
2351 2548 2465 2627 ἅμα
2500 2547 2557 2607 δὲ
2584 2547 2677 2607 καὶ
2705 2548 2769 2606 τὸ
2794 2548 3125 2625 παλίμὸολσν
3152 2552 3259 2607 τῶν
3294 2548 3481 2623 δήμων
3510 2552 3647 2621 ἐσή-

2070 2661 2253 2716 μανεν.
2286 2638 2588 2717 Eupolidis
2604 2656 2799 2697 versus
2824 2640 2903 2696 sic
2924 2638 3193 2696 videntur
3209 2639 3475 2697 habuisse
3502 2660 3521 2695 t

2168 2754 2318 2827 Οἷόν
2352 2758 2424 2850 γέ
2452 2758 2569 2823 πού
2600 2752 2723 2824 ’στι
2754 2763 3007 2849 γλῶσσα
3036 2756 3381 2849 κᾶνθρώπου
3411 2755 3597 2850 λόγος
3618 2808 3643 2841 ,

2170 2862 2331 2955 εἴπερ
2361 2867 2393 2930 ὁ
2417 2864 2613 2957 λέγων
2648 2890 2685 2927 c<
2720 2862 3041 2958 Φεύγωμεν
3072 2887 3108 2923 n
3154 2864 3479 2956 ἀναπτεροῖ
3496 2858 3578 2954 γ’,
3612 2870 3651 2930 ὀ

3390 2961 3450 3034 δ’
3484 2965 3653 3058 (ἃ.)

2168 3070 2331 3153 αὖθις
2344 3076 2542 3168 λέγων
2564 3101 2597 3136 ιι
2625 3075 2961 3167 Μίμνωμεν
2977 3105 3002 3130 ¹·
3019 3072 3324 3142 ἀναπείθει
3338 3072 3364 3164 (
3378 3075 3571 3140 πάλιν
3586 3071 3647 3166 )!

2070 3207 2137 3261 In
2164 3205 2372 3279 quibus
2402 3203 2486 3277 ἂν,
2513 3218 2709 3281 aptum
2742 3205 2923 3261 hiatui
2960 3203 3198 3261 vitando
3236 3221 3429 3278 neque
3456 3205 3647 3261 inele-

2070 3311 2237 3368 gans,
2266 3295 2585 3369 neglectum
2611 3294 2765 3350 dicas
2782 3303 3055 3367 sequente
3077 3313 3177 3348 αυ-
3202 3292 3408 3362 simili,
3440 3311 3649 3366 quem-

2070 3380 2383 3438 admodum
2430 3393 2489 3438 et
2532 3378 2691 3438 πιίλιν
2732 3380 2899 3437 facile
2936 3379 3216 3437 exciderit
3266 3391 3397 3455 post
3450 3379 3649 3441 πείθει.

2072 3468 2323 3524 Primum
2348 3487 2573 3526 versum
2592 3469 2778 3524 solum
2798 3478 2985 3543 poetae
3002 3485 3119 3524 esse
3130 3467 3351 3540 judicat
3366 3469 3649 3538 Meinek„

2070 3567 2255 3614 cetera
2280 3558 2587 3616 scholiastae
2604 3597 2621 3629 ,
2646 3548 3009 3615 dissentiente
3048 3557 3381 3614 Hermanno
3414 3555 3643 3633 Opusc.

2070 3643 2129 3716 5,
2156 3663 2217 3720 p.
2252 3663 2387 3722 290.

2810 3757 2902 3815 13.

2149 3887 2404 3946 Eustath.
2440 3886 2518 3943 ad
2544 3886 2745 3960 Odyss.
2767 3905 2826 3960 p.
2863 3891 3005 3951 1441
3034 3927 3051 3954 ,
3084 3885 3155 3941 16
3190 3884 3561 3962 εΔημόκριτος
3588 3887 3647 3944 δὲ

2072 3975 2235 4050 (fort.
2264 3972 2359 4052 δὴ)
2393 3969 2989 4050 ἕπιτηδειέστερόν
3022 3993 3181 4050 φησι,
3207 3971 3301 4030 καὶ
3332 3971 3653 4051 Δεινόλοχος

2068 4059 2622 4139 γενναιέστατον,
2682 4057 2992 4138 Ἀντίμαχος
3029 4057 3084 4117 δὲ
3116 4057 3197 4116 ὅτι
3240 4058 3651 4136 ιίφνειὲστα-

2067 4147 2419 4216 τοςέσκεν.
2448 4145 2597 4227 (καὶ)
2628 4149 2691 4207 Ε.
2734 4145 2790 4205 δὲ

2258 4307 2355 4316 —
2374 4265 2559 4334 Πόλιν
2594 4260 2741 4356 (τε)
2772 4263 3246 4352 θεοφιλεστάτην

2162 4373 2447 4456 οἰκοῦσιν,
2477 4369 2929 4461 ἀφθονεστσὶτην
2962 4393 3031 4433 τε
3059 4371 3393 4459 χρήμασιν.

2067 4497 2231 4551 Prius
2258 4493 2315 4552 τὲ
2348 4497 2613 4553 haustum
2648 4495 2821 4552 suerit
2846 4513 2879 4550 a
2904 4497 2979 4550 θε-
2998 4494 3211 4568 syllaba
3230 4535 3247 4563 ,
3289 4514 3415 4568 quae
3456 4501 3649 4568 sequi·

2066 4770 2239 4840 Quale
2262 4770 2483 4828 tandem
2512 4778 2599 4827 est
2624 4687 3117 4842 {ingualdratioque
3140 4767 3407 4824 hominis!

2067 4859 2338 4932 siquidem
2364 4859 2461 4933 qui
2476 4858 2612 4915 dicit
2631 4881 2658 4908 α
2685 4858 2983 4932 Fugiamus
3014 4881 3065 4926 ι,
3094 4854 3277 4912 volare
3308 4853 3443 4912 facit
3468 4857 3643 4954 siro&

2066 5049 2257 5090 rursus
2283 5033 2418 5090 dicit
2438 5057 2465 5082 α
2488 5035 2809 5090 Maneamus
2836 5055 2861 5082 ν
2884 5035 3115 5106 pariter
3134 4947 3487 5104 persuadLe‘iin
3514 4961 3647 5000 mm

2820 5123 2903 5174 13.

2062 5237 2134 5250 —
2159 5207 2367 5265 Urbem
2386 5215 2443 5266 et
2458 5207 2560 5262 diis
2586 5205 2921 5263 carissimam

2067 5297 2313 5353 habitant
2332 5335 2347 5364 ‚
2376 5303 2431 5352 et
2454 5293 2941 5367 opulentissimam.
