3809 5850
540 515 648 564 106

525 639 657 692 lime
684 644 961 691 mutatum
980 634 1147 690 fuerit
1174 635 1233 688 in
1252 635 1472 711 φρονῶν.
1494 633 1569 694 V.
1598 634 1635 690 6
1670 634 1841 693 codd.
1868 635 2090 708 aliquot

527 719 771 798 μαίνεταί
796 743 864 778 τι.
885 725 949 778 V.
980 722 1017 778 8
1055 722 1187 777 libri
1219 720 1446 798 φθονῆθ’.
1492 722 1749 778 Correxit
1796 721 1976 777 Dobr.
2015 721 2088 776 ad

524 813 751 868 Plutum
784 830 805 866 1
822 808 953 868 188.
980 809 1174 865 Valck.
1192 808 1345 882 ἡμῶν
1364 827 1472 884 pro
1497 809 1664 881 ὑμῶν.

1274 939 1331 974 2.

604 1035 808 1092 Athen.
848 1053 902 1101 1,
932 1052 992 1108 p.
1024 1053 1116 1106 17,
1138 1035 1190 1088 D
1218 1053 1229 1085 :
1266 1031 1335 1089 E.
1368 1026 1423 1087 δὲ
1452 1029 1538 1087 τὸν
1564 1031 1768 1108 πρῶτον
1799 1029 2089 1106 εἰσηγησά-

530 1141 683 1194 μενον
728 1117 789 1178 rb
828 1122 921 1189 τῆς
963 1117 1145 1195 ἀμίδος
1208 1117 1514 1194 (matulae)
1575 1115 1741 1193 ὄνομα
1785 1117 1805 1194 (
1841 1120 2086 1176 Meinek.

524 1208 693 1266 scrib.
728 1209 1046 1284 suspicatur
1078 1205 1166 1262 τὸν
1207 1209 1300 1275 τῆς
1324 1203 1507 1282 ἀμίδος
1535 1203 1733 1282 νόμον)
1781 1203 2093 1276 ἐπιπλήττει

524 1294 687 1371 λέγων

670 1418 732 1460 α.
780 1400 957 1458 Μισῶ
1004 1385 1395 1472 λακωνίζειν,
1452 1383 1795 1484 ταγηνίζειν
1840 1382 1910 1456 δὲ
1971 1379 2081 1456 κ’ἒιν

1781 1494 2093 1587 πριαίμην·

676 1605 937 1680 πολλοὺς
980 1597 1037 1669 δ’
1084 1599 1215 1694 (ἂν)
1250 1598 1420 1692 οἶμαι
1472 1611 1567 1668 νῦν
1616 1595 1958 1686 βεὸινῆσθαί
1986 1598 2094 1692 (τε

1608 1703 1790 1774 καῦτε
1833 1703 2090 1796 βινεῖν).

676 1817 739 1896 β.
774 1807 905 1904 (ὡς
924 1811 1097 1888 εἰκός·
1124 1809 1149 1902 )
1174 1809 1239 1887 ὃς
1259 1803 1328 1876 δὲ
1358 1819 1588 1902 πρῶτος
1618 1807 1835 1902 ἐξεῦρεν
1858 1812 1935 1877 τὸ
1965 1815 2094 1904 πρῲ

1783 1917 2094 2002 ’πιπίνειν,

670 2027 904 2098 πολλήν
956 2047 1024 2106 γε
1059 2023 1562 2110 λακκοπρωκτίαν
1614 2025 1891 2088 {vtio-‘rw’
1949 2021 2094 2114 ἧμιν

1886 2132 2088 2220 εὑρών.

578 2230 617 2300 5
674 2229 825 2302 Εἶεν·
860 2235 952 2310 τίς
1000 2229 1156 2301 εἶπεν
1210 2263 1243 2296 ιι
1308 2228 1540 2326 Ᾱμίδα,
1577 2241 1719 2302 wat!
1764 2261 1797 2294 »
1854 2244 2094 2326 πρῶτος

580 2339 591 2348 ’
1594 2340 1820 2430 μεταξὺ
1858 2343 2090 2426 πίνων;

676 2473 735 2514 α.
793 2441 1231 2538 Παλαμηδικόν
1264 2473 1333 2534 γε
1368 2457 1552 2513 τοῦτο
1584 2443 1956 2539 τούξεύρημα
1991 2451 2094 2513 καὶ

1756 2553 1936 2646 σοφόν
1955 2577 2087 2625 του.

528 2691 720 2746 Locus
735 2706 768 2746 e
794 2689 1086 2764 colloquio
1106 2689 1332 2765 gulonis
1354 2700 1412 2745 et
1437 2688 1793 2764 poedicatoris
1810 2731 1827 2759 ,
1848 2709 2096 2764 quorum

524 2778 665 2833 alter
683 2779 923 2834 alterum
944 2777 1164 2836 irridet.
1184 2777 1435 2834 Meinek.
1451 2777 1528 2834 ad
1548 2777 1863 2834 Alcibiadis
1881 2779 2096 2833 irrisio-

524 2884 652 2920 nem
680 2876 935 2941 spectare
965 2864 1071 2922 hos
1096 2884 1289 2922 versus
1312 2867 1601 2941 opinatur.
1628 2868 1788 2923 Vers.
1838 2885 1862 2921 ι
1899 2866 2098 2923 Suidas

450 2944 471 2963 “
526 2951 920 3021 λακωνίζειν
949 2974 962 3009 :
993 2954 1251 3017 παιδικοῖς
1269 2955 1522 3032 χρῆσθαι.
1555 2952 1817 3034 Ἄριστοφ.
1843 2953 2090 3033 Θεσμοφ.

528 3040 600 3117 β’.
639 3040 750 3115 (f-r.
787 3042 884 3112 26,
910 3043 1018 3098 ubi
1041 3062 1103 3099 v.
1144 3061 1280 3100 ann.
1308 3043 1327 3119 )
1365 3068 1389 3092 ιι
1424 3044 1805 3119 Intelligerem
1824 3043 1968 3113 haec,
1998 3044 2096 3098 in-

523 3129 649 3202 quit
673 3128 871 3200 Mein„
908 3132 957 3186 si
982 3128 1271 3205 ταγηνίζειν
1320 3129 1394 3187 de
1425 3148 1630 3189 venere
1666 3131 1935 3187 muliebri
1983 3132 2094 3188 dici

522 3229 715 3293 posset
734 3219 1007 3293 locusque
1030 3221 1108 3275 ita
1129 3220 1371 3295 scriptus
1390 3230 1531 3276 esset
1560 3238 1573 3273 ε
1603 3220 1763 3277 Mna&
1780 3214 2094 3294 ταγηνίζειν,

521 3303 821 3371 λακωνίζειν
852 3302 907 3361 δὲ
939 3302 1038 3361 κᾶν
1056 3304 1335 3383 πριαίμην.
1372 3331 1395 3357 υ
1426 3311 1492 3363 V.
1530 3326 1565 3363 a
1586 3316 1739 3363 recte
1780 3306 2094 3383 Schweigh.

520 3389 743 3460 πολλοὺς
754 3411 865 3469 pro
884 3390 1101 3459 πολλάς.
1118 3395 1284 3469 Hunc
1296 3405 1349 3451 et
1368 3406 1694 3471 sequentem
1717 3412 1938 3451 versum
1956 3414 2098 3470 pro-

522 3479 789 3536 babiliter
810 3482 1073 3556 supplere
1102 3483 1438 3539 studuimus.
1484 3484 1665 3541 Aliter
1700 3482 1835 3543 cod.
1868 3485 1912 3538 B
1947 3481 2096 3538 εόλί-

520 3588 617 3643 γας
632 3566 735 3647 γὰρ
757 3556 1012 3644 οἶμαινῧν
1040 3566 1153 3646 βεὸ.
1179 3568 1241 3647 γέ
1264 3592 1344 3628 σοι
1362 3573 1631 3649 γυναῖκας.
1652 3576 1718 3630 V.
1740 3572 1795 3632 3.
1818 3568 1913 3635 Ὡς
1935 3568 2093 3644 εἰκός,

521 3668 586 3712 ut
596 3659 915 3713 verosimile
932 3671 1033 3726 est,
1063 3657 1269 3734 frigide
1293 3661 1658 3718 concedentis
1685 3670 1743 3715 et
1772 3661 1964 3716 statim
1989 3678 2097 3735 par

520 3763 630 3819 pro
652 3746 775 3819 pari
796 3745 1070 3816 relaturi,
1091 3756 1157 3799 ut
1180 3748 1278 3819 qui
1300 3749 1463 3803 etiam
1488 3749 1565 3824 τῷ
1582 3744 1875 3823 ταγηνίζειν
1899 3758 1956 3802 et
1978 3766 2095 3803 ma-

521 3832 719 3887 tutinis
758 3832 1152 3905 potationibus
1180 3833 1255 3888 ad
1283 3832 1720 3913 λακκοπρωκτίαν
1744 3834 1968 3891 incitari
1989 3835 2098 3889 ho·-

521 3920 701 3975 mines
723 3920 1021 3990 existimet,
1046 3937 1233 3993 neque
1260 3921 1488 3993 injuria.
1520 3921 1681 3979 Libri
1705 3919 1765 3977 τὸ
1794 3919 1959 3999 πρῶτ’
1983 3922 2094 3978 ἐπι-

521 4003 711 4061 πίνειν.
738 4006 1002 4063 Correxit
1020 4007 1333 4064 Elmsleius.
1365 4012 1429 4065 V.
1465 4014 1497 4073 4
1526 4009 1660 4063 libri
1680 4003 1915 4063 ἐπίσταθ’
1939 4009 2089 4081 ἡμῖν.

524 4092 675 4147 Illud
685 4096 933 4150 correxit
946 4095 1161 4165 Elmsl.;
1178 4096 1312 4167 hoc,
1326 4096 1485 4171 quod
1502 4094 1683 4153 officit
1698 4106 1905 4167 metro,
1921 4096 2093 4153 Mein.

523 4182 589 4235 V.
622 4180 655 4236 5
686 4169 837 4257 Εἶεν,
856 4202 1006 4257 age:
1030 4184 1279 4240 formula
1304 4183 1664 4258 transeundi,
1685 4186 1993 4259 praesertim
2021 4184 2096 4239 ad

522 4286 641 4323 rem
667 4280 984 4343 cognatam.
1012 4271 1147 4329 Παῑ.
1171 4270 1377 4349 πρῶτος
1398 4290 1507 4345 pro
1534 4268 1859 4347 πάμπρωτος
1886 4273 2096 4326 Porso-

524 4375 629 4411 nus
653 4357 806 4429 apud
847 4358 1025 4416 Kidd.
1058 4358 1135 4414 ad
1160 4360 1402 4415 Porsoni
1428 4360 1591 4419 Misc.
1626 4378 1691 4433 p.
1734 4359 1869 4432 390.
1900 4360 1988 4415 Ibi
2028 4378 2096 4415 ex

524 4445 729 4503 Athen.
757 4444 817 4515 6,
838 4464 898 4521 p.
926 4446 1061 4517 262,
1091 4448 1163 4517 D,
1182 4448 1350 4523 petiti
1374 4464 1569 4503 versus
1596 4447 1875 4522 Epicratis

523 4712 571 4753 a.
608 4696 715 4753 Odi
734 4697 1125 4768 laconismum3
1150 4622 1335 4759 assat&
1350 4716 1481 4758 vero
1503 4700 1731 4758 emerim
1749 4719 1766 4769 ς

524 4782 724 4841 multos
742 4782 967 4855 quidem
994 4801 1145 4843 nunc
1164 4795 1293 4857 puto
1312 4788 1589 4855 irrumat-i,
1612 4802 1919 4859 rursusque
1943 4790 2090 4843 irru-

1907 4890 1960 4928 m
2005 4889 2087 4929 re.

524 4954 581 5011 l).
606 4954 880 5013 credibile
896 4964 1008 5013 est:
1030 4956 1125 5030 qui
1141 4966 1321 5015 autem
1344 4961 1583 5032 primum
1600 4959 1855 5031 cogitavit
1870 4874 1940 5016 (ie
1959 4888 2092 5032 gotti

1776 5047 2089 5115 [matutino.
2130 5120 2136 5132 1

524 5142 653 5183 eum
682 5129 821 5186 scito
846 5129 1073 5187 multam
1104 5130 1263 5189 nobis
1289 5131 1662 5204 paederastiam
1698 5133 2052 5204 excogitasse.

522 5220 671 5285 Age,
714 5216 839 5288 quis
874 5220 1085 5291 primus
1136 5220 1278 5277 inter
1320 5221 1511 5293 pocula
1552 5221 1685 5279 dixit
1728 5244 1755 5271 α
1804 5221 2089 5290 matulam,

1810 5311 1991 5380 [puer-l
2029 5312 2092 5364 u?

1528 502 1935 562 OOMOEDIAE
1977 498 2302 562 VETEms
2343 497 2753 572 RELIQUIAE.

2261 714 2483 796 ἔχθιονῆ
2516 743 2540 768 σι
2570 626 2848 789 παξίτῖἔῖρί
2883 741 2908 766 ν
2926 715 3198 776 καλεῖσθαι
3220 715 3358 794 παρὰ
3386 717 3552 792 πότον,

2261 805 2350 863 καὶ
2379 807 2527 863 ταῦτ’
2555 803 2772 884 ἀγενείῳ
2796 803 3154 884 μειρακυλλίῳ
3180 805 3312 878 τινὶ,

2261 891 2340 962 ἤτ’
2371 890 2535 967 ἀμίδα
2564 891 2831 972 διαφρεῖν;
3049 882 3058 892 ”
3251 881 3256 888 ¹

2182 1021 2310 1075 libri
2338 1014 2372 1088 ἢ
2412 1017 2505 1088 τὴν
2538 1016 2702 1092 ἀμίδα
2741 1017 2946 1096 φέρειν,
2989 1021 3050 1074 in
3080 1019 3223 1074 thesi
3258 1022 3519 1075 occultato
3547 1037 3680 1075 voca-

2182 1106 2318 1162 bulo
2357 1105 2541 1186 ἀμίδα,
2579 1106 2945 1162 &et—hausto
2985 1125 3018 1162 a
3053 1105 3121 1162 δα
3165 1107 3396 1181 syllaba,
3423 1119 3520 1164 etc.
3559 1133 3580 1156 ι
3621 1110 3668 1162 E.

2182 1211 2312 1250 eum
2329 1196 2681 1269 perstringit,
2703 1195 2803 1267 qui
2827 1194 3042 1269 primus
3069 1195 3218 1249 inter
3243 1195 3441 1268 pocula
3461 1195 3676 1255 matulam

2181 1284 2476 1357 poposcit;
2517 1301 2689 1356 quem
2733 1300 2930 1352 usum,
2979 1283 3111 1338 satis
3151 1293 3346 1337 notum
3381 1300 3443 1337 ex
3484 1281 3674 1340 Comicis

2183 1373 2380 1450 graecis
2416 1382 2473 1427 et
2493 1371 2724 1441 diutinis,
2765 1371 3162 1444 Sybaritarum
3205 1372 3476 1426 inventum
3499 1388 3592 1424 esse
3619 1370 3676 1422 ait

2183 1459 2530 1534 Schweigh„
2551 1457 2784 1516 laudato
2801 1457 3088 1518 Gatakero
3109 1457 3344 1518 Advers.
3363 1459 3506 1514 misc.
3529 1475 3577 1524 α,
3591 1455 3636 1509 5.
3657 1479 3672 1500 ·

2187 1549 2237 1602 E
2254 1549 2342 1604 M.
2369 1551 2600 1606 Versum
2623 1548 2659 1602 6
2674 1549 2909 1622 respicit
2928 1547 3279 1621 Phrynichus
3299 1545 3514 1604 Beklieri
3535 1564 3581 1618 p.
3603 1543 3673 1610 58,

2189 1631 2576 1710 Παλαμηδικὸν
2600 1632 2918 1713 τοῦξεύρεμα
2947 1655 2960 1690 :
2993 1623 3103 1692 οἷον
3133 1631 3284 1714 σοφὸν
3307 1633 3393 1691 καὶ
3424 1630 3675 1710 εὐμήχανον.

2183 1725 2274 1780 lbi
2296 1725 2468 1798 vulgo
2495 1721 2586 1780 καὶ
2609 1721 2788 1801 σοφόν.
2815 1725 2860 1779 Β
2893 1722 2939 1783 C
2958 1727 3010 1780 D
3039 1720 3196 1802 σοφόν
3235 1743 3346 1780 σου.
3376 1721 3531 1780 Immo
3559 1715 3675 1794 σοφόν

2183 1832 2276 1868 του
2297 1831 2404 1886 pro
2427 1808 2580 1874 τινός.

2941 1925 3000 1983 3.

2263 2041 2478 2111 SuidaS,
2514 2038 2792 2105 Βαστάσας
2828 2061 2840 2095 :
2875 2037 2992 2096 ἀντὶ
3015 2041 3108 2097 τοῦ
3137 2035 3429 2115 δοκιμάσας.
3455 2037 3512 2096 Ε.

2285 2179 2346 2221 α.
2382 2145 2506 2246 Ᾰγε
2533 2147 2636 2238 δὴ,
2672 2153 2893 2247 πότερα
2925 2153 3208 2240 βούλεσθε
3233 2145 3402 2226 τηνδὶ
3427 2141 3640 2217 διάθεσιν

2287 2253 2448 2342 ᾠδῆς
2476 2260 2710 2325 ἀκούειν
2728 2311 2748 2338 ,
2793 2258 2829 2333 ἢ
2861 2260 2968 2326 τὸν
2997 2261 3248 2354 ἀρχαῖον
3273 2259 3504 2352 τρόπον;

2287 2371 2348 2450 β.
2401 2361 2702 2458 Ᾱμφότερ’
2733 2368 2877 2459 ἐρεῖς
2898 2415 2916 2450 ,
2956 2369 3078 2458 ἐγὼ
3106 2361 3165 2433 δ’
3197 2368 3432 2440 ἀκούσας
3457 2365 3544 2429 τὸν
3569 2359 3670 2449 τρό-

3571 2489 3667 2540 πον,

2282 2573 2345 2642 ὃν
2377 2573 2449 2642 ἂν
2477 2573 2627 2669 δοκῇ
2675 2601 2806 2667 μοι,
2845 2578 3156 2662 βαστάσας
3193 2578 3509 2670 αἱρήσομαι.

2185 2692 2328 2778 [πᾶν
2348 2693 2409 2752 τὸ
2431 2693 2829 2772 συμὸησόμενον
2849 2693 2938 2753 ἐπὶ
2955 2694 3112 2772 λόγον
3131 2694 3268 2772 ἄγων
3283 2693 3366 2752 καὶ
3380 2685 3660 2766 ὂοκιμάζων.]

2189 2786 2256 2842 V.
2295 2804 2318 2839 1
2355 2784 2529 2859 vulgo
2555 2779 2662 2852 τὴν
2707 2781 2960 2858 διάθεσιν,
2998 2815 3078 2828 --
3107 2783 3156 2842 δὶ
3194 2784 3393 2859 syllaba
3429 2781 3661 2852 absorpta,

2183 2873 2292 2929 nisi
2312 2872 2501 2943 fauor,
2529 2888 2562 2927 a
2587 2869 2891 2930 Bi-vicino.
2921 2873 3090 2930 Certe
3109 2886 3298 2949 aptum
3315 2865 3474 2939 τηνδὶ,
3489 2867 3662 2929 haum,

2187 2960 2348 3034 quod
2383 2959 2538 3015 velut
2582 2958 2850 3026 δεικτικῶς
2878 2960 3102 3017 dictum
3143 2974 3226 3018 est
3259 2979 3362 3035 pro
3394 2953 3475 3025 τὴν
3500 2956 3594 3021 νῦν,
3623 2960 3666 3001 1¹1

2185 3052 2368 3123 Toup.
2393 3058 2452 3103 et
2478 3047 2766 3107 Gaisford.
2800 3049 2878 3105 ad
2900 3051 3188 3124 Hephaest.
3215 3068 3276 3125 p.
3305 3046 3394 3124 45,
3415 3057 3663 3119 quanqum

2185 3138 2304 3209 ipse
2337 3135 2504 3193 Gaisf.
2527 3147 2726 3209 postea
2754 3137 2954 3195 maluit
2972 3133 3129 3205 τήνδε
3143 3178 3160 3208 ,
3185 3153 3362 3209 neque
3386 3134 3525 3187 aliter
3547 3126 3662 3221 Rup-

2183 3222 2320 3293 kel.;
2351 3221 2447 3279 scd
2493 3224 2847 3280 verisimilius
2889 3221 3060 3293 τηνδί.
3109 3226 3179 3279 In
3209 3220 3316 3278 fine
3357 3218 3519 3275 nescio
3553 3228 3664 3283 qu¹·⁵

2186 3310 2633 3367 additamentum
2658 3308 2968 3387 ταυτολόγον
3001 3312 3436 3369 cancellavimus.

2943 3428 3002 3489 Ιι.

2268 3534 2450 3591 Orion
2477 3533 2711 3591 Anthol.
2741 3552 2802 3609 p.
2850 3532 2920 3602 54
2959 3554 2972 3589 :
3005 3530 3302 3595 Εὐπόλιδος·

2283 3641 2335 3715 ῙῘῙ
2365 3650 2567 3716 πολλοί
2591 3656 2648 3742 γ’
2675 3652 2736 3716 ἐν
2770 3660 2975 3743 μακρῷ
2994 3649 3189 3743 χρόνῳ
3216 3646 3468 3741 γίγνεται
3497 3636 3664 3803 peisti:
3689 3692 3691 3714 ÷

2757 3748 2766 3759 ⁸
3579 3758 3660 3825 “⁴13⁶
3687 3774 3689 3779 “

2285 3869 2406 3926 τῶν
2450 3861 2848 3953 πραγμάτων·
2911 3862 3078 3950 μένει
3128 3854 3195 3925 δὲ
3240 3859 3412 3950 χρῆμ’
3451 3838 3586 3913 οὐδὲν
3623 3842 3685 3943 ἐνΙ

3284 3963 3467 4041 ταύτῷ
3493 3950 3658 4043 ῥυθμῷ.

2185 4095 2378 4153 Codex
2401 4092 2502 4159 Ὡς
2523 4092 2695 4151 πολλά
2723 4094 2771 4170 γ’
2802 4092 2878 4163 ἐν,
2909 4104 3042 4162 εἴα,
3081 4092 3178 4149 sed
3211 4090 3446 4146 Julianus
3475 4080 3598 4135 Orat·
3621 4082 3681 4139 ἲί4

2185 4202 2244 4258 p.
2289 4192 2426 4253 204,
2457 4188 2530 4252 A,
2575 4184 2636 4239 in
2673 4182 2872 4238 codice
2899 4181 3067 4241 Voss.
3109 4168 3184 4238 ’Ἦ
3225 4171 3406 4241 πολλὰ,
3435 4162 3566 4241 quod
3599 4176 3666 4212 re-

2187 4284 2416 4345 ceptum
2447 4290 2492 4345 a·
2507 4272 2683 4329 Mein.
2723 4270 2865 4326 mihi
2906 4286 3138 4344 quoque
3174 4264 3328 4323 alteri
3362 4258 3438 4314 illi
3465 4260 3672 4353 prestare„

2187 4359 2501 4415 videbatur.
2543 4359 2760 4415 Deinde
2803 4357 2981 4413 Mein.
3027 4352 3328 4431 μεταλλαγῇ
3375 4352 3658 4421 πραγματων,

2190 4464 2366 4520 quum
2379 4445 2530 4521 apud
2539 4445 2811 4501 Orionem
2831 4446 3055 4520 legatur
3073 4432 3437 4518 μεταλλαγὲται
3449 4448 3524 4505 πρ.
3533 4426 3658 4479 Recte
3669 4430 3673 4521 Ι·

2705 4538 3579 4571 *ψ’-..Ιν-

2183 4626 2235 4669 a.
2270 4609 2671 4667 Palamedieum
2695 4608 2802 4667 hoc
2831 4606 3056 4683 quidem
3079 4614 3134 4667 et
3153 4605 3359 4679 sapiens
3383 4584 3656 4751 οΙίρρὲίῐιιιῖωῐε·

2183 4802 2235 4843 a.
2269 4791 2382 4858 Age
2409 4786 2594 4858 igitur,
2619 4793 2802 4843 utrum
2824 4704 2992 4843 hocze
3013 4797 3184 4857 genus
3217 4776 3332 4837 odae

2183 4872 2372 4929 audire
2403 4872 2589 4938 νυΙῑίε,
2621 4888 2692 4928 an
2719 4870 2884 4928 modo
2905 4871 3132 4944 antiquo
3153 4863 3377 4924 factam?

2185 4960 2239 5016 b.
2267 4964 2580 5033 Utrumque
2597 4959 2778 5028 dices3
2809 4974 2912 5032 ego
2942 4974 3091 5026 vero,
3123 4960 3394 5029 postquam
3409 4937 3634 4999 audiveffls

2185 5050 2409 5106 modum
2449 5055 2774 5122 spectatum,
2805 5046 2900 5119 qui
2929 5046 3066 5103 mihi
3096 5037 3360 5117 placuerit,
3383 5030 3560 5099 eligam-
3657 5058 3659 5112 Ι

2940 5139 2992 5189 4.
3655 5144 3657 5149 ·

2182 5227 2322 5283 Sane
2347 5224 2519 5282 multa
2540 5223 2702 5293 longo
2723 5223 3044 5295 intempore
3067 5218 3201 5275 fiunt
3215 5204 3520 5270 conversione
3648 5152 3657 5286 ΑΙ

2183 5327 2389 5378 rerum,
2411 5326 2511 5367 nec
2528 5308 2824 5381 quidquam
2851 5308 2908 5364 in
2928 5306 3118 5365 eodem
3143 5300 3295 5357 modo
3315 5288 3566 5368 permanet·
3648 5296 3653 5357 j

3584 4530 3641 4541 ...a-
