3809 5850
1432 491 2016 556 PREREGRATES.

220 626 331 696 Εἶτ’
364 633 889 722 ἐκεραμεύσαντο
928 641 1064 710 τοῖς
1106 635 1211 724 μὲν
1244 627 1529 726 ἀνδράσιν
1576 661 1684 701 πο·
1730 631 1735 640 ’

1512 747 1593 815 τῆ
1626 767 1688 807 ια

224 845 445 910 πλατέα
464 895 487 926 ,
508 843 785 935 τοίχους
817 848 935 911 οὐκ
958 847 1200 936 ἔχοντ’,
1224 842 1361 912 ἀλλ’
1378 847 1527 912 αὐτὸ
1554 769 1689 912 126-

1251 945 1439 1042 δαφος
1474 951 1684 1044 μόνον,

234 1055 391 1146 κούχὶ
422 1052 738 1148 χωροῦντ’
784 1050 939 1124 οὐδὲ
990 1059 1249 1151 κόγχην,
1298 1061 1519 1150 ἐμφερῆ
1553 1083 1689 1154 γευ-

1384 1163 1684 1257 στηρίοις·

243 1266 397 1360 σφίσι
424 1260 465 1335 δ
470 1271 498 1336 ε’
522 1265 585 1363 γ’
618 1272 921 1336 αὐταῖσιν
956 1268 1197 1356 βαθείας
1218 1272 1467 1348 κύλικας
1492 1273 1686 1364 ὥσπερ

1417 1369 1687 1454 ὁλκάδας

168 1477 201 1546 5
248 1483 643 1576 οἱναγωγοὺς,
706 1488 1045 1575 περιφερεῖς
1064 1533 1083 1562 ,
1152 1481 1395 1560 ληπτὰς
1471 1485 1684 1573 μέσας,

1266 1581 1687 1681 γαστροίδεας,

246 1699 347 1760 οὐκ
374 1689 699 1779 ἀξοῦλως,
752 1692 924 1760 ἀλλὰ
971 1693 1269 1786 πόρρωθεν
1327 1719 1691 1760 κατεσκευα-

1476 1802 1687 1891 σμέναι

244 1899 398 1991 αὕθ’,
424 1909 600 1984 ὅπως
622 1904 1079 1998 ἀνεκλογίστως
1096 1910 1381 1982 πλεῖστος
1407 1901 1567 1984 οἶνος
1594 1909 1690 1972 ἐκ·

1498 2014 1653 2106 ποθῇ
1672 2039 1686 2054 ·

254 2117 377 2203 εἷθ’,
402 2124 557 2187 ὅταν
574 2121 685 2186 τὸν
710 2114 869 2185 οἶνον
898 2117 1089 2196 αὐτὰς
1107 2114 1413 2210 αἰτιώμεθ’
1438 2121 1688 2203 ἐκπιεῖν,

250 2223 677 2322 λοιδοροῦνται
692 2276 713 2314 ,
741 2229 1090 2319 κώμνύουσι
1122 2231 1202 2318 μὴ
1232 2231 1455 2292 ’κπιεῒν
1491 2223 1629 2292 ἀλλ’
1650 2224 1687 2300 ἢ

1507 2332 1649 2423 μίαν
1672 2360 1686 2374 ·

132 2462 207 2504 ιο
252 2447 293 2514 ἡ
322 2432 399 2506 δὲ
424 2439 725 2532 κρείττων
752 2443 791 2511 ἠ
830 2432 920 2530 μί’
956 2436 1091 2504 ἐστὶ
1107 2436 1331 2528 χιλίων
1359 2437 1691 2528 ποτηρίων.

120 2571 299 2622 Versu
350 2588 377 2623 1
430 2568 563 2623 libri
614 2555 733 2624 εἶτα
790 2561 1224 2644 κεραμεῦσαντα,
1275 2581 1403 2637 quae
1448 2565 1695 2620 correxit

122 2657 359 2730 Bergk„
388 2656 653 2730 idemque
681 2675 743 2712 v.
768 2659 803 2720 4
826 2655 1058 2728 vulgata
1076 2647 1205 2731 φασὶ
1224 2649 1269 2708 δ’
1288 2649 1547 2710 αὐταῖσιν.
1568 2653 1621 2710 Τ
1621 2649 1692 2708 οί·

120 2767 248 2819 χρυς-
262 2789 279 2813 ,
298 2745 459 2800 velut
476 2746 729 2819 parietes
746 2743 865 2798 sive
879 2743 1061 2797 latera
1083 2741 1429 2815 poculorum
1445 2783 1461 2810 ,
1488 2741 1697 2814 quibus

122 2834 391 2888 lateribus
412 2832 869 2908 prehendanmr.
895 2831 991 2900 lis,
1036 2830 1137 2904 qni
1178 2829 1297 2884 haec
1334 2829 1537 2883 recitat
1555 2870 1574 2903 ,
1601 2846 1696 2883 ca·

122 2925 291 2979 misse
311 2924 398 2978 ait
422 2923 645 2998 pocula
661 2921 943 2991 virorum,
960 2937 1122 2975 mero
1152 2916 1330 2974 fundo
1353 2918 1691 2975 constantia.

124 3014 189 3064 V.
216 3012 247 3065 3
270 3012 513 3069 Casani».
532 3030 675 3087 χωρ.
706 3028 821 3085 pro
842 3006 1197 3085 δωροῦντζν.
1226 3003 1261 3060 5
1286 3002 1491 3073 ληπτὰς
1515 3000 1697 3079 μέσας,

116 3098 531 3174 preaemibiles
568 3098 692 3155 sive
718 3105 879 3173 aptas
916 3093 993 3151 nd
1032 3092 1501 3169 prehendendum
1536 3102 1699 3169 parte

113 3186 305 3241 media
324 3227 345 3255 ,
374 3186 493 3249 τοῖς
516 3182 739 3261 τοίχοις.
789 3184 1033 3239 Pessime
1058 3182 1193 3236 libri
1230 3176 1443 3244 λεπτάς.
1478 3179 1701 3235 Ibidem

118 3276 199 3327 illi
241 3268 631 3352 γειστροιΐδας,
676 3271 779 3327 sed
822 3281 981 3326 recte
1024 3270 1197 3327 Mein.
1231 3264 1571 3344 γαστροίδεας
1609 3284 1700 3322 se—

110 3360 373 3415 cundum
394 3360 665 3418 Eustath.
692 3358 769 3414 ad
800 3356 1003 3431 odyss.
1032 3376 1095 3431 p.
1126 3354 1301 3424 1648,
1350 3355 1448 3415 28.
1464 3358 1699 3412 Versum

116 3468 185 3503 10
208 3468 281 3505 ex
298 3460 477 3524 parte
500 3450 648 3505 citat
671 3448 883 3503 Athen.
922 3463 943 3500 1
960 3464 1016 3520 1,
1036 3462 1098 3519 p.
1128 3442 1337 3515 460,C.
1496 3466 1505 3475 ·

891 3572 946 3610 α.

184 3678 487 3749 narpocr.
532 3692 599 3747 p.
632 3678 733 3743 47,
766 3669 801 3726 3
849 3689 861 3723 :
898 3664 1087 3745 κυρίως
1130 3664 1369 3743 ἕλε’γοντο
1409 3665 1703 3743 βωμολό-

102 3786 141 3839 χ
152 3784 183 3819 ο
198 3786 219 3819 ι
244 3764 297 3820 οἱ
324 3760 423 3819 ἐπὶ
447 3763 557 3819 τῶν
580 3758 775 3816 Θυσιῶν
808 3754 913 3814 ὑπὸ
932 3753 1050 3821 τοὺς
1076 3751 1285 3833 βωμοὺς
1306 3753 1597 3821 καθίζοντες
1616 3752 1704 3811 καὶ

104 3848 247 3921 μετὰ
274 3846 574 3913 κολακείας
590 3848 1015 3926 προσαιτοῦντες.
1040 3840 1119 3900 ἔτι
1143 3840 1197 3899 δὲ
1227 3840 1317 3900 καὶ
1346 3842 1394 3899 οῖ
1418 3840 1705 3917 παραλαμ-

108 3936 401 4013 &erigat-eoi
416 3944 538 4001 ταῖς
550 3932 757 3999 θυσίαις
775 3930 1004 4004 αὐληταί
1023 3952 1078 3988 τε
1098 3928 1189 3987 καὶ
1210 3928 1444 4006 μάντεις.
1470 3928 1549 3987 Φ.
1568 3928 1703 4004 Τυρ.

214 4050 523 4139 Κᾶπειθ’,
564 4053 669 4116 ἵνα
709 4053 793 4140 μὴ
816 4096 839 4132 ,
882 4048 1032 4139 πρὸς
1079 4052 1239 4113 τοῖσι
1274 4048 1505 4135 βωμοῖς
1559 4069 1707 4110 παν-

1522 4158 1711 4239 ταχοῦ

726 4332 1122 4391 TYRANMS.

240 4510 459 4569 Deinde
480 4511 681 4569 confici
694 4430 983 4582 jusserulnt
1004 4509 1131 4565 viris
1156 4506 1379 4579 qnidam
1408 4506 1599 4579 pocula

246 4600 383 4665 lata,
410 4601 533 4657 cine
558 4598 847 4664 lateribus,
874 4596 1098 4670 soloque
1120 4594 1294 4653 fundo
1316 4593 1641 4658 constantia,

254 4696 309 4741 et
342 4702 465 4759 qnae
507 4703 579 4743 ne
618 4684 895 4743 concham
934 4683 1161 4757 quidem
1195 4690 1483 4755 caperent,
1519 4680 1715 4737 similia

1348 4768 1714 4842 [gustatui-iix

268 4858 471 4919 sibimet
492 4869 679 4919 autem
699 4858 1007 4933 profundas
1027 4858 1231 4915 calices
1243 4900 1261 4927 ,
1286 4858 1437 4915 velut
1462 4870 1627 4914 naves

211 4951 243 4999 5
274 4948 491 5007 vinarias
530 4948 835 5017 rotundae,
880 4944 1273 5021 prehensibiles
1306 4942 1515 5001 medias
1524 4982 1549 5045 ‚⁹
1592 4956 1718 4999 ven-

272 5140 373 5181 uon
386 5134 613 5196 temere,
626 5126 731 5184 sed
748 5126 921 5199 longo
938 5140 1001 5183 ex
1028 5132 1277 5197 tempore
1288 5122 1369 5178 sic
1384 5036 1719 5190 τοξίιῗξίῗιῗὲἰ

268 5222 325 5270 nt
348 5232 457 5273 non
490 5216 715 5275 reddita
736 5214 953 5273 ratione
992 5212 1287 5285 plurimum
1316 5209 1514 5363 vinum[
1526 5206 1721 5352 ἓξὲξ·

3236 515 3346 568 109

1880 631 1974 698 ἀεὶ
2000 638 2304 724 λοχῶντες
2322 680 2341 715 ,
2379 634 2730 723 βωμολόχοι
2759 638 3085 727 καλώμεθα
3102 686 3121 722 ,

1878 736 2157 810 ἐποίησεν
2187 742 2218 804 ὁ
2252 739 2391 815 Ζεὺς
2419 733 2800 812 καπνοδόκην
2835 741 3102 835 μεγάλην
3123 744 3297 811 πάνυ.

1780 869 1958 923 Versu
2001 883 2027 920 1
2068 865 2200 920 libri
2241 864 2360 920 fere
2419 863 2509 922 καὶ
2565 863 2768 926 ἔπειτα.
2820 870 2934 926 Pro
2975 871 3175 947 βωμοῖς
3227 873 3348 930 duo

1782 953 1953 1012 codd.
1991 959 2153 1019 ναοῖς.
2183 955 2505 1012 Maussacus
2535 954 2671 1014 τοῖσι
2697 977 2808 1032 pro
2850 963 2978 1023 τοῖς.
3000 963 3072 1016 V.
3103 959 3136 1014 3
3165 982 3348 1030 καπν.,

1771 1040 2084 1112 fumarium
2107 1062 2126 1096 .·
2157 1038 2360 1112 κάπνην
2385 1043 2528 1100 dicit
2552 1047 2846 1121 Aristoph.
2870 1050 3042 1122 vesp.
3082 1048 3215 1118 143,
3243 1033 3350 1124 per

1780 1148 1952 1206 quam
1981 1130 2230 1205 effugere
2251 1141 2492 1188 conatur
2518 1150 2690 1190 senex
2716 1132 2902 1190 litium
2930 1153 3143 1192 anians.

1857 1351 2062 1412 Suidas
2091 1371 2148 1410 v.
2194 1348 2423 1430 Ἀράχνη
2467 1373 2480 1407 :
2534 1353 2612 1412 Φ.
2657 1355 2794 1432 Τυρ.
2838 1381 2864 1406 ιι
2907 1345 3024 1433 ’Ἆρ’
3066 1355 3350 1436 ἅράχνεια,

1778 1438 1956 1518 ὥσπερ
1987 1439 2103 1505 ταῖς
2131 1437 2375 1498 συκύαισι
2414 1439 2529 1506 ταῖς
2562 1444 2765 1513 κεναῖς;
2798 1467 2824 1494 n
2862 1447 2935 1501 Et
2959 1464 3017 1505 V.
3073 1447 3350 1505 Συκυαῖσι·

1778 1553 1804 1582 ι
1832 1517 1948 1605 ’Ἆρ’
1977 1526 2185 1607 ἀράχνι’
2213 1524 2394 1606 ὥσπερ
2425 1529 2544 1594 ταῖς
2579 1529 2824 1586 συκυᾶῗσι
2867 1553 2917 1588 τ.
2960 1551 3053 1609 κ.;
3087 1555 3114 1584 ι
3149 1536 3346 1596 Valck.

1779 1621 1965 1677 Diatr.
1994 1637 2058 1694 p.
2099 1617 2240 1694 169,
2263 1620 2338 1688 A,
2369 1623 2630 1680 σιπυαῖσι.
2663 1623 2891 1677 Rectius
2919 1620 3175 1681 σιπύαισι.
3204 1627 3350 1680 Bar·

1778 1726 1945 1784 pocr.
1971 1725 2035 1782 p.
2076 1707 2214 1778 166,
2244 1706 2314 1763 18
2345 1725 2360 1761 ι
2403 1705 2614 1786 οιτηρὸν
2651 1705 2860 1785 ἀγγεῖόν
2897 1709 3036 1766 ἐστιν
3083 1713 3118 1781 ἡ
3155 1711 3348 1769 σιπύα·

1780 1793 1890 1852 ἔστι
1920 1791 1975 1850 δὲ
2001 1790 2253 1858 πολλάκις
2278 1790 2426 1872 παρὰ
2459 1801 2566 1860 τοῖς
2603 1795 2840 1874 ἀρχαίοις
2883 1798 3153 1872 κωμικοῖς.
3195 1801 3352 1858 Alie·

1778 1901 1918 1938 num
1941 1870 2058 1961 'Ap’
2089 1891 2286 1938 natum
2307 1884 2538 1939 videtur
2565 1902 2638 1940 ex
2669 1885 2764 1962 ἀρ·
2791 1886 3006 1955 vicine,
3036 1889 3127 1942 vel
3155 1889 3235 1944 ita
3264 1890 3352 1944 vi-

1726 1954 1733 1975 ⁸
1781 1973 1987 2027 taverit
2020 1971 2223 2044 aliquis
2252 1970 2690 2047 producendam
2709 1974 3016 2028 secundam
3043 1976 3103 2029 in
3131 1975 3352 2054 cipe-Lm,

1781 2059 1944 2135 quod
1971 2059 2272 2116 ferendum
2313 2077 2516 2116 censeo
2547 2062 2608 2114 in
2646 2073 2822 2135 poeta
2858 2064 3202 2137 antiquiore.
3241 2069 3348 2121 Po·

1788 2157 1896 2204 test
1932 2166 2166 2222 quoque
2206 2156 2272 2204 ut
2310 2147 2414 2202 Ph.
2459 2147 2670 2205 dixerit
2698 2146 2982 2226 Ἀραχνίδι’
3007 2147 3187 2229 ὥσπερ
3211 2176 3264 2212 τ.
3297 2177 3350 2214 σ.

1782 2256 1829 2292 τ.
1858 2256 1912 2294 κ.

2545 2354 2599 2413 4.

1870 2459 2115 2532 Hesycb.
2149 2458 2388 2538 Γυμνῷ
2424 2457 2732 2538 φυλακὴν
2775 2459 3170 2520 ἐπιτάττειν
3205 2484 3218 2520 :
3259 2487 3357 2521 πα·

1789 2544 1966 2624 ροιμία
1993 2545 2080 2604 ἐπὶ
2103 2548 2206 2604 τῶν
2235 2544 2312 2621 μὴ
2336 2544 2594 2622 δεομένων
2619 2545 2950 2626 προστάξεως
2973 2547 3061 2606 διὰ
3100 2548 3160 2608 τὸ
3191 2552 3356 2625 ἄναγ-

1787 2633 1949 2699 καίως
1983 2633 2076 2690 καὶ
2123 2633 2286 2713 χωρὶς
2325 2632 2699 2700 ἑπικελεύσεως
2747 2639 2901 2693 τοῦτο
2955 2636 3224 2717 πράττειν.
3270 2641 3350 2698 Φ.

1786 2724 1921 2805 Τυρ.
1956 2748 1980 2774 «ι
2009 2725 2224 2782 Eadem
2240 2766 2256 2796 ,
2279 2724 2378 2782 scd
2405 2726 2608 2782 omissa
2635 2726 2989 2783 Plicrecratis
3015 2747 3358 2786 commemo-

1787 2817 2040 2884 ratione,
2069 2815 2343 2870 Proverb.
2377 2816 2548 2874 Coisl.
2584 2835 2682 2891 9¹·
2711 2816 3086 2872 Proverbium
3130 2819 3225 2872 alii
3262 2837 3356 2875 re-

1791 2905 1938 2960 ctius
1975 2905 2425 2979 interpretantur
2453 2922 2470 2964 τ
2513 2919 2571 2964 ν.
2602 2921 2734 2961 ann.
2768 2905 2844 2963 ad
2879 2906 3121 2966 Philem.
3155 2906 3352 2983 fragm.

1789 3012 1852 3068 p.
1884 2992 2020 3052 361.
2060 3018 2084 3043 »
2110 2994 2290 3049 Mee'n.

2292 3135 2484 3197 xvn.
2529 3136 2845 3198 ΧΕΙΡΩΝ.

1881 3309 1905 3335 ι
1945 3284 2152 3341 Drama
2189 3286 2531 3361 plerumque
2561 3286 2887 3341 Pherecrati
2929 3287 3234 3359 tributum,
3261 3288 3362 3345 sed

1794 3374 1867 3430 ab
1909 3374 2280 3430 Eratosthene
2319 3375 2471 3429 libro
2497 3394 2526 3445 7
2559 3376 2644 3429 De
2673 3375 2906 3447 antiqua
2934 3376 3215 3431 comoedia
3259 3380 3358 3432 Ni·

1795 3462 2106 3531 comacho,
2151 3462 2289 3517 item
2333 3462 2511 3518 veteri
2561 3472 2778 3536 poetae,
2813 3480 2922 3517 nec
2957 3463 3361 3519 confundendo

1794 3568 1926 3605 cum
1959 3548 2312 3605 Nicomacho
2339 3548 2587 3618 musico,
2617 3566 2788 3622 quem
2816 3548 3136 3604 Aristoxeni
3171 3568 3361 3623 aequa-

1794 3640 1910 3694 lem
1939 3636 2110 3693 fuisse
2135 3636 2334 3693 docuit
2360 3636 2634 3691 Bacchius
2659 3635 2885 3691 Introd.
2908 3637 3134 3697 innius.
3166 3656 3228 3712 p.
3259 3656 3360 3707 αα,

1795 3727 1881 3783 vel
1911 3744 2044 3781 cum
2083 3724 2413 3801 cognomini
2441 3734 2621 3798 poeta
2648 3742 2811 3778 novae
2841 3724 3165 3795 comoediae,
3191 3746 3363 3802 quem

1798 3814 2006 3869 Athen.
2034 3831 2093 3885 7,
2120 3831 2180 3886 p.
2212 3828 2348 3884 290,
2372 3812 2439 3881 F,
2463 3821 2521 3866 et
2547 3810 2707 3868 Stob.
2729 3810 2929 3866 Floril.
2960 3810 3058 3880 38,
3089 3830 3180 3881 10,
3207 3833 3363 3869 com-

1798 3909 2279 3956 memoraverunt.
2305 3898 2532 3954 Fabulae
2551 3909 2948 3972 argumentum
2977 3900 3141 3972 quale
3171 3900 3362 3971 suerit,

1800 4006 2008 4063 parum
2036 3988 2395 4063 exploratum
2417 3999 2528 4057 est3
2559 4004 2770 4061 magna
2806 3998 2996 4042 tamen
3018 4006 3086 4042 ex
3121 3999 3279 4062 parte
3307 3988 3368 4045 id

1798 4075 2136 4150 pertinuisse
2176 4074 2250 4129 ad
2292 4074 2758 4149 depravationem
2809 4076 2945 4130 artis
2986 4079 3210 4133 musicae
3228 4118 3245 4149 ,
3297 4095 3366 4134 ex

1800 4174 2064 4237 sequente
2087 4162 2408 4238 fragmento
2447 4162 2849 4239 intelligitur.[»
2879 4166 2929 4217 E
2957 4166 3130 4219 Mez’n.

1910 4328 2036 4385 dein
2055 4336 2324 4385 accusatae
2342 4369 2358 4396 ‚
2381 4328 2532 4400 quod
2559 4327 2692 4401 ipsae
2721 4327 2778 4384 id
2799 4328 3064 4393 biberint,

1911 4415 2304 4483 conviciantur,
2332 4415 2576 4486 iurantes
2602 4430 2660 4471 se
2677 4429 2792 4470 non
2819 4414 2924 4469 nisi
2947 4428 3112 4469 unam
3143 4415 3368 4469 calicem

3077 4500 3368 4569 [ebibisse3

1914 4598 1970 4647 at
1997 4590 2092 4647 illa
2118 4606 2228 4648 una
2257 4591 2380 4663 plus
2404 4598 2486 4647 est
2514 4604 2681 4662 quam
2705 4586 2856 4644 mille
2885 4587 3100 4661 pocula.

2569 4684 2623 4733 2.

1808 4768 2138 4837 Posteaque,
2163 4780 2255 4833 ne,
2283 4764 2539 4822 omnibus
2565 4778 2780 4835 semper
2798 4764 2908 4820 aris

1808 4850 2153 4921 insidianteS,
2181 4850 2489 4907 homoinem
2514 4848 2876 4922 appellemur,

1808 4939 2058 5011 suppiter
2085 4936 2216 4995 fecit
2241 4935 2540 4994 fumarium
2565 4951 2946 5009 permagnum.

2555 5030 2606 5078 3.

1811 5115 2006 5168 Nonne
2029 5111 2298 5169 araneola:
2316 5151 2332 5179 ,
2361 5110 2505 5167 velut
2533 5112 2588 5166 in
2617 5109 2854 5183 panariis
2879 5108 3140 5164 vat-uia...

2566 5204 2619 5252 4.

1816 5286 2017 5343 inermi
2036 5284 2288 5341 excubias
2318 5282 2598 5339 mandare.
