3809 5850
473 362 586 411 496
1493 351 1762 412 MEDIAE
1803 351 2215 436 COMOEptAE
2259 355 2656 428 RELlQUlAE.

953 484 1023 542 X.
1075 481 1557 542 ΠΕΑΤΑΣἸἩΣ.

563 701 590 724 «ι
643 674 860 730 Eodem
906 675 1072 730 titulo
1114 673 1382 745 inscripta
1435 671 1542 726 fuit
1583 672 1779 746 Eriphi
1819 671 2039 741 sabula,

482 783 654 838 quam
683 763 880 819 laudat
903 763 1112 820 Athen.
1149 770 1206 830 4,
1235 781 1299 836 p.
1339 761 1470 834 137,
1491 764 1572 831 D,
1609 762 1710 816 ubi
1747 761 2048 818 Reinesius

477 851 731 926 Ephippi
756 869 968 908 nomen
993 849 1390 924 reponendum
1413 849 1656 922 putabat
1685 873 1711 898 ι»
1746 850 1797 903 E
1816 850 1902 906 M.

1239 1014 1286 1050 1.

562 1147 765 1205 Athen.
799 1143 854 1215 8,
890 1163 950 1218 p.
999 1151 1135 1214 247,
1180 1145 1224 1198 B
1256 1161 1274 1199 .·
1310 1141 1404 1198 οὒκ
1436 1141 1606 1217 ἀγνοῶ
1634 1139 1679 1198 δ’
1711 1138 1790 1197 ὅτι
1817 1140 1884 1198 τὰ
1916 1139 2050 1199 αὐτὰ

484 1235 502 1310 (
524 1235 664 1290 dicit
691 1251 883 1288 versus
902 1232 974 1287 de
1003 1231 1147 1287 duce
1169 1231 1549 1286 Macedonum
1575 1231 1853 1305 Geryonis
1873 1230 1943 1288 fr.
1981 1250 2003 1286 1
2026 1231 2043 1307 )

481 1320 684 1399 εἴρηκεν
718 1316 853 1399 Ἔφ.
896 1319 995 1377 κᾶν
1043 1320 1328 1396 Πελταστῇ
1372 1319 1448 1395 τῷ
1491 1313 1738 1396 δράματι,
1765 1321 1840 1377 ’ἐν
1883 1307 1928 1400 ᾧ
1956 1319 2046 1376 καὶ

482 1414 651 1466 ταῦτα
681 1407 894 1472 ἐκείνοις
920 1403 1291 1464 ὑποτέτακται·

578 1539 844 1606 Τοιαῦτᾶ
873 1540 924 1606 θ’
961 1539 1156 1604 ὑθλῶν
1183 1531 1419 1604 δειπνεῖ
1449 1537 1554 1603 καὶ
1591 1532 1665 1631 ζῇ

579 1640 1022 1738 θαυμαζόμενος
1042 1694 1061 1728 ,
1101 1641 1256 1734 μετὰ
1290 1642 1644 1737 μειρακίων,

585 1757 652 1819 οὐ
683 1753 1034 1846 γιγνώσκων
1063 1747 1274 1840 ψνῐφων
1304 1749 1610 1842 ἀριθμοὺς,

586 1858 795 1950 σεμνὸς
831 1863 1058 1948 σεμνῶς
1084 1845 1329 1948 χλανίδ’
1356 1857 1574 1920 ἕλκων.

487 2007 663 2058 Versu
709 2020 732 2057 1
777 2001 950 2058 codd.
1002 2000 1266 2055 inusitate
1317 1997 1599 2073 producta
1649 1999 1846 2071 priore
1893 1995 2051 2052 verbi

489 2091 654 2147 ὑθλῶν
682 2089 896 2162 syllaba
910 2129 925 2157 ,
956 2082 1173 2144 Τοιαῧθ’
1195 2083 1378 2141 ὑθλῶν.
1429 2085 1606 2158 Origo
1647 2083 1842 2139 mendi
1869 2083 2050 2138 mani·

487 2177 659 2234 festa?
676 2178 744 2235 V.
779 2176 811 2230 3
835 2171 874 2224 ἐι
909 2174 966 2230 οὐ
995 2169 1298 2248 γιγνώσκων
1331 2172 1501 2248 (libri
1529 2165 1836 2245 γινώσκων)
1860 2167 2051 2248 ψήψων

486 2260 735 2339 ἀριθμοὺς
765 2262 1077 2337 proverbio
1103 2259 1286 2317 dictus
1306 2260 1534 2315 videtur
1555 2259 1732 2314 homo
1755 2259 2049 2332 imperitis·

484 2353 679 2408 simus.
706 2356 774 2410 V.
807 2359 836 2418 l.
861 2346 1048 2424 σεμνὸς
1065 2349 1297 2424 σεμνῶς,
1317 2359 1386 2404 ut
1407 2348 1689 2406 Herodot.
1718 2365 1778 2420 a,
1803 2347 1913 2417 173
1950 2367 1961 2402 z
2000 2349 2054 2405 ἐν

491 2436 656 2518 θρόνῳ
681 2440 858 2515 σεμνῷ
885 2433 1074 2512 σεμνὸν
1105 2433 1386 2494 θωκέοντα.
1427 2437 1553 2492 Alia
1591 2434 1762 2506 hujus
1799 2439 2055 2510 agnomi-

489 2527 736 2582 nationis
753 2526 1012 2598 exempla
1037 2526 1224 2581 attulit
1249 2523 1498 2580 Lobeck.
1523 2524 1766 2597 Paralip.
1809 2540 2050 2596 gramm.

1244 2742 1296 2779 2.

470 2859 481 2867 ¹
569 2849 730 2906 Idem
751 2867 804 2919 7,
826 2868 886 2923 p.
924 2848 1060 2923 289,
1079 2850 1146 2922 B,
1170 2848 1242 2904 de
1261 2849 1584 2904 Menecrate
1609 2858 1664 2902 et
1687 2849 2007 2904 Nicostrato
2032 2865 2046 2899 :

491 2934 802 3013 μνημονεύει
833 2935 879 2993 δ’
911 2936 1080 2993 αὐτῶν
1107 2931 1237 3013 Ἕφ.
1257 2935 1308 2991 ἐν
1346 2935 1532 3006 ssah„
1560 2932 1723 3011 λέγων
1753 2922 1888 3005 ὧδε,

590 3096 679 3159 Οὐ
705 3088 1092 3183 Μενεκράτης
1114 3089 1221 3181 μὲν
1250 3090 1505 3180 ἔφασκεν
1528 3083 1626 3155 εἶν’
1651 3094 1683 3154 ὁ
1716 3089 1861 3155 θεῶν
1898 3086 2049 3169 θεὸς,

493 3202 504 3234 ·’
589 3196 1002 3287 Νικόστρατος
1040 3185 1098 3260 δ’
1129 3190 1372 3287 Ᾰργεῖος
1391 3196 1582 3285 ἕτερος
1613 3188 1927 3284 Ηρακλῆς;

493 3348 668 3400 Versu
703 3360 728 3396 1
771 3340 903 3396 libri
939 3336 1021 3417 ἔφ.
1054 3326 1186 3395 εἶναι
1215 3340 1243 3394 ὁ
1293 3335 1433 3409 θεός;
1478 3336 1777 3394 deficiente
1823 3336 2055 3412 quidem

491 3446 659 3483 versu
737 3438 795 3483 et
861 3427 1095 3482 omnino
1169 3429 1338 3483 male.
1411 3426 1600 3481 Minus
1685 3424 2060 3499 probabiliter

491 3516 808 3590 Schweigh.
835 3502 966 3570 εἶναι
985 3512 1114 3579 Ζεὺς
1133 3510 1244 3579 θεός
1257 3514 1476 3585 ;,5ἰπιὶ1ε
1494 3513 1660 3568 simili
1681 3512 1955 3568 offecerit.
1972 3513 2057 3567 De

490 3604 650 3658 Jovis
691 3603 949 3677 potentia
996 3602 1072 3661 cf.
1116 3599 1283 3661 Iliad.
1328 3620 1366 3676 9
1406 3602 1602 3671 initi03
1639 3598 1732 3670 15,
1771 3598 2053 3669 104-108‚

491 3691 742 3765 AEschyli
789 3690 1034 3745 indicem
1067 3708 1164 3748 w.
1198 3686 1325 3753 Ζεὺς
1359 3684 1604 3765 βασιλεὺς
1640 3688 2052 3761 similibusque,

491 3781 647 3853 virg.
682 3779 880 3854 Eclog.
901 3776 959 3855 3,
987 3776 1088 3852 60,
1119 3788 1225 3834 etc.
1247 3800 1270 3828 σι
1299 3780 1386 3834 De
1414 3778 1736 3833 Menecrate
1757 3818 1772 3846 ,
1805 3776 2054 3849 Syracu-

491 3884 632 3921 sano
689 3866 950 3936 medico,
1017 3868 1118 3939 qui
1169 3882 1228 3921 se
1281 3867 1482 3921 Jovem
1533 3865 1807 3939 appellari
1856 3863 2055 3935 jussit,

491 3966 695 4029 praeter
723 3953 926 4010 Athen.
947 3951 1006 4010 h.
1033 3953 1102 4021 l.,
1129 3971 1185 4007 v.
1217 3953 1366 4009 Plut.
1409 3953 1618 4027 Agesil.
1660 3969 1712 4009 c.
1758 3970 1853 4025 21,
1883 3950 2057 4007 Clem.

495 4042 654 4097 Alex.
679 4042 867 4096 Protr.
887 4058 948 4114 p.
974 4037 1064 4108 16,
1081 4050 1190 4095 etc.
1221 4038 1515 4115 (inprimis
1533 4038 1734 4094 AElian.
1758 4042 1826 4096 V.
1856 4040 1933 4097 H.
1967 4058 2058 4107 ια,

409 4126 420 4137 “
495 4128 592 4187 51.
618 4123 825 4201 Both.)
854 4148 870 4196 3
915 4126 989 4182 de
1030 4128 1349 4183 Nicostrato
1371 4128 1620 4201 Argivo,
1659 4145 1829 4199 quem
1863 4128 2053 4183 Mene·

493 4224 674 4268 crates
701 4213 773 4268 ab
801 4211 1069 4269 herculeo
1087 4256 1102 4282 ,
1127 4214 1183 4271 h.
1213 4231 1264 4269 e.
1289 4214 1597 4284 comitiali,
1623 4214 1828 4269 morbo
1852 4214 2055 4269 libera·

493 4303 605 4371 vit,
638 4300 711 4355 ad
730 4300 1022 4355 Menandri
1048 4302 1248 4375 fragm.
1281 4318 1342 4375 p.
1384 4300 1512 4359 153.
1548 4302 1638 4355 »E
1666 4302 1753 4361 M.

1077 4464 1472 4519 PELTATUS.

493 4638 755 4710 Taliaque
772 4638 1014 4709 garriens
1037 4644 1221 4693 coenat
1245 4556 1476 4709 x¹aei⁰vitque

495 4742 622 4782 cum
647 4724 1041 4781 admirantibus
1059 4739 1186 4781 eum
1201 4722 1622 4796 adolescentulis
1652 4765 1667 4792 ,

499 4816 760 4887 ignorans
791 4812 1130 4870 calculorum
1157 4826 1418 4870 numeros
1435 4853 1450 4879 ,

497 4902 734 4959 fastosus
761 4901 962 4958 fastose
989 4900 1216 4974 pallium
1239 4902 1483 4957 trahens

1251 4995 1280 5040 2

501 5074 689 5133 Nonne
714 5075 1053 5129 Menecrates
1074 5086 1130 5129 se
1152 5088 1264 5128 esse
1287 5070 1506 5127 dicebat
1531 5071 1758 5128 deorum
1781 5071 1948 5127 deum
1971 5116 1984 5141 ‚

499 5170 548 5218 et
572 5162 908 5219 Nicostratus
921 5161 1150 5218 alterum
1178 5176 1236 5216 se
1267 5159 1593 5216 Herculem?

2894 484 2943 537 3.

2226 599 2385 658 Idem
2424 620 2483 676 9,
2508 619 2574 675 p.
2616 598 2749 668 580,
2778 600 2853 667 F,
2880 598 2983 652 ubi
3020 616 3187 652 usum
3230 597 3496 676 vocabuli·
3516 603 3651 676 γεῦμι
3716 557 3719 570 Ι

2142 686 2387 760 explicat
2413 704 2428 744 :
2455 681 2591 764 Ἔφ.
2625 683 2679 740 ἐν
2706 684 2868 742 next.

2334 845 2429 856 —-—
2458 797 2601 874 Eve’
2628 806 2810 888 ὄνων,
2846 806 3051 872 ἵππων
3092 803 3367 886 στάσεις,

2238 913 2340 979 καὶ
2366 915 2621 1006 γεύματ’
2648 909 2845 979 οἴνων.

2144 1041 2231 1096 Ita
2260 1039 2435 1098 Mein.
2468 1039 2626 1094 Libri
2660 1048 2859 1096 contra
2883 1047 3129 1094 metrum
3156 1031 3335 1091 ἵππων
3364 1055 3437 1092 τε.

2700 1201 2807 1262 Xl.
2856 1200 3145 1261 ΣΑΠΦΩ.

2223 1343 2431 1400 Athen.
2462 1343 2554 1413 13,
2578 1363 2639 1419 p.
2667 1342 2805 1414 572,
2834 1343 2896 1413 C,
2924 1343 2996 1408 de
3020 1343 3223 1398 scortis
3256 1361 3267 1394 :
3308 1340 3475 1403 καλῶς
3500 1336 3545 1395 δὲ
3567 1335 3664 1414 περὶ

2145 1429 2390 1488 τοιούτων
2414 1428 2547 1511 Ἔφ.
2577 1431 2631 1487 ἐν
2662 1431 2874 1508 Σαπφοῖ
2901 1451 3057 1507 φησιν

2340 1577 2437 1588 —-
2464 1531 2634 1606 ὅταν
2662 1536 2777 1632 γὰρ
2812 1537 2891 1603 ὢν
2926 1541 3051 1614 νέος

2244 1645 2562 1737 ἀλλότριον
2592 1646 2777 1712 ἔσθειν
2804 1641 2947 1731 ὄψον
2983 1639 3233 1720 ἐξελθὼν
3278 1642 3453 1734 μάθῃ,

2244 1745 2582 1842 ἀσύμὲολόν
2608 1776 2677 1817 τε
2698 1757 2869 1844 χεῖρα
2890 1743 3202 1842 προσὲοίλῃ
3240 1749 3414 1840 βορᾷ,

2243 1849 2481 1925 διδόναι
2500 1851 2762 1950 νομίζεις
2792 1857 2897 1922 τὸν
2932 1857 3003 1922 σὺ
3026 1864 3135 1931 τῆς
3160 1854 3369 1930 νυκτὸς
3388 1852 3581 1943 λόγον,

2148 1973 2335 2036 Versu
2362 1996 2387 2032 1
2420 1977 2703 2034 Dobraeus
2724 1973 2899 2044 ”Οταν
2930 1972 3088 2054 (γάρ)
3112 1996 3190 2040 τις
3224 1971 3297 2030 ὢν
3320 1995 3398 2049 ν.,
3416 1985 3477 2028 ut
3500 1969 3583 2046 γὰρ
3604 1973 3665 2023 sit
3717 2039 3719 2042 Ι

2146 2063 2417 2121 Athenaei.
2444 2065 2515 2120 V.
2546 2082 2579 2119 a
2604 2063 2737 2118 libri
2768 2062 2887 2122 ἀλλ.
2917 2058 3161 2119 εἰσελθὼν
3185 2059 3313 2140 ὄψον
3336 2057 3515 2116 ἐσθίειν
3528 2056 3663 2130 μάθῃ.

2146 2151 2331 2206 Metro
2360 2159 2579 2206 tantum
2606 2151 3017 2226 prospicientes
3049 2169 3063 2204 ι
3094 2149 3215 2206 ἀλλ.
3248 2145 3432 2218 ἐλθὼν,
3460 2158 3569 2214 etc.;
3584 2144 3664 2198 sed

2149 2239 2203 2294 ei
2225 2239 2445 2294 facilius
2458 2257 2751 2296 succurras
2763 2237 3069 2295 scribendo
3086 2234 3255 2294 ἔσθειν
3289 2255 3305 2294 :
3336 2236 3524 2310 quidni
3544 2234 3667 2289 enim

2149 2325 2211 2380 id
2244 2326 2487 2381 verbum
2516 2326 2874 2400 usurpaverit
2926 2324 3258 2400 Ephippus‚
3291 2334 3357 2380 ut
3384 2325 3663 2386 Homerus,

2150 2411 2457 2481 Hesiodus,
2482 2413 2776 2486 AEschylus
2793 2453 2810 2482 ,
2841 2413 3167 2488 Archippus
3192 2412 3447 2468 comicus
3466 2411 3667 2468 Piscium
3717 2429 3719 2460 ς

2148 2499 2466 2574 fragmento
2494 2501 2629 2558 Ath.
2664 2520 2724 2570 7,
2753 2520 2817 2575 p.
2843 2519 2985 2572 277,
3016 2502 3101 2558 F?
3138 2503 3335 2577 Ipsum
3362 2519 3495 2556 vero
3530 2499 3669 2556 εἰσελ·

2154 2584 2256 2644 θὼν
2283 2588 2621 2644 mendosum
2640 2599 2751 2658 est,
2780 2589 2853 2652 εἰς
2872 2590 2993 2646 sive
3012 2589 3063 2653 ἐς
3086 2600 3143 2646 et
3170 2585 3221 2655 ἐξ
3244 2591 3599 2658 commutatis,
3614 2601 3671 2644 ut
3717 2621 3719 2624 -

2149 2676 2305 2751 apud
2336 2674 2739 2732 Pherecratem
2774 2673 2967 2754 Δήρων
3018 2697 3073 2749 7,
3102 2689 3161 2733 et
3191 2675 3443 2751 Oppiani
3482 2675 3667 2752 cyneg.

2156 2783 2209 2832 1,
2244 2761 2381 2834 345,
2416 2775 2727 2838 aptumque
2768 2759 3011 2838 ἐξελθὼν,
3055 2783 3175 2837 quo
3212 2775 3449 2820 notatur
3482 2763 3674 2835 juvenis

2149 2853 2269 2906 vita
2294 2869 2415 2906 non
2456 2851 2802 2921 domestica,
2844 2852 2945 2908 sed
2980 2862 3213 2908 externa
3252 2853 3537 2927 cupientis.
3563 2853 3673 2916 VJ.

2150 2962 2184 2995 α
2208 2951 2265 2996 et
2287 2930 2355 3015 εἰ,
2374 2941 2625 3014 itemque
2647 2960 2680 2996 σ
2698 2950 2755 2996 et
2772 2962 2824 3009 υ,
2854 2939 3119 3009 confusis,
3142 2951 3209 2996 ut
3225 2941 3432 3014 passim
3464 2940 3556 3017 (de
3574 2960 3605 2995 σ
3624 2952 3673 2995 et

2149 3052 2179 3085 u
2208 3031 2407 3086 litteris
2431 3029 2506 3087 cf.
2526 3047 2661 3085 ann.
2688 3029 2765 3084 ad
2792 3030 2975 3086 Thuc.
3008 3048 3067 3099 a,
3106 3036 3180 3095 4⁰
3206 3049 3223 3099 ς
3258 3048 3321 3099 7,
3346 3014 3479 3103 ’1.0),
3500 3031 3677 3103 legitur

2150 3118 2333 3192 inepte
2378 3119 2436 3171 in
2472 3117 2633 3173 libris
2676 3114 2873 3174 διδόναι
2906 3114 3072 3190 νόμιζ’
3112 3114 3271 3173 αὐτὸν
3310 3113 3373 3172 σὺ
3414 3148 3493 3159 -·
3525 3116 3672 3190 λόγον.

2149 3204 2510 3283 significatur
2538 3206 2719 3275 hisce,
2760 3204 3033 3277 juvenem
3082 3206 3359 3260 conviviis
3394 3216 3674 3271 assuetum,

2148 3314 2217 3351 ne
2258 3293 2651 3350 meretricibus
2709 3292 2943 3366 quidem
2998 3292 3295 3351 abstinere.
3348 3292 3433 3350 Cf.
3478 3296 3675 3349 Terent.

2150 3386 2356 3438 Heaut.
2396 3401 2447 3451 ι,
2477 3399 2531 3452 a,
2564 3380 2659 3440 32.
3717 3382 3719 3389 '

2677 3500 2805 3561 ΧΠ.
2852 3501 3169 3562 duum.

2228 3666 2253 3689 ι
2292 3640 2428 3713 Quae
2472 3639 2675 3694 fabulae
2716 3656 2931 3694 nomen
2972 3639 3123 3709 fecit,
3164 3638 3391 3713 Philyra
3446 3639 3679 3693 meretrix
3716 3608 3719 3639 ³

2154 3728 2388 3782 fortasse
2416 3727 2614 3783 eadem
2641 3724 2777 3795 fuit,
2808 3724 2881 3781 de
2904 3742 3016 3798 qua
3036 3727 3229 3798 Lysias
3264 3744 3359 3799 ap.
3392 3726 3589 3784 Athen.
3612 3724 3679 3793 13,

2148 3835 2209 3891 p.
2246 3814 2393 3888 586,
2422 3818 2467 3870 Ε
2494 3836 2507 3869 2
2540 3810 2751 3889 Φιλύρα
2774 3811 2835 3890 γε’
2858 3834 2939 3872 τοι
2966 3810 3235 3870 ἐπαύσατο
3262 3812 3604 3891 πορνευομένη
3620 3814 3679 3869 ἔτι
3717 3870 3719 3873 .

2150 3900 2241 3958 νέα
2270 3892 2419 3959 οὖσα.
2450 3926 2473 3953 υ
2502 3904 2552 3957 Ε
2573 3904 2660 3957 Μ.

2230 4126 2437 4183 Athen.
2465 4144 2522 4195 7,
2553 4142 2616 4199 p.
2642 4124 2756 4181 286
2778 4166 2797 4193 ,
2823 4125 2899 4193 E,
2920 4123 2992 4179 de
3018 4124 3176 4197 pisce
3220 4121 3370 4199 βατὶς
3400 4122 3681 4179 testimonia

2147 4214 2494 4287 scriptorum
2524 4212 2765 4267 afferens
2790 4228 2805 4270 ε
2829 4202 2958 4288 Ἕφ.
2990 4208 3045 4267 δὲ
3070 4211 3098 4265 ὁ
3132 4210 3527 4287 κωμῳδιοποιὸς
3546 4212 3591 4267 ἐν
3608 4209 3683 4266 ‹1⁵1-

2146 4300 2279 4379 λύρᾳ
2312 4299 2539 4378 δράματι
2570 4297 2807 4377 (ἑταίρας
2837 4297 2884 4355 δ’
2912 4295 3077 4372 ὄνομα
3109 4301 3144 4368 ἡ
3172 4296 3439 4377 Φιλύρα),

3554 4419 3557 4421 ’
3638 4415 3681 4429 Q
3717 4424 3719 4427 .

2920 4471 2973 4519 3.

2228 4578 2284 4587 -
2316 4550 2430 4608 Ubi
2458 4550 2761 4617 asinorum,
2792 4565 3055 4622 equorum
3083 4549 3267 4615 statie,

2155 4646 2209 4694 et
2230 4638 2525 4711 gustatoria
2545 4638 2820 4692 vinorum.

2790 4771 2875 4826 SA
2882 4771 3092 4827 PPRO.

2222 4928 2293 4937 -
2314 4897 2369 4953 Si
2390 4894 2512 4968 quis
2530 4892 2675 4949 enim
2690 4889 2906 4962 juvenis

2153 4982 2342 5041 didicit
2362 4981 2528 5038 domo
2560 4974 2745 5050 egredi
2774 4976 2947 5033 aliena
2975 4992 3257 5035 comesum
3278 4980 3511 5052 opsonia
3530 5022 3543 5047 ‚

2152 5086 2333 5144 neque
2352 5068 2477 5126 data
2498 5064 2747 5140 symbola
2775 5080 3003 5121 manum
3028 5066 3155 5122 cibo
3185 5066 3395 5139 injicit,

2154 5156 2369 5214 censen'
2396 5172 2525 5213 eum
2552 5153 2723 5211 noctis
2750 5152 2973 5213 reddere
2992 5155 3301 5211 rationem?
