3809 5850
1563 401 1967 462 CRATlNUS.
3306 419 3381 470 59

896 549 984 604 29.

255 643 555 698 Eustathius
581 642 654 697 ad
693 645 863 699 Hom.
908 662 970 716 p.
1011 641 1182 711 1430,
1219 650 1290 708 24
1335 661 1348 700 :
1387 639 1473 699 ὅτε
1505 639 1559 700 δὲ
1589 641 1724 719 μέγα

187 737 325 807 φᾶρος
347 728 464 808 εἴπῃ
495 730 684 804 (Iliad.
732 731 792 800 8,
831 731 1010 806 220),
1053 729 1202 809 παρὰ
1253 729 1540 809 παροιμίαν
1586 733 1728 788 ποιεῖ

185 814 262 884 τὴν
298 817 542 894 λέγουσαν
585 815 702 875 ἐπὶ
747 820 980 896 χεῖρας
1023 817 1270 896 φέρειν,
1319 817 1477 894 ἤγουν
1526 816 1724 884 ἔνδοξον

183 895 320 974 εἶναι,
344 908 408 970 ὡς
436 904 520 961 ἐπὶ
549 907 653 977 (sic
677 907 836 982 lege3
863 908 995 961 libri
1025 905 1158 982 ἀπὸ)
1195 907 1298 962 τῶν
1329 906 1534 982 μεγάλα
1566 906 1721 982 φασὶν

182 991 340 1064 ἱμάτια
369 991 620 1069 ἐχόντων,
651 995 723 1057 ὣς
753 995 974 1070 (malim
1001 990 1172 1067 ὥστε)
1205 992 1416 1069 μείζονα
1459 985 1591 1051 εἶναι
1628 991 1723 1064 τὴν

181 1079 420 1150 ἓπιὸολήν.
453 1082 558 1158 Κρ.

259 1197 644 1288 Εὐπρόσωπος
687 1193 848 1279 ἧσθ’,
896 1195 1194 1288 ὀνόματος
1238 1187 1412 1261 οὐδὲν
1455 1195 1557 1262 ἐπὶ
1592 1201 1726 1286 χεῖ-

1373 1329 1470 1397 ρας
1501 1328 1715 1397 φερων.

180 1428 312 1504 ἤγουν
340 1433 393 1488 οὗ
409 1431 542 1511 μέγα
573 1431 714 1510 ἔχων
743 1429 908 1507 ὄνομα
927 1474 946 1507 ,
977 1428 1096 1488 οὐδὲ
1125 1429 1430 1511 φαινόμενος
1453 1429 1588 1490 κατὰ
1608 1429 1724 1498 τοὺς

182 1517 298 1574 οὕτω
324 1519 727 1597 μεγαλοείμονας
757 1522 826 1586 ὡς
847 1518 938 1577 καὶ
963 1517 1049 1577 ἐπὶ
1073 1521 1266 1599 χειρῶν
1289 1519 1459 1598 φέρειν
1483 1519 1574 1586 τὰς
1596 1517 1721 1600 ᾤας.

179 1605 436 1682 Ὀνόματος
487 1608 635 1666 οὐδὲν
679 1613 829 1666 valet
875 1607 1026 1667 οὐδὲν
1067 1609 1232 1684 ὄνομα
1248 1653 1263 1681 ,
1310 1612 1548 1668 docente
1598 1613 1721 1685 ipso

179 1698 456 1770 Eustathio‚
491 1719 596 1755 nec
629 1699 898 1756 ferendus
919 1699 1156 1757 Grotius
1191 1702 1456 1775 Excerpt.
1491 1719 1550 1776 p.
1585 1699 1719 1774 495,

179 1795 389 1857 vertens,

243 1877 460 1932 Nomine
484 1896 544 1933 es
568 1881 886 1953 speciosus,·
918 1881 1079 1950 atqui
1095 1877 1254 1931 nihil
1274 1888 1386 1943 ese,
1412 1877 1564 1950 quod
1576 1897 1712 1932 ma—

1359 1962 1714 2035 'libasset-as.

881 2078 980 2138 30.

243 2185 381 2244 Idem
412 2189 488 2248 ib.
533 2210 596 2265 p.
661 2189 841 2260 1446,
875 2208 951 2263 29
998 2209 1012 2244 :
1064 2191 1096 2258 ἡ
1134 2186 1310 2265 ὡρίμη
1341 2185 1522 2262 κριθὴ,
1564 2191 1600 2259 ἡ
1629 2187 1720 2246 καὶ

181 2271 532 2350 ἅμφίκαυστ
549 2299 604 2343 ις
656 2273 804 2353 παρὰ
843 2274 1014 2354 Αἰλίῳ
1057 2275 1343 2353 Διονυσίῳ,
1383 2276 1612 2352 κωμικοὶ
1663 2275 1716 2334 δὲ

176 2359 334 2416 καὶέπὶ
351 2363 640 2438 γυναικείου
663 2361 846 2440 μορίου
870 2360 1031 2442 φασί·
1055 2365 1158 2440 Κρ.
1177 2361 1230 2419 δὲ
1251 2360 1345 2432 τὴν
1366 2361 1528 2440 ὀσφὺν
1557 2363 1720 2439 (pro-

176 2447 402 2507 babiliter
431 2455 606 2510 Mein.
658 2451 860 2520 πόσθην
894 2473 910 2507 2
940 2471 998 2509 v.
1032 2452 1212 2510 schol.
1249 2454 1540 2527 Aristoph.
1583 2455 1715 2510 Pac.

177 2535 300 2614 965)
325 2535 472 2607 οὕτως
511 2539 642 2618 ἔφη.
689 2541 936 2614 Hesycb.
967 2541 1203 2604 Καῧστις
1231 2558 1248 2599 :
1280 2542 1316 2610 ἡ
1361 2537 1570 2619 ἔκφυσις
1613 2543 1716 2598 τῶν

177 2623 402 2704 σταχύων,
426 2629 578 2708 πυροὶ
611 2625 988 2704 ἆδρυνόμενοι,
1019 2626 1112 2686 καὶ
1151 2627 1363 2708 χόρτος.
1403 2627 1463 2684 τὸ
1499 2627 1554 2686 δὲ
1589 2627 1718 2686 αὐτὸ

178 2709 252 2768 καὶ
280 2713 732 2794 ἀμφίκαυστις,
764 2713 854 2772 καὶ
891 2713 1168 2789 ἐπώνυμον
1194 2714 1496 2794 Δήμητρος.
1529 2718 1632 2796 Κρ.
1663 2715 1716 2774 δὲ

177 2799 248 2856 ἐπὶ
267 2807 344 2859 τοῦ
366 2804 536 2884 μορίου
565 2802 758 2872 ἔταξεν
793 2803 942 2864 αὐτό.
979 2806 1130 2861 Hinc
1155 2804 1364 2884 κριθὼν,
1391 2805 1558 2863 homo
1588 2808 1717 2862 libi-

178 2891 394 2963 dinosus,
421 2897 572 2979 apud
601 2895 952 2970 Hesychium
981 2896 1041 2951 h.
1075 2915 1132 2952 v.
1673 2899 1684 2908 '

877 3008 974 3066 31.

239 3118 376 3175 Idem
424 3122 499 3181 ib.
543 3141 610 3198 p.
675 3128 861 3197 1479,
916 3120 988 3187 43
1037 3137 1052 3178 :
1095 3118 1406 3199 ἀλέκτορος,
1443 3118 1580 3181 καθὰ
1626 3120 1717 3179 καὶ

175 3206 498 3287 ἀλεκτρυόνος,
529 3208 628 3268 καὶ
660 3208 788 3288 παρ’
817 3208 994 3275 ἄλλοις
1017 3206 1115 3286 μὲν
1145 3209 1357 3275 πολλοῖς
1387 3212 1603 3287 χρῆσις,
1626 3208 1718 3267 καὶ

173 3292 293 3373 παρὰ
322 3296 548 3377 Κρατίνῳ
568 3295 634 3355 δέ
663 3318 820 3376 φασιν
842 3297 895 3354 ἓν
917 3300 996 3377 τῷ

253 3406 560 3491 Κοκκόζειν
596 3412 718 3478 τὸν
756 3411 1100 3505 ἀλεκτρυόν’
1148 3416 1257 3477 οὐκ.
1293 3412 1644 3505 ἀνέχονται.

173 3532 302 3611 ἤγουν
315 3536 460 3621 ᾅδειν,
479 3541 549 3608 ὡς
569 3540 722 3617 αὐτῷ
743 3536 871 3605 ἔθος.
899 3540 1254 3615 Phrynichus
1269 3540 1504 3597 Bekker.
1532 3561 1597 3616 p.
1617 3560 1649 3597 2
1663 3560 1710 3615 1,

174 3633 230 3691 24
253 3646 266 3679 Ξ
294 3626 420 3707 ᾅδειν
461 3626 808 3708 ἀλεκτρυόνος
836 3629 1038 3705 (vulgo
1067 3630 1305 3699 ἀ-νας,
1347 3630 1508 3703 quod
1535 3632 1718 3686 minus

171 3714 356 3793 placet)
412 3720 666 3783 ἂττικῶς·
720 3714 780 3774 τὸ
826 3715 882 3774 δὲ
930 3716 1140 3777 κοκκύ
1157 3719 1290 3784 ζειν
1343 3716 1566 3792 κωμικοὶ
1611 3716 1716 3774 λέ-

171 3820 338 3871 γουσιν.

880 3918 978 3975 32.

234 4028 373 4087 Idem
411 4033 492 4089 ib.
525 4052 584 4109 p.
636 4030 812 4101 1484,
855 4030 930 4087 28
963 4050 978 4087 :
1023 4027 1490 4107 αἰγυπτιᾶζειν
1521 4026 1582 4087 τὸ
1607 4052 1718 4086 πα-

173 4120 366 4191 νωργείν
405 4114 494 4173 καὶ
529 4112 1052 4195 κακοτροπεύεσθαι,
1087 4117 1160 4182 ὡς
1193 4119 1222 4174 6
1249 4114 1512 4191 κωμικὸς,
1559 4114 1712 4195 φασὶ,

176 4199 256 4273 Rp.
284 4202 441 4271 δηλοῖ.

882 4316 975 4374 33.

235 4428 378 4485 ldem
405 4432 481 4487 ib.
513 4451 577 4508 p.
625 4430 798 4502 1751,
841 4437 914 4501 ¹¹7
958 4450 972 4487 ε
1014 4429 1338 4497 Ἀλκαῖος...
1373 4430 1716 4509 εἰδομαλί-

171 4507 195 4563 ὃ
203 4534 267 4581 ην
293 4512 384 4593 ἔφη
433 4518 752 4581 σκαπιτικῶς
795 4538 912 4595 τινα
959 4515 1045 4577 διὰ
1085 4517 1147 4575 τὸ
1185 4518 1610 4588 καλλωπίζεσθαι
1651 4519 1719 4577 τὰ

169 4600 290 4687 μῇλα
331 4607 420 4675 τῆς
458 4604 664 4684 ὄψεως,
717 4602 1055 4681 ἐρευθόμενον
1103 4606 1238 4679 δῆτα
1286 4608 1314 4637 '¹²
1329 4605 1716 4687 κωμικώτερον·

172 4688 304 4766 ῡὶιπερ
327 4692 588 4751 ἀνάπαλιν
619 4692 734 4772 ἔχοι
760 4691 824 4752 ἂν
848 4696 876 4751 6
895 4692 1043 4774 παρὰ
1070 4698 1145 4775 τῷ
1172 4694 1420 4773 Κρατίνῳ
1446 4694 1712 4775 ἀρρενώ·

172 4792 292 4847 πᾶς,
319 4781 380 4839 τὰ
410 4782 506 4857 μὲν
531 4782 674 4841 ἄλλα
702 4780 872 4861 γύννις
899 4780 995 4856 ὢν,
1021 4782 1159 4863 ἔχων
1180 4783 1308 4843 δέτι
1329 4783 1708 4866 ἀνδρόμορφον.

887 4954 976 5005 29.

1769 537 1778 602 1
1817 537 2018 604 Miror,
2052 534 2299 592 editores
2339 537 2625 610 patienter
2665 539 2857 594 tulisse
2903 536 2961 596 τὸ
3000 538 3386 620 κωμικώτερον,

1818 643 1998 696 quum
2026 625 2097 678 sit
2132 625 2545 698 ineptissimum
2580 637 2640 682 et
2674 628 2974 684 manifesto
3017 630 3381 689 mendosum.

1816 712 2141 766 Sci-ibamus
2189 709 2278 767 καὶ
2322 711 2705 790 μιμικώτερον,
2748 728 2807 770 et
2844 719 3204 777 lascivIOmm.
3244 722 3390 778 Ovi-

1817 799 1945 854 dius
1968 800 2135 858 Trist.
2168 819 2225 870 2,
2262 799 2375 858 515
2413 821 2427 855 τ

1896 906 2161 971 sci-‚ibere
2184 908 2230 961 si
2258 907 2342 963 sas
2364 920 2446 964 est
2471 910 2751 965 imitantes
2779 913 2969 986 turpia
2990 914 3211 971 mimos,

2554 1021 2649 1088 34.

1861 1145 1864 1150 ·
1894 1129 2055 1184 Idem
2080 1129 2161 1186 ib.
2198 1149 2259 1205 p.
2287 1131 2465 1206 1669,
2500 1133 2573 1199 46
2599 1133 2699 1207 (cf.
2734 1154 2797 1210 p.
2832 1155 2968 1209 777,
2995 1137 3097 1211 61,
3134 1149 3189 1193 et
3220 1139 3390 1210 1761,

1815 1235 1886 1272 21
1913 1218 1929 1292 )
1954 1235 1969 1275 :
1994 1216 2083 1273 τὸν
2104 1216 2279 1294 μωρὸν
2302 1216 2515 1296 οἴδαμεν
2541 1219 2662 1278 σάν
2679 1243 2794 1278 ναν
2824 1223 3132 1301 καλεῖσθαι,
3163 1228 3235 1291 ὡς
3286 1226 3391 1284 ἀπό

1813 1325 1949 1371 τινος
1975 1305 2154 1383 κυρίου
2187 1305 2471 1382 ὀνόματος,
2511 1306 2603 1365 καὶ
2644 1309 2944 1390 παράγεται
2984 1315 3091 1392 Κρ.
3120 1315 3389 1394 κωμῳδῶν

1813 1398 2043 1452 τοιοῦτον
2131 1395 2220 1453 τὸν
2290 1397 2711 1468 Θεοδοτίδην
2786 1399 3064 1462 σάνναν.
3157 1407 3393 1462 Photius

1812 1501 1873 1556 p.
1922 1491 2060 1559 499,
2090 1503 2188 1554 21,
2231 1482 2495 1542 Σάνναν
2525 1504 2539 1544 :
2566 1485 2653 1543 τὸν
2683 1485 2881 1565 μωρόν.
2907 1486 3068 1554 οὕτως
3094 1492 3197 1570 Κρ.

2549 1595 2643 1656 35.

1896 1707 2061 1766 Idem
2086 1708 2169 1766 ib.
2213 1725 2274 1782 p.
2315 1709 2488 1779 1761,
2526 1709 2625 1780 28,
2656 1729 2726 1766 ex
2753 1713 3131 1786 Aristophane
3169 1716 3386 1788 Byzan·

1815 1797 1937 1850 tino
1972 1813 1987 1853 :
2015 1793 2157 1872 λέγει
2202 1795 2537 1875 (significat)
2572 1795 2627 1854 δὲ
2659 1795 2748 1854 καὶ
2777 1791 3013 1866 λαπίζειν
3041 1797 3186 1878 παρὰ
3212 1803 3388 1882 Σοφο-

1813 1883 1931 1938 κλεῖ
1951 1880 2011 1938 τὸ
2034 1880 2284 1959 συρίζειν,
2305 1883 2395 1940 καὶ
2427 1881 2633 1962 βαυὸᾶν
2652 1883 2712 1942 τὸ
2731 1892 3015 1962 κοιμᾶσθαι
3038 1929 3055 1959 ,
3083 1879 3187 1946 οἷον

1974 1992 2044 2053 Ἥ
2077 1993 2131 2050 δὲ
2160 1995 2513 2074 προύκαλεῖτό
2544 2020 2610 2073 με

1896 2080 2102 2160 βαυὸᾶν
2131 2081 2245 2158 μετ’
2273 2083 2454 2154 αὐτῆς.

1811 2195 1949 2266 ὅθεν,
1979 2194 2141 2274 φησὶ,
2172 2194 2261 2254 καὶ
2285 2195 2431 2274 παρὰ
2458 2195 2704 2276 Κρατίνῳ
2728 2197 2789 2254 τὸ

1908 2312 2100 2406 Λόγος
2126 2337 2221 2390 τις
2246 2313 2465 2387 ὑπῆλο’
2494 2318 2657 2404 ἡμᾶς
2688 2315 2921 2407 ἀμαθὴς
2950 2312 3377 2408 συοὲαύῧαλος.

1809 2443 1901 2498 Sic
1933 2455 2089 2498 recte
2126 2445 2299 2498 Mein.
2334 2461 2444 2517 pro
2488 2439 2836 2508 συὸαόὸαλος.
2876 2446 3119 2518 Hesych.
3150 2444 3385 2504 Συοὸαό·

1811 2527 1967 2586 6αλοι
2001 2549 2015 2584 :
2044 2531 2183 2588 συῶν
2223 2527 2557 2607 αὖλιστήρια.
2598 2531 2832 2586 Photius
2864 2550 2925 2606 p.
2956 2530 3095 2604 557,
3144 2534 3200 2609 3,
3246 2515 3419 2592 Xuo-⁴

1810 2615 2073 2676 ὅαύὸαλοι
2120 2638 2133 2672 :
2179 2619 2231 2674 ἐν
2284 2607 2357 2682 οἶς
2401 2619 2451 2675 οἱ
2492 2617 2610 2684 σύες
2638 2616 2957 2688 εὐνάζονται.
2992 2645 3015 2670 α
3042 2623 3190 2682 Crat.
3232 2620 3385 2699 λόγον

1812 2703 2177 2764 συοὸαὗὸαλον
2250 2707 2479 2764 videtur
2536 2707 2738 2764 dixisse
2793 2726 3022 2764 carmen
3074 2711 3382 2782 incultum,

1810 2796 2003 2868 qualia
2032 2795 2403 2851 subulcorum
2420 2805 2578 2866 sunt,
2606 2796 2815 2868 quibus
2840 2816 2965 2854 sues
2985 2798 3311 2854 demulcent
3328 2812 3386 2856 et

1811 2886 2172 2961 consopiant.
2208 2880 2493 2943 Συὸωτικᾶ
2534 2883 2669 2960 μέλη
2700 2886 2843 2957 dicit
2880 2887 3087 2948 Pollux
3125 2893 3183 2957 4,
3227 2886 3321 2947 56.
3353 2913 3381 2971 ¹'.

1810 2975 1860 3027 Ε
1883 2974 1973 3031 Μ.
2004 2976 2387 3031 Restituamus
2407 2992 2628 3029 versum
2656 2974 2955 3031 heroicum
2979 2974 3261 3054 ἀκέφαλον,

1874 3087 2165 3181 -Λόγρς
2180 3113 2274 3164 τις
2288 3087 2507 3161 ὑπῆλθ’
2530 3088 2760 3179 ἀμαθὴς
2774 3084 3179 3169 συοὸαόὸαλος
3194 3096 3230 3164 ἠ
3240 3098 3356 3184 μοῖς
3366 3146 3379 3159 .

2553 3217 2627 3274 36
2638 3260 2651 3273 .

1889 3336 2201 3403 Ειιεῐῄειῑὶιιε
2224 3338 2297 3393 ad
2318 3339 2554 3394 Aristot.
2582 3340 2712 3399 Eth.
2747 3341 2969 3401 Nicom.
2994 3362 3055 3415 p.
3086 3344 3185 3412 65,
3212 3346 3279 3413 Β,
3313 3345 3384 3400 de

1808 3433 2081 3506 blm-gite,
2122 3444 2429 3505 poemate:
2462 3429 2601 3489 ἀλλὰ
2628 3431 2720 3489 καὶ
2749 3432 3085 3513 Ἀρχίλοχος,
3126 3435 3216 3493 καὶ
3253 3438 3382 3515 Κρ.,

1811 3517 1902 3575 καὶ
1960 3518 2308 3597 Καλλίμαχος
2354 3520 2407 3575 ἔν
2462 3526 2569 3586 τοῖς
2615 3521 2989 3599 ἐπιγράμμασι
3031 3530 3383 3604 μαρτυροῦσιν

1809 3604 2051 3685 Ὁμήρου
2073 3594 2206 3662 εἶναι
2228 3606 2289 3662 τὸ
2312 3603 2542 3681 ποίημα.
2574 3634 2600 3658 n
2626 3607 3011 3667 probabiliter
3034 3614 3381 3671 Archilocho

1808 3696 2205 3771 Aristophanis
2230 3713 2443 3751 nomen
2469 3698 2755 3753 substituit
2792 3696 3098 3759 Ruhnken.
3140 3702 3215 3757 ad
3248 3705 3293 3757 V
3296 3704 3382 3758 el-

1808 3786 1981 3840 leium
2034 3803 2087 3854 1,
2130 3782 2187 3853 5,
2225 3804 2286 3861 p.
2326 3802 2421 3852 20,
2462 3785 2634 3841 allato
2666 3789 2869 3842 Avium
2912 3806 3077 3844 versu
3108 3809 3223 3863 910
3253 3810 3384 3846 cum

1807 3873 2053 3929 scholio.
2092 3897 2115 3921 υ
2146 3874 2198 3927 E
2228 3874 2319 3927 M.

2550 3970 2639 4041 37.

1887 4082 2139 4138 Gramm.
2170 4082 2409 4141 Bekker.
2436 4083 2654 4141 Anecd.
2696 4102 2757 4157 p.
2803 4083 2937 4154 337,
2978 4080 3263 4159 16,Ἅγιος
3303 4106 3316 4140 :
3354 4090 3383 4141 6

1809 4167 2123 4245 σεὸοίσμιος,
2161 4168 2252 4227 καὶ
2294 4168 2439 4249 ἅγιον
2484 4169 2545 4227 τὸ
2590 4168 2879 4245 σεὸοίσμιον
2920 4169 3009 4225 καὶ
3055 4168 3247 4245 τίμιον.
3292 4171 3383 4227 λέ-

1807 4278 1951 4331 γοιτο
1978 4256 2023 4313 δ’
2050 4254 2113 4314 ἂν
2140 4256 2231 4315 καὶ
2254 4254 2451 4333 ἅγιος.ὁ
2475 4255 2690 4335 μιαρὸς,
2714 4256 2821 4314 ἀπὸ
2842 4262 2931 4316 τοῦ
2965 4255 3148 4332 ἄγους,
3172 4260 3243 4323 ὡς
3276 4258 3379 4336 Κρ.

1809 4370 1834 4398 α
1862 4347 1992 4419 Quo
2021 4348 2150 4402 loco
2176 4350 2276 4423 qui
2302 4350 2501 4419 utitur,
2539 4348 2844 4404 Ruhnken.
2880 4348 2954 4403 ad
2995 4348 3141 4405 Tim.
3170 4368 3227 4421 p.
3284 4350 3381 4417 13,

1807 4454 1917 4508 pro
1967 4436 2223 4511 Κρατῖνος
2264 4437 2495 4492 exhibet
2542 4433 2768 4513 Κράτης.
2810 4436 3061 4491 Eandem
3096 4436 3381 4511 significa-

1809 4525 2023 4578 tionem
2053 4522 2324 4594 adjectivi
2348 4522 2491 4598 ἅγιος
2515 4543 2582 4579 ex
2612 4525 2857 4597 antiquis
2880 4526 3262 4599 grammaticis
3293 4527 3381 4580 af-

1807 4611 1919 4668 fert
1964 4611 2285 4666 Eustathius
2316 4612 2389 4667 ad
2422 4612 2589 4671 Iliad.
2636 4632 2695 4686 p.
2734 4611 2905 4681 1356,
2945 4610 3020 4686 59
3052 4632 3067 4667 z
3112 4609 3249 4668 οὕτω
3289 4610 3381 4668 καὶ

1809 4696 1952 4773 ἅγιος
1988 4696 2134 4775 παρὰ
2159 4701 2266 4763 τοῖς
2303 4700 2547 4763 παλαιοῖς
2596 4700 2653 4756 οὗ
2676 4688 2857 4774 ’μόνον
2886 4700 2913 4755 6
2942 4698 3198 4777 καθαρὸς,
3242 4697 3383 4755 ἀλλὰ

1809 4785 1902 4843 καὶ
1929 4790 1957 4845 6
1986 4784 2203 4865 μιαρὸς,
2236 4785 2323 4843 διὰ
2349 4785 2411 4845 τὸ
2440 4791 2533 4845 τοῦ
2558 4786 2713 4863 ἄγους
2740 4787 3083 4864 διπλόσημον,
3114 4786 3167 4855 ἐξ
3196 4778 3253 4845 οὗ
3286 4786 3383 4845 καὶ

2552 4959 2639 5009 35.

177 5026 426 5095 speciosus
453 5046 516 5089 es
535 5073 551 5100 ‚
579 5033 834 5107 quamvis
871 5034 1010 5089 nihil
1039 5032 1248 5091 habens
1273 5036 1541 5104 nominis»,
1567 5034 1712 5108 quod
1805 5041 1997 5095 Sermo
2026 5038 2247 5111 quidam
2287 5038 2557 5107 insulsuS‚
2584 5040 2731 5097 velut
2756 5040 3130 5106 subulcorum,
3159 5054 3259 5095 nos
3289 5056 3376 5110 pe-

889 5126 949 5176 31
967 5164 980 5177 .
1437 5124 1715 5191 [ostendas

179 5200 350 5259 cauere
371 5206 582 5277 gallum
607 5208 966 5279 gallinaceum
1001 5225 1112 5267 non
1141 5212 1438 5282 patiuntur.

2550 5136 2635 5185 37.
3101 5128 3373 5196 [netravit.

1808 5214 1989 5267 Sacer.
