3809 5850
423 413 530 462 1¹0

1166 552 1217 587 1.

492 646 826 702 Plutarchus
852 647 939 702 De
960 663 1106 699 mus,
1144 663 1206 718 p.
1256 651 1407 710 1140
1440 646 1491 698 D
1514 661 1675 716 seqq.
1714 663 1729 697 ι
1772 639 1833 698 τὸ
1871 663 1980 698 πα-

409 733 556 791 λαιὸν
598 729 926 808 συμὸεὸήκει
963 729 1082 796 τοὺς
1134 728 1361 800 αὐλητὰς
1401 726 1549 808 παρὰ
1590 731 1697 786 τῶν
1752 731 1984 800 ποιητῶν

410 818 700 898 λαμὸάνειν
742 819 861 882 τοὺς
916 815 1159 894 μισθοὺς,
1214 813 1716 895 πρωταγωνιζούσης
1748 815 1986 888 δηλονότι

410 911 504 977 τῆς
530 903 821 976 ποιήσεως,
856 905 961 962 τῶν
990 903 1041 962 δὲ
1084 905 1323 973 αὐλητῶν
1356 901 1748 982 ὑπηρετούντων
1778 905 1883 968 τοῖς
1913 904 1988 960 δι-

411 992 717 1059 δασκάλοις·
742 989 957 1068 ὕστερον
986 989 1041 1050 δὲ
1060 989 1152 1048 καὶ
1180 996 1331 1049 τοῦτο
1352 989 1601 1069 διεφθάρη
1618 1034 1633 1063 ,
1668 993 1737 1056 ὡς
1759 989 1850 1048 καὶ
1870 993 1985 1052 Φε·
2027 1044 2031 1055 ,

1401 398 1817 459 COMOEDIAE
1858 399 2189 462 VETEms
2233 399 2648 472 RELIQUIAE.

2151 535 2175 564 *
2229 540 2262 600 ὁ
2289 533 2611 622 Τιμόθεος;
2651 545 2889 598 ΜΟΥΣ.
2925 534 3240 612 Μιλήσιός
3271 559 3370 611 τις
3409 535 3724 628 Πυρρίας

2140 635 2173 670 *
2223 640 2380 706 κακά
2434 665 2538 731 μοι
2587 643 2907 730 παρέσχεν·
2966 638 3138 717 οὗτος
3191 641 3502 716 ἅπαντας
3525 692 3550 718 .‚
3611 640 3724 706 οὒς

3473 748 3718 840 λέγω,

2224 848 2578 944 παρελήλυθ’
2615 844 2780 940 ᾅδων
2812 853 3208 944 ἐκτραπέλους
3245 855 3644 944 μυρμηκιαῖς
3667 881 3682 890 ·

2225 952 2335 1022 κᾶν
2373 959 2591 1047 ἐντύχῃ
2622 958 2739 1022 πού
2771 981 2880 1046 μοι
2903 948 3276 1048 βαδιζομένη
3323 959 3504 1050 μόνῃ
3527 1009 3550 1036 ,

414 1078 671 1161 ρεκράτην
717 1077 807 1137 τὸν
854 1079 1089 1155 κωμικὸν
1133 1079 1435 1156 εἰσαγαγεῖν
1474 1076 1569 1149 τὴν
1608 1074 1883 1148 Μουσικὴν
1929 1079 1982 1134 ἐν
2027 1058 2032 1132 Ι
2083 1058 2170 1130 25
2191 1058 2222 1093 ᾳ
2243 1065 2506 1130 ἀπέλυσε
2539 1063 2826 1152 κάνέλυσε
2855 1055 3102 1157 χορδαῖς
3135 1055 3414 1130 δώδεκα.

412 1167 692 1248 γυναικείῳ
742 1166 1016 1247 σχήματι,
1062 1165 1191 1239 ὅλην
1238 1166 1630 1246 κατῃκισμένην
1674 1167 1737 1224 τὸ
1794 1169 1982 1242 σῶμα·

414 1267 554 1318 ποιεῖ
582 1256 636 1315 δὲ
660 1255 757 1328 τὴν
798 1255 1147 1330 Δικαιοσύνην
1184 1255 1663 1332 διαπυνθανομένην
1691 1254 1787 1328 τὴν
1812 1256 1985 1316 αἰτίαν

414 1349 507 1418 τῆς
533 1342 710 1418 λώὸης
724 1387 743 1416 ,
775 1342 865 1402 καὶ
897 1343 993 1416 τὴν
1016 1345 1274 1422 λέγουσαν
1302 1347 1465 1423 (libri
1493 1344 1585 1404 καὶ
1624 1342 1722 1416 τὴν
1764 1343 1986 1417 Ποίησιν

412 1435 547 1510 My„
578 1455 704 1510 quae
728 1435 864 1491 falsa
890 1446 976 1492 est
998 1436 1417 1512 interpretatio,
1453 1437 1693 1510 antiquo
1726 1433 1905 1492 modo
1931 1447 1990 1492 et

411 1525 697 1600 eleganter
725 1523 867 1580 dicti
889 1520 985 1594 τὴν
1001 1543 1112 1600 pro
1133 1521 1349 1596 ταύτην,
1372 1525 1417 1584 i.
1447 1544 1501 1584 e.
1532 1522 1629 1595 τὴν
1656 1521 1984 1600 Μουσικήν),

562 1634 733 1717 Λέξω
770 1639 879 1731 μὲν
906 1641 1014 1704 οὐκ
1048 1635 1310 1705 ἄκουσα·
1344 1639 1441 1706 σοί
1474 1665 1545 1706 τε
1572 1639 1683 1734 γὰρ
1714 1641 1937 1725 κλύειν,

560 1746 695 1838 ἐμοί
722 1771 793 1811 τε
820 1739 1036 1827 λέξαι,
1063 1744 1245 1836 θυμὸς
1274 1737 1495 1822 ’ἡδονὴν
1526 1747 1676 1840 ἔχει.

560 1847 720 1942 Ἐμοὶ
748 1848 861 1944 γὰρ
889 1843 1035 1942 ἦρξε
1070 1859 1191 1917 τῶν
1223 1860 1427 1916 κακῶν
1464 1843 1952 1928 Μελανιππίδης

563 1961 622 2023 ἐν
666 1965 827 2024 τοῖσι
854 1965 1124 2050 πρῶτος,
1156 1955 1219 2035 ὃς
1241 1952 1447 2023 Meam
1480 1957 1661 2031 ἀνῆκέ
1704 1982 1815 2048 με,

468 2057 509 2128 5
560 2066 985 2157 χαλαρωτέραν
1020 2069 1079 2129 τ’
1111 2064 1359 2138 ἐποίησε
1393 2054 1641 2156 χορδαῖς
1662 2054 1918 2136 ,δώδεκα

567 2168 745 2261 (πρὶν
778 2161 976 2236 ἕνδεκ’
1010 2166 1244 2262 οὐσῶν)
1266 2195 1279 2210 ·
1311 2169 1455 2235 ἀλλ’
1482 2171 1645 2260 ὅμως
1673 2165 1847 2245 οὗτος
1878 2169 1989 2260 μὲν

660 2359 667 2368 .
1917 2304 1989 2348 Ἂν

566 2381 853 2474 ἀποχρῶν
890 2382 1035 2475 ἀνὴρ
1067 2382 1273 2475 ἔμοιγε
1304 2383 1448 2476 πρὸς
1476 2378 1561 2446 τὰ
1588 2391 1689 2446 νῦν
1724 2381 1885 2447 κακά
1903 2402 1920 2420 ·

520 2515 527 2524 ·
570 2485 867 2562 Κινησίας
896 2486 1011 2580 γὰρ
1030 2538 1047 2569 ,
1075 2491 1107 2552 ὁ
1142 2485 1573 2578 λακατάρατος
1593 2535 1611 2567 ,
1642 2481 1933 2566 Ᾱττικὸς,

564 2586 940 2686 ἐξαρμονίους
962 2589 1214 2685 καμπὰς
1239 2601 1430 2660 ποιῶν
1458 2596 1516 2660 ἐν
1540 2597 1673 2668 ταῖς
1692 2600 1992 2686 στροφαῖς,

436 2720 515 2766 ιο
566 2699 921 2766 άπολώλεκέ
960 2696 1023 2790 μ’
1061 2703 1282 2779 οὕτως,
1326 2703 1483 2766 ὥστε
1532 2709 1641 2776 τῆς
1690 2701 1991 2776 ποιήσεως

562 2815 687 2870 τῶν
714 2798 752 2871 δ
758 2801 1095 2898 ιθυράμὲων
1114 2855 1135 2883 ,
1161 2804 1425 2898 καθάπερ
1452 2809 1513 2871 έν
1540 2811 1676 2884 ταῖς
1704 2805 1955 2873 άσπίσιν
1975 2856 1994 2888 ,

566 2912 829 3004 ἀριστέρ’
866 2912 1059 2989 αὕτως
1089 2909 1366 3003 φαίνεται
1398 2910 1479 2978 τὰ
1500 2903 1695 2989 δεξιά.

488 3018 515 3045 '⁵
558 3008 718 3083 »ἄλλ’
751 3022 857 3083 οὐκ
886 3014 959 3083 ἂν
986 3016 1176 3097 εἴποις
1212 3017 1385 3095 οὗτος
1420 3015 1493 3092 ἦν
1522 3020 1685 3109 ὅμως
1712 3022 1876 3108 ὅμως
1896 3045 1910 3058 ·

570 3132 777 3215 Φρῦνις
811 3116 892 3207 δ’,
924 3118 1084 3190 ἴδιον
1120 3119 1440 3217 στρόὸιλον
1467 3118 1751 3215 ἐμὲαλών
1776 3149 1942 3207 τινα,

438 3222 515 3295 15
568 3228 872 3320 κάμπτων
914 3254 989 3323 με
1021 3228 1123 3296 καὶ
1158 3230 1427 3322 στρέφων
1458 3232 1605 3302 ὅλην
1638 3220 1958 3323 διέφθορεν,

567 3336 627 3400 ἐν
658 3337 837 3400 πέντε
857 3328 1107 3429 χορδαῖς
1137 3327 1367 3431 δώδεχ’
1410 3334 1898 3431 ἁρμονίαςιέχων.

568 3442 722 3514 Ᾰλλ’
756 3444 857 3515 οὖν
881 3449 1085 3544 ἔμοιγε
1109 3447 1329 3541 χοῦτος
1352 3446 1425 3523 ἦν
1450 3450 1732 3542 ἀποχρῶν
1756 3450 1903 3539 ἀνήρ
1925 3468 1941 3485 ·

574 3554 627 3621 εἰ
665 3554 778 3647 γάρ
807 3580 875 3619 τι
915 3553 1323 3648 κάξ-ἥμαρτεν,
1370 3553 1533 3633 αὖθις
1570 3550 1894 3621 άνέλαὲεν·

572 3666 605 3727 ὀ
638 3652 709 3724 δὲ
734 3659 1024 3750 Τιμόθεός
1057 3652 1150 3750 μ’,
1173 3658 1221 3724 ὦ
1251 3660 1522 3751 φιλτάτη
1549 3710 1566 3741 ,
1590 3662 1992 3753 κατορώρυχε,

426 3786 521 3829 20
571 3763 677 3829 καὶ
694 3756 1063 3829 διακέκναικ’
1074 3762 1388 3859 αἴσχιστα.
1410 3776 1567 3833 MK.
1588 3772 1767 3842 Ποῒος
1790 3764 1996 3831 οὑτοσὶ

1055 3976 1353 4057 CHiRON.

536 4149 729 4205 nicam
752 4148 899 4206 haud
921 4148 1087 4205 invita
1114 4170 1126 4206 :
1156 4069 1283 4207 niin
1310 4158 1365 4207 et
1391 4150 1489 4207 tibi
1509 4120 1696 4207 audire

532 4246 588 4294 et
613 4237 746 4293 mihi
774 4237 958 4295 dicere
981 4237 1185 4310 gaudet
1204 4240 1445 4297 animus.

538 4326 675 4383 Mihi
706 4326 874 4399 igitur
900 4327 1173 4389 malorum
1194 4326 1412 4385 initium
1436 4327 1563 4385 fecit
1582 4328 1996 4403 Melanippides,

540 4415 736 4471 horum
768 4415 997 4486 primus,
1025 4415 1117 4486 qui
1139 4422 1415 4488 acceptam
1440 4414 1651 4471 remisit
1670 4432 1782 4484 me,

464 4508 502 4555 5
540 4502 907 4559 flaccidiorem
938 4502 1169 4561 reddens
1196 4502 1413 4559 chordis
1432 4502 1747 4573 duodecim,

541 4590 735 4657 (quum
750 4587 1005 4644 undecim
1018 4594 1233 4657 essent)
1260 4608 1273 4644 :
1292 4597 1347 4645 at
1368 4597 1555 4646 tamen
1575 4590 1664 4645 hic
1676 4591 1899 4663 quidem
1919 4594 1999 4651 vir

532 4671 800 4729 ferendus
834 4673 939 4730 fuit
964 4674 1101 4732 mihi
1118 4716 1137 4745 ‚
1178 4683 1529 4749 eomparams
1554 4692 1685 4733 cum
1718 4680 2002 4748 praesenti·

587 4829 599 4839 .
700 4828 713 4841 θ
1664 4762 1802 4831 [bus
1824 4766 1998 4823 malis.

541 4830 776 4887 Cinesias
801 4830 947 4887 enim
969 4832 1316 4890 exsecrabilis
1334 4872 1349 4901 ,
1380 4835 1596 4893 Atticus
1612 4876 1629 4905 ‚

543 4917 870 4975 immodulas
896 4917 1101 4977 faciens
1126 4920 1381 4979 flexiones
1404 4925 1459 4979 in
1483 4924 1745 4998 strophis,

444 5009 509 5060 ιο
548 5002 785 5075 perdidit
816 5020 905 5061 me
926 5006 1031 5077 ita,
1062 5014 1131 5065 ut
1156 5022 1379 5080 poeseos

543 5088 1047 5163 dithyramborum‚
1083 5095 1549 5168 quemadmodum
1598 5099 1654 5155 in
1712 5100 2005 5158 ordinibus

1702 5190 2004 5258 [militum.

2079 1198 2171 1256 καὶ
2219 1197 2590 1278 Ἀριστοφάνης
2618 1201 2647 1256 ὁ
2689 1197 2922 1275 κωμικὸς
2971 1197 3290 1276 μνημονεύει
3337 1199 3714 1267 Φιλοξένου,

2080 1288 2171 1346 καί
2201 1309 2380 1366 φησιν,
2407 1284 2484 1343 ὅτι
2513 1287 2584 1352 εἰς
2610 1285 2727 1352 τοὺς
2760 1284 3000 1352 κυκλίους
3027 1285 3216 1365 χοροὺς
3245 1286 3392 1363 μέλη
3419 1289 3676 1362 deme-f
3696 1323 3711 1328 -

2080 1397 2231 1434 κατο.
2253 1377 2284 1407 ⁴*
2314 1379 2349 1445 ἡ
2379 1373 2433 1432 δὲ
2464 1373 2712 1446 Μουσικὴ
2735 1373 2879 1450 λέγει
2905 1378 3072 1432 ταῦτα
3104 1375 3308 1450 (vocat
3331 1377 3480 1432 hoec
3501 1419 3526 1446 ‚
3559 1380 3706 1432 scil.

2082 1467 2296 1539 cyclios
2317 1466 2524 1520 choros
2552 1483 2684 1519 cum
2708 1464 3083 1538 dithyrambis
3109 1465 3480 1542 permixtos)
3505 1507 3529 1532 ‚

2227 1578 2636 1676 ἐξαρμονίους,
2666 1576 3122 1674 ὑπερὸολαίους,
3158 1583 3486 1661 ἀνοσίους,

2225 1689 2330 1756 καὶ
2358 1689 2690 1782 νιγλάρους,
2711 1691 2910 1780 ὥσπερ
2934 1714 3007 1782 γε
3037 1687 3150 1767 τὰς
3171 1690 3500 1782 ῥαφάνους,
3529 1695 3704 1763 ὅλην

2227 1807 2484 1888 καμπῶν
2517 1821 2592 1883 με
2623 1798 3072 1887 κατεμέστωσε.

2083 1925 2164 1980 Ex
2197 1925 2442 1981 Chirone
2474 1925 2670 1980 sabula
2698 1925 2817 1979 haec
2863 1923 3122 1980 derivata
3167 1943 3290 1981 esse
3317 1937 3576 1982 constat
3622 1946 3708 1982 ex·

2083 2012 2433 2068 Nicomacho
2477 2015 2758 2070 Harmon.
2795 2031 2855 2081 2,
2895 2031 2953 2087 p.
2982 2011 3056 2069 35
3085 2014 3258 2068 Meib.
3304 2014 3642 2088 ιΤιμόθεος
3667 2019 3696 2069 ὁ

2085 2096 2344 2167 Μιλήσιος
2371 2096 2465 2167 τὴν
2493 2097 2770 2168 ἑνδεκάτην
2797 2095 3024 2176 (χορδὴν
3043 2101 3314 2179 προσῆψε)
3341 2099 3446 2158 καὶ
3479 2100 3688 2178 ἐφεξῆς

2086 2185 2237 2244 ἄλλοι
2257 2209 2270 2222 ·
2313 2185 2473 2244 ἔπειτ’
2522 2187 2593 2252 εἰς
2631 2186 3087 2256 ὀκτωκαιδεκάτην
3132 2188 3337 2266 ἀνήχθη
3365 2189 3590 2268 χορδὴν
3623 2192 3690 2246 τὸ

2083 2276 2279 2344 πλῆθος
2307 2274 2431 2354 παρ’
2479 2276 2678 2346 αὐτῶν,
2717 2273 2896 2354 ὥσπερ
2931 2273 3024 2333 καὶ
3052 2277 3130 2336 Φ.
3163 2280 3193 2334 ὁ
3219 2276 3465 2354 κωμικὸς
3507 2281 3568 2336 ἐν
3603 2283 3686 2358 τῷ

2085 2361 2486 2443 ἐπιγραφομένῳ
2540 2362 2768 2444 Χείρωνι
2811 2363 3281 2444 καταμεμφόμενος
3327 2367 3520 2423 αὐτῶν
3576 2371 3679 2436 τῆς

2083 2449 2294 2531 περὶτὰ
2318 2451 2452 2529 μέλη
2475 2449 2806 2532 ῥᾳδιουργίας
2824 2452 3082 2532 φαίνεται.
3105 2455 3470 2512 Pherecratis
3501 2475 3680 2512 versu

2086 2551 2120 2610 4
2164 2555 2317 2600 recte
2363 2545 2534 2600 Mein.
2579 2543 2634 2600 ἐν
2661 2549 2796 2602 τοῖσι
2815 2544 3021 2620 πρῶτος
3064 2563 3176 2620 pro
3213 2547 3268 2602 ἑν
3306 2567 3361 2601 τ.
3413 2543 3676 2623 πρώτοις.

2083 2635 2152 2689 V.
2193 2633 2351 2689 Reiz.
2397 2635 2484 2688 De
2524 2643 2788 2688 accentus
2835 2633 3030 2688 inclin.
3075 2652 3142 2707 p.
3185 2651 3282 2688 20.
3327 2637 3586 2691 Versum
3637 2636 3676 2686 6

2083 2720 2460 2795 probabiliter
2503 2721 2758 2794 explevi,
2804 2721 3112 2776 verborum
3141 2716 3344 2778 δώδεκα
3383 2735 3450 2777 et
3475 2721 3674 2780 ἕνδεκα

2084 2809 2512 2865 similitudinem
2554 2826 2750 2866 ansam
2797 2827 2966 2864 cot-ru
3009 2811 3153 2865 tioni
3203 2811 3428 2866 dedisse
3481 2825 3668 2867 ratus.

2083 2898 2244 2955 Libri
2259 2895 2379 2953 ἀλλ’
2395 2885 2508 2967 οὖν,
2529 2907 2594 2953 ut
2607 2915 2661 2956 v.
2691 2915 2757 2968 17
2783 2885 2911 2955 :bic
2933 2915 3022 2954 ουν
3039 2897 3346 2955 delendum
3364 2899 3478 2953 fuit
3493 2903 3673 2955 metri
3748 2960 3749 2963 Ἰ

2085 2989 2284 3062 gratia,
2321 2996 2602 3061 putesque
2634 3005 2694 3043 ου
2725 2998 3019 3043 uatum-ex
3051 3006 3122 3060 ομ
3156 2987 3371 3046 vicino.
3407 2991 3602 3043 Versu
3637 2990 3670 3042 8

2083 3070 2186 3151 γὰρ
2220 3092 2330 3149 pro
2370 3070 2425 3131 δὲ
2453 3073 2698 3131 Brunck.
2739 3071 3122 3152 Λακατάρατος
3173 3074 3417 3130 Meinelt.
3449 3094 3672 3131 secun-

2086 3161 2226 3218 dum
2255 3163 2524 3219 Photium
2544 3202 2563 3234 ,
2595 3160 3006 3238 Αακκατάρατοι
3041 3182 3055 3217 :
3087 3162 3135 3217 οἱ
3169 3160 3304 3235 ἄγαν
3337 3162 3666 3241 κατάρατοι.

2085 3248 2174 3307 καὶ
2203 3246 2630 3325 λακκαταπύγων
2665 3269 2678 3303 :
2711 3250 2738 3307 ὁ
2767 3246 2902 3322 ἄγαν
2943 3248 3282 3326 καταπύγων.
3313 3253 3386 3309 V.
3419 3252 3668 3307 Schnei-

2091 3340 2209 3396 der.
2230 3342 2369 3395 Lex.
2391 3358 2450 3395 v.
2477 3336 2584 3399 Λά.
2615 3339 2774 3395 Libri
2803 3335 2858 3393 δὲ
2889 3340 2916 3394 ὁ
2937 3335 3252 3415 κατάρατος.
3287 3362 3312 3388 ι
3337 3336 3667 3409 Ἀττικὸς,

2085 3446 2201 3482 non
2225 3428 2558 3502 peregrinus
2573 3468 2589 3497 ,
2611 3439 2676 3482 ut
2700 3427 3133 3503 Melanippide5‚
3157 3425 3430 3501 Phrynis‚
3462 3430 3666 3483 Timo·

2089 3516 2266 3572 tbeus,
2289 3540 2310 3563 υ
2334 3516 2382 3568 Ε
2398 3510 2483 3572 Μ.
2500 3517 2564 3570 V.
2585 3534 2651 3571 ια
2674 3516 2804 3570 libri
2827 3515 3097 3570 mendose
3111 3514 3288 3573 αὐτοῦ.
3302 3513 3448 3571 Dedi
3469 3513 3663 3579 αὕτως.

2087 3605 2152 3658 V.
2182 3602 2356 3667 13-14
2385 3603 2567 3659 miror
2599 3603 2733 3659 talia
2771 3603 2983 3659 diutius
3009 3602 3164 3659 ferri.
3203 3604 3435 3659 Manum
3475 3616 3669 3678 pocta*
3748 3638 3749 3645 κ

2087 3690 2232 3746 hanc
2259 3708 2370 3745 esse
2399 3690 2669 3762 conjicias
2699 3688 2881 3747 τᾶλλ’
2909 3689 3025 3747 οὐκ
3050 3690 3332 3756 ἀνεκτῶς
3369 3680 3565 3756 οὗτος
3591 3682 3666 3759 ἦν

2087 3776 2253 3853 ὠμός
2295 3777 2352 3852 γ’
2377 3774 2574 3852 ὅμως.
2601 3780 2794 3835 Nimio
2826 3790 3038 3835 conatu
3063 3780 3364 3855 Emperius
3407 3782 3556 3836 Diss.
3591 3781 3666 3835 de

2197 3976 2420 4033 sinistra
2439 3975 2581 4033 male
2603 3976 2892 4034 videantur
2919 3992 3044 4050 quae
3071 3978 3256 4035 dextra
3279 3986 3425 4034 sunt.

2191 4064 2306 4119 Nec
2329 4072 2512 4119 tamen
2529 4062 2946 4120 intolerabiliter
2970 4064 3060 4119 hie
3085 4065 3142 4119 in
3164 4080 3252 4120 me
3269 4065 3475 4129 saevii13

2193 4149 2424 4221 Plirynis
2443 4157 2649 4216 autem,
2670 4155 2886 4222 proprio
2909 4150 3150 4222 quodam
3178 4152 3382 4206 vortice
3403 4150 3604 4221 injecto
3619 4194 3636 4219 ‚
3748 4188 3749 4191 =

2092 4241 2158 4291 15
2195 4235 2420 4292 flectens
2447 4243 2763 4307 vertensque
2784 4252 2872 4291 me
2890 4244 3063 4292 totam
3090 4235 3444 4309 disperdidit,

2193 4331 2402 4395 septem
2423 4321 2642 4380 chordis
2663 4321 2956 4380 duodecim
2986 4324 3300 4381 harmonias
3321 4324 3626 4383 includens.

2195 4408 2565 4467 Nihilominus
2585 4408 2752 4465 etiam
2779 4409 2930 4465 hunc
2955 4410 3132 4469 virum
3159 4412 3296 4468 tuli:

2196 4512 2324 4552 nam
2343 4496 2390 4552 si
2418 4494 2552 4568 quid
2581 4503 2922 4569 pacaverat,
2949 4512 3140 4554 rursus
3167 4497 3226 4553 id
3253 4501 3574 4572 repat-alian

2197 4584 2294 4641 sed
2320 4583 2676 4651 Timotheum,
2705 4584 2910 4657 optima
2929 4583 3137 4642 femina
3159 4625 3174 4651 ,
3195 4602 3286 4643 me
3303 4588 3521 4660 sepeliit

2093 4676 2162 4727 20
2197 4672 2558 4744 contrivitque
2582 4671 2897 4729 soedissime.
2925 4676 3070 4729 Just.
3104 4674 3242 4746 Quis
3263 4674 3359 4731 ille

2197 4759 2557 4817 Timotheus?
2579 4766 2724 4817 Mem.
2752 4760 3003 4817 Milesius
3024 4760 3252 4833 quidam
3278 4763 3518 4837 Pyrrias.

2199 4850 2348 4903 Just.
2379 4845 2610 4902 Malisne
2645 4844 2736 4901 hie
2763 4845 2928 4902 etiam
2959 4854 3016 4903 te
3049 4846 3278 4904 affecit?
3324 4852 3470 4904 Mus.
3513 4853 3655 4907 Cun-

3158 4936 3168 5008 {
3193 4944 3310 4991 ctos
3339 4953 3482 5009 quos
3507 4940 3652 4995 dico.

2202 5022 2250 5076 is
2279 5021 2552 5091 superavit
2578 5020 2809 5078 insolitis
2828 5020 3336 5090 formicationibus3

2197 5114 2276 5167 et,
2299 5105 2590 5179 siquando
2610 5107 2744 5165 mihi
2761 5108 3064 5165 ambulanti
3087 5111 3190 5165 soli
3209 5114 3484 5179 occurrit,

2094 5199 2163 5250 25
2203 5208 2290 5249 me
2320 5192 2516 5265 mergit
2543 5209 2843 5267 rursusque
2867 5196 3074 5253 extollit
3095 5196 3316 5253 chordis
3347 5198 3652 5258 duodecim.
