3809 5850
1567 363 1640 424 Dl
1655 361 1943 422 PlllLUS.

253 495 328 565 τὰ
357 505 616 588 πατρῷα
643 497 844 588 βρύκει
871 494 972 563 καὶ
1004 498 1206 584 σπαθᾷ
1230 523 1242 536 ·
1271 500 1626 590 πορεύομαι.

256 599 384 668 Ᾰπὸ
416 597 736 693 συμῧολῶν
757 600 1026 692 συνάγων
1049 593 1119 668 δὲ
1146 607 1212 676 νὴ
1237 597 1336 668 Δί’
1371 604 1682 696 ἑτερόπους

259 703 530 774 ἐνέὸαλεν
553 706 635 785 εἰς
654 709 730 773 τὸ
759 707 1070 798 Κέραμον·
1100 708 1166 771 ὅν
1187 699 1248 796 γ’
1278 709 1610 798 εὑρημένον,

138 813 210 880 30
257 812 336 879 τὰ
363 808 660 906 κράσπεδ’
692 809 1136 898 ἀποθλιὸέντα,
1172 811 1274 878 καὶ
1303 814 1638 906 κεκραγότα

266 950 294 981 «
331 917 626 1012 Ᾰγοραῖον
658 915 901 1010 ὀψάριον
930 926 1126 987 ποιεῖν
1151 916 1244 996 τίς
1281 920 1608 1004 βούλεται,
1646 943 1682 978 »

261 1029 334 1090 ἐῶ
368 1029 516 1108 βοᾶν
536 1049 551 1063 ·
585 1022 828 1116 πληγὰς
867 1020 983 1116 γὰρ
1013 1025 1100 1090 ἔνι
1131 1020 1617 1117 προσλαμῧάνειν

262 1130 510 1196 ἐλθόντα
531 1177 550 1213 ,
584 1129 684 1194 καὶ
713 1131 826 1202 τὴν
865 1123 1029 1220 νύχθ’
1072 1130 1218 1200 ὅλην
1239 1120 1534 1196 διακονεῖν
1558 1155 1572 1169 ·

263 1236 328 1301 τὸ
357 1233 670 1326 μισθάριον
697 1232 810 1327 γὰρ
833 1229 905 1298 ἂν
935 1235 1232 1327 ἀπαιτῇς,
1279 1263 1312 1298 ι(
1347 1227 1560 1326 Ᾰμίδα
1589 1259 1694 1325 μοι

137 1335 210 1405 35
265 1343 462 1432 ἔνεγκε
498 1348 766 1434 πρῶτον·
806 1363 840 1396 >>
877 1337 1080 1430 φησίν·
1121 1367 1155 1401 «
1190 1331 1320 1416 ὅξος
1341 1345 1378 1412 ἢ
1410 1349 1570 1432 φακῆ

263 1451 366 1512 οὐκ
381 1442 536 1538 εἶχε.
567 1470 602 1504 »
625 1445 818 1512 Πάλιν
836 1445 1060 1533 ᾔτησας
1075 1469 1090 1484 ·
1118 1473 1149 1506 e<
1174 1445 1440 1536 Οίμώξει
1464 1443 1664 1538 μακρὰ

265 1559 501 1644 πρῶτος
541 1545 871 1643 μαγείρωνῙ
905 1575 939 1608 )>
974 1547 1152 1640 φησίν
1173 1576 1186 1591 ·
1221 1551 1394 1640 ἕτερα
1429 1551 1608 1642 μυρία

258 1667 515 1722 τοιαῦτα
539 1651 940 1748 καταλέξαιμ’
962 1651 1062 1721 ἄν.
1091 1649 1174 1721 Ol
1191 1647 1257 1721 δὲ
1292 1665 1388 1720 νῦν
1417 1652 1474 1722 σ’
1507 1653 1665 1748 ἄγω,

263 1762 528 1853 πορνεῖόν
561 1765 688 1828 ἐστι
705 1787 718 1800 ·
751 1767 1097 1837 πολυτελῶς
1127 1753 1376 1827 Ᾱδώνια

139 1868 220 1947 [ιο
269 1863 489 1960 ἅγουσ’
523 1871 762 1958 ἑταῖραι
799 1861 926 1957 μεθ’
959 1867 1172 1956 ἑτέρων
1201 1875 1426 1957 πορνῶν
1469 1859 1660 1955 χύδην
1682 1890 1697 1905 ·

265 1973 484 2040 σαυτὸν
511 1967 835 2049 ἀποσάξεις
852 1971 955 2038 τόν
963 1996 1034 2038 τε
1055 1969 1278 2037 κόλπον
1298 1971 1418 2038 ἀπὸ
1435 1979 1668 2062 τρυφῶν
1681 2022 1694 2036 .

139 2159 155 2180 ι
185 2136 263 2188 lta
293 2135 530 2206 Coquus
560 2131 634 2188 ad
669 2128 1045 2209 τραπεζοποιὸν
1077 2131 1324 2187 habilem
1352 2133 1700 2203 Draconem,

137 2239 500 2294 persuasurus
525 2220 610 2288 ei,
628 2229 696 2273 ut
719 2237 882 2274 smmi
909 2220 1286 2274 ministerium
1309 2215 1416 2273 sibi
1445 2217 1703 2286 addicat,

139 2317 184 2361 et
207 2309 586 2381 promittens,
623 2324 684 2362 se
703 2307 933 2361 nonnisi
960 2307 1129 2362 lautis
1161 2307 1436 2361 conviviis
1471 2323 1704 2380 operam

137 2393 626 2450 commodaturum
651 2411 788 2449 esse.
817 2418 842 2444 n
869 2395 937 2450 Ε.
962 2395 1046 2452 Μ.
1068 2397 1135 2450 V.
1167 2400 1200 2458 Ι,
1225 2391 1286 2450 ἂν
1307 2411 1416 2468 pro
1441 2389 1531 2448 ἐὰν
1567 2394 1702 2449 Din-

135 2481 276 2540 dorf.
299 2486 370 2542 V.
399 2501 439 2556 9
463 2478 812 2558 τούμπόριον,
836 2481 914 2536 cs.
939 2478 1182 2541 Ἀπολιπ.
1221 2501 1272 2551 ι,
1295 2480 1350 2540 3.
1371 2485 1440 2538 V.
1476 2501 1499 2536 1
1517 2500 1540 2537 1
1569 2481 1703 2536 libri

132 2567 376 2636 πηδάλιόν
396 2591 472 2638 τι,
496 2569 658 2642 quod
678 2571 930 2626 correxit
946 2569 1198 2626 Grotius.
1219 2572 1284 2625 V.
1317 2587 1384 2624 ια
1405 2569 1542 2625 libri
1563 2567 1700 2644 ἐξέρ·

135 2659 288 2734 ριψεν.
309 2661 383 2714 V.
419 2656 490 2711 16
512 2652 758 2713 ἐπιὸαλεῖ
781 2665 932 2712 recte
954 2656 1160 2712 Coraes
1181 2673 1288 2731 pro
1313 2651 1608 2713 ἐπιὸάλλει.
1635 2659 1700 2713 V.

139 2765 194 2814 ¹7
226 2771 248 2792 a
269 2742 457 2816 τιθεὶς,
483 2745 764 2799 calculum
787 2762 1028 2820 ponens,
1071 2755 1406 2819 computum
1430 2743 1664 2800 facicm.
1682 2769 1704 2792 n

133 2833 182 2889 Ε
254 2831 587 2904 Schweigh.
657 2833 956 2904 Qu-que
1017 2841 1420 2887 convectos-cm
1491 2831 1706 2886 viscera

3230 371 3345 422 6³9

1775 498 1893 552 vile
1936 506 1993 550 et
2028 494 2279 566 triviale,
2310 491 2477 565 quale
2509 491 2625 548 fere
2666 491 2895 550 illorum
2931 503 3087 563 erat,
3128 495 3227 568 qui
3273 493 3347 547 (le

1771 583 2047 658 symbolis
2090 580 2483 656 epulabantur.
2528 605 2552 628 υ
2600 581 2777 637 Mein.
2822 584 2889 636 V.
2938 579 3009 636 32
3053 579 3159 652 ἔνι,
3200 581 3255 637 b.
3288 601 3343 638 e.

1775 669 1971 742 ἔνεστι,
1990 672 2137 726 bene
2164 669 2394 726 Jacobs.
2418 667 2641 724 Additt.
2670 687 2731 742 p.
2760 687 2885 739 ¹70·
2912 671 3006 725 AB
3024 667 3238 728 ἔσταν.
3271 669 3345 725 38

1775 759 1948 834 vulgo
1988 746 2077 828 οὗ,
2126 757 2313 811 minus
2364 753 2597 830 quidem
2640 765 2813 813 recte.
2844 759 2914 814 V.
2964 757 3037 833 39
3076 759 3147 815 de
3186 759 3349 816 Ado-

1777 849 1884 903 niis
1909 867 1961 902 v,
1994 845 2057 904 L.
2088 843 2216 900 Bos.
2242 843 2437 918 Antiq.
2458 843 2559 901 Gr.
2585 861 2712 918 cap.
2749 842 2842 901 16.
2867 845 2933 902 V.
2964 851 3033 910 41
3067 846 3275 920 legitur
3292 868 3346 904 σ.

1779 931 2055 1000 ἀποτάξεις
2086 930 2174 990 τόν
2220 953 2276 988 τε
2319 952 2369 987 κ.
2413 929 2738 1010 ἀποτρέχων.
2769 932 3009 991 Casaub.
3055 931 3349 1002 ἀποσάξεις.

1782 1050 1804 1073 ι
1833 1021 2025 1080 Verbo
2055 1017 2473 1090 ἀποσάττεσθαι,
2503 1021 2645 1075 cibis
2669 1032 2921 1090 ventrem
2944 1024 3195 1094 implere,
3224 1042 3355 1078 usus

1780 1120 1862 1166 est
1878 1108 2138 1166 Philemo
2158 1108 2391 1184 Πτωχῇ,
2416 1126 2473 1166 2.
2506 1131 2530 1156 υ
2558 1108 2611 1162 Ε
2629 1109 2716 1165 Μ.
2741 1109 2889 1163 Male
2906 1120 3201 1165 servarunt
3226 1128 3356 1166 ver—

1779 1199 1921 1254 bum
1944 1193 2267 1275 ἆποτρέχων.
2290 1195 2506 1252 Similia
2529 1214 2565 1272 φ
2588 1205 2646 1250 et
2670 1214 2709 1269 χ
2728 1195 2790 1250 in
2812 1195 2990 1252 libris.

2042 1297 2065 1318 ⁶
2560 1315 2611 1372 3.

1863 1425 2117 1478 Stobaeus
2142 1422 2343 1481 Floril.
2380 1420 2487 1478 105
2510 1463 2528 1496 ,
2567 1419 2625 1490 5,
2658 1439 2789 1476 cum
2821 1419 3011 1482 lemn).
3052 1421 3270 1502 Διφίλου
3300 1427 3359 1480 ἐκ

1787 1510 2110 1590 Ζωγράφου.
2432 1573 2445 1586 ,

1885 1620 2346 1718 Ᾰπροσδόκητον
2367 1615 2538 1690 οὐδὲν
2557 1625 2884 1716 ἀνθρώποις
2910 1625 3095 1701 πάθος
3114 1650 3127 1665 ·

1886 1735 2203 1824 ἐφημέρους
2231 1727 2345 1823 γὰρ
2372 1725 2487 1807 τὰς
2518 1730 2705 1818 τύχας
2737 1731 3101 1821 κεκτήμεθα.

2268 1901 2443 1963 XXV.
2495 1903 2879 1962 ΗΡΑΚΛΗΣ.

1871 2049 2075 2105 Athen.
2118 2067 2208 2120 ιο,
2230 2067 2294 2123 p.
2314 2055 2385 2114 42
2401 2068 2449 2117 1,
2474 2051 2519 2102 E
2544 2067 2557 2101 z
2582 2049 2649 2108 Δ.
2672 2046 2717 2103 δ’
2736 2048 2787 2104 ἐν
2808 2044 3069 2124 Ἡρακλεῖ
3088 2047 3364 2125 περίτινος

1790 2137 1892 2192 τῶν
1939 2132 2130 2210 ὁμοίων
2170 2133 2301 2214 (τῶν
2330 2133 2679 2213 πολυφάγων)
2718 2133 3087 2212 διαλεγόμενος
3125 2133 3362 2202 διέξεισιν

1986 2303 2083 2314 --
2122 2257 2239 2356 Ep)
2274 2268 2387 2353 οὐχ
2421 2268 2559 2354 ὁρᾷς

1891 2362 2008 2442 ἤδη
2040 2366 2101 2434 τ’
2135 2365 2503 2461 ἀκροθώρακ’
2552 2368 2733 2453 ὄντα,
2782 2369 3264 2460 κεὺθυμοόμενον,

1890 2468 2055 2542 τονδὶ
2083 2466 2152 2541 δὲ
2182 2474 2399 2541 ναστὸν
2418 2525 2435 2559 ,
2471 2469 2765 2550 Ᾱστίωνος
2796 2467 3073 2564 μείζονα,

1891 2574 2009 2654 ἤδη
2041 2575 2259 2672 σχεδὸν
2290 2574 2634 2648 δωδέκατον
2656 2579 3075 2671 ἠριστηκότας

1795 2743 1955 2798 Libri
1982 2739 2119 2816 Ἐμὲ
2150 2740 2246 2820 μὲν
2293 2746 2395 2822 οὐχ
2429 2745 2553 2821 δρᾷς
2583 2739 2945 2800 πεπωκότα
2985 2739 3087 2812 ἤδη
3116 2739 3163 2798 τ’
3193 2745 3371 2820 ἀκροθ.

1796 2827 1922 2887 ὄντα
1962 2829 2052 2888 καὶ
2092 2829 2507 2906 θυμούμενον....
2538 2829 2887 2908 ἠριστηκότα.
2916 2833 3096 2887 Nemo
3137 2849 3255 2885 non
3282 2833 3373 2884 vi-

131 2922 356 2977 seorsim
381 2919 459 2975 ab
477 2921 779 2995 semetipso
798 2916 1124 2977 sacrificatae
1146 2919 1386 2975 victimae
1409 2918 1586 2975 edisse
1605 2920 1706 2989 ait,
1801 2919 1930 2989 det,
1958 2919 2077 2975 haec
2120 2921 2481 2996 interrogari.
2511 2920 2733 2977 Deinde
2775 2917 2871 2993 μὲν
2901 2932 3093 2976 ortum
3135 2930 3278 2993 puto
3304 2939 3375 2975 ex

132 3028 218 3065 sua
244 3028 366 3065 non
399 3010 861 3065 communicante
887 3008 1122 3065 sordido
1161 3009 1432 3065 nauclero
1453 3027 1585 3065 cum
1609 3028 1706 3063 so-
1796 3004 1896 3081 -μὲ
1932 3002 2121 3083 (ἐμὲ),
2163 3027 2279 3081 quo
2313 3018 2538 3066 servato
2567 3010 2626 3062 in
2668 3008 2808 3063 thesi
2850 3006 3195 3063 collocatum
3236 3016 3377 3063 esset

131 3099 236 3153 ciis,
255 3101 324 3155 V.
351 3116 422 3151 αι
452 3099 532 3151 sic
557 3098 726 3152 etiam
751 3096 998 3152 Eustath.
1019 3114 1078 3171 p.
1101 3096 1242 3170 946,
1270 3094 1366 3153 56.
1393 3096 1504 3152 Sed
1528 3096 1704 3173 codd.

133 3186 261 3239 PVL
282 3180 491 3253 λαθὼν,
527 3184 686 3257 quod
707 3184 841 3240 facit
873 3184 948 3240 ad
967 3185 1321 3243 sententiam.
1350 3185 1608 3240 Restituo
1631 3182 1707 3239 τὰ

130 3271 332 3327 ναῦλα
360 3268 474 3326 καὶ
503 3267 734 3327 δάνεια
762 3266 986 3328 λαὸὼν
1016 3270 1082 3347 ἔρ
1101 3268 1425 3349 υγγάνων.
1445 3275 1512 3327 V.
1540 3270 1708 3326 2313-

129 3358 210 3413 bri
252 3354 504 3431 ὓπὲμυξ’.
551 3358 871 3435 Schweigb.
905 3354 1136 3433 ὖπέμιξ’.
1186 3361 1256 3413 V.
1309 3356 1408 3428 28,
1463 3376 1538 3432 ²9
1577 3358 1710 3413 libri

127 3447 268 3501 mira
291 3445 673 3519 corruptione
703 3442 809 3501 ἀπὸ
839 3440 1006 3518 cupae.
1034 3440 1326 3521 συνάγοντα
1352 3441 1416 3511 νὴ
1441 3441 1524 3503 Δί’
1554 3440 1709 3517 ἕτερά

128 3555 224 3591 που
263 3534 336 3591 ἐν.
369 3534 444 3598 εἰς
471 3530 558 3589 τὸν
595 3554 649 3589 κ.
691 3529 1026 3609 ἀνευρημένα
1059 3534 1150 3588 vel
1201 3530 1552 3609 ἐνευρημένα,
1593 3542 1706 3589 etc.

125 3622 309 3677 Mein.
337 3639 354 3679 :
382 3644 406 3668 ι
431 3618 678 3697 Κέραμος
694 3620 846 3677 dicta
864 3638 995 3694 pars
1011 3638 1076 3676 ea
1089 3618 1200 3675 fori
1219 3620 1592 3693 Atheniensis,
1609 3621 1710 3674 ubi

123 3726 454 3782 coquorum
487 3717 606 3763 erat
642 3708 808 3763 statio
851 3707 984 3780 (qui
1019 3707 1180 3762 cibos
1217 3710 1278 3761 in
1307 3706 1557 3783 figulinis
1587 3708 1713 3762 ollis

1799 3092 1919 3168 ἐμὲ,
1949 3092 2237 3153 πἐπωκότα
2272 3106 2459 3150 autem
2498 3095 2700 3169 putida
2731 3106 2814 3151 ωε
2847 3095 3242 3171 interpretatio
3284 3098 3375 3152 τοῦ

1801 3176 2172 3258 ἀκροθώρακα.
2206 3205 2231 3229 0«
2254 3182 2497 3255 Hesych.
2522 3178 2831 3259 Ἀκροχάλιξ
2860 3203 2873 3238 z
2903 3178 3229 3259 ἀκροθώραξ,
3252 3184 3377 3256 ἡμι-

1800 3268 1980 3342 μεθής.
2035 3267 2252 3327 Eadem
2301 3267 2547 3325 aliorum
2587 3270 2997 3341 adjectivorum
3039 3288 3167 3325 cum
3216 3267 3375 3348 ἄκρος

1799 3358 2251 3432 compositorum
2281 3358 2431 3414 ratio
2475 3368 2575 3429 est,
2615 3359 2768 3413 velut
2802 3360 2893 3413 τοῦ
2934 3355 3253 3435 ἅκρόψωλος,
3290 3353 3378 3415 ἐπὶ

1801 3441 1973 3522 βραχὺ
1994 3443 2185 3522 ψωλὸς,
2207 3445 2266 3498 in
2292 3444 2513 3500 scholio
2534 3444 2607 3501 ad
2634 3442 2734 3519 Eq.
2763 3444 2915 3521 9603
2940 3444 3009 3502 cs.
3034 3444 3282 3501 Lobeck.
3306 3445 3378 3500 ad

1799 3532 1957 3607 Ajac.
1988 3530 2126 3599 285,
2150 3533 2355 3588 Coraes
2375 3533 2448 3588 ad
2466 3535 2779 3589 Xenocrat.
2804 3534 2888 3587 De
2910 3533 3065 3590 alim.
3093 3551 3162 3588 cx
3186 3543 3377 3606 aquat.

1798 3638 1858 3694 p.
1893 3618 2025 3678 180.
2062 3620 2326 3693 (Κεῦθυμ.
2362 3621 2576 3693 optime
2606 3620 2777 3675 Mein.
2817 3618 2931 3675 Sed
2980 3620 3143 3674 initio
3188 3636 3377 3676 versus

1799 3709 1986 3764 scribo
2013 3704 2433 3785 ἀκροθώρακ’
2466 3706 2591 3778 ἤδη
2640 3708 2687 3763 τ’
2728 3704 2875 3765 ὄντα.
2915 3705 3105 3785 Both.)
3137 3710 3313 3763 Versu
3344 3706 3375 3763 3

128 3796 458 3851 habebant:
483 3794 638 3850 unde
655 3812 891 3853 nomen.
917 3794 1086 3852 Both.
1114 3792 1132 3869 )
1165 3820 1187 3845 υ
1218 3798 1286 3854 V.
1316 3795 1389 3850 30
1416 3796 1551 3851 libri
1571 3796 1710 3852 ἀπο-
1801 3796 1934 3851 libri
1969 3796 2086 3851 sere
2124 3792 2208 3851 τὸν
2236 3794 2283 3851 δ’
2308 3791 2413 3851 ἴδεν
2438 3792 2595 3851 ἀστὸν
2626 3791 2702 3851 Ἄ.
2738 3794 2943 3867 μεῖζον,
2980 3814 3104 3868 quae
3133 3798 3382 3851 correxit

123 3880 392 3940 etiem-ea.
424 3878 748 3946 Ἀποθλιὸεὶς
781 3879 852 3939 τὰ
881 3904 995 3961 κρ.,
1029 3884 1248 3939 detritis
1274 3882 1523 3955 fimbriis
1557 3890 1707 3939 ince-

1802 3883 2053 3955 Heringa
2080 3880 2319 3937 Observ.
2346 3899 2409 3957 p.
2436 3900 2571 3956 279.
2600 3883 2933 3938 placentam
2960 3881 3101 3938 dicit
3124 3883 3395 3951 Astione„

125 3974 298 4036 dens,
339 3982 424 4026 est
459 3972 634 4025 homo
675 3988 894 4045 pauper
923 3970 1323 4046 negligensque
1343 4013 1359 4043 ,
1403 3972 1562 4044 cujus
1588 3990 1709 4027 non
1805 3972 1907 4045 qui
1946 3987 2163 4044 magna·
2191 3978 2413 4025 statura
2438 3972 2616 4027 homo
2642 3970 2814 4027 fuerit
2849 3990 3077 4027 necesse
3108 3982 3221 4043 est,
3258 3988 3376 4026 ma·

123 4060 194 4113 sit
238 4057 514 4115 habenda
549 4059 716 4115 ratio.
766 4060 834 4113 V.
894 4056 962 4113 31

235 4234 467 4297 paterna
491 4222 716 4282 devorat
741 4223 1148 4298 dilapidatquo:
1181 4226 1513 4298 proficiscor.

232 4310 536 4385 symbolas
557 4319 744 4368 autem
770 4310 1034 4383 colligens
1054 4311 1282 4368 claudus
1296 4353 1312 4381 ,
1347 4328 1443 4385 per
1466 4316 1654 4369 Jovem
1675 4354 1689 4380 ‚

233 4397 500 4455 invadere
527 4398 668 4454 solet
686 4401 1012 4466 Ceramum;
1035 4414 1198 4471 quem
1221 4401 1502 4457 inventum

123 4495 193 4543 3ο
231 4486 450 4544 detritis
471 4486 703 4543 fimbriis
719 4529 734 4555 ,
761 4494 816 4542 et
839 4488 1164 4545 clamantem

237 4601 266 4627 ι
297 4575 664 4649 opsoniolum
689 4574 905 4632 forense
923 4577 1048 4649 quis
1075 4578 1192 4634 vult
1205 4580 1481 4649 coquere?
1506 4602 1530 4625 υ

213 4664 362 4737 ‚sino
385 4662 646 4727 clamare,
667 4662 802 4733 quia
819 4661 993 4735 plagae
1007 4662 1381 4735 exspectandae
1403 4672 1535 4720 sunt
1557 4665 1605 4720 ei

232 4750 333 4820 qui
355 4750 432 4818 it,
464 4764 668 4822 perque
696 4756 910 4805 noctem
933 4758 1104 4805 totam
1139 4749 1581 4806 ministrandum.

235 4835 615 4894 Mei-cedulam
643 4835 792 4893 enim
819 4836 866 4893 si
894 4851 1120 4908 poscas:
1149 4860 1178 4885 «ι
1201 4835 1466 4893 Matutam

118 4930 188 4978 35
235 4924 482 4995 primum
510 4921 650 4980 affer
679 4922 843 4979 mibi!
875 4944 900 4971 ι
933 4920 1258 4994 responden
1293 4946 1317 4971 α
1344 4930 1560 4979 aestum
1599 4922 1717 4979 lens

235 5028 350 5069 non
379 5011 590 5070 babuit.
623 5014 840 5069 Rursus
881 5010 1168 5083 poposeisti
1207 5030 1217 5065 :
1266 5034 1292 5059 ιι
1323 5009 1558 5147 Munna}
1605 5009 1716 5082 plo-

1449 5100 1540 5165 [τε
1561 5097 1652 5162 ἦε,
1689 5121 1712 5146 ι»

243 5187 452 5257 iuquit,
486 5209 510 5233 a
541 5186 723 5256 prime
751 5189 1083 5255 coquorum!
1116 5206 1136 5229 -ι
1169 5182 1318 5237 mille
1349 5182 1452 5239 alia

1019 4084 1046 4107 a
1093 4057 1336 4136 ἀγοραῖον
1385 4055 1514 4137 ὄψον
1575 4060 1718 4115 dicit
1797 4058 2005 4135 jurem.
2042 4082 2067 4107 υ
2102 4058 2263 4112 ΕΜ.

1909 4220 2179 4297 ejusmodi
2222 4224 2575 4281 narraverim.
2603 4228 2725 4295 Quo
2748 4233 2929 4282 autem
2955 4240 3105 4283 nuno
3128 4235 3182 4283 te
3207 4226 3381 4293 duco,

1908 4311 2138 4383 lupanar
2153 4316 2239 4367 est
2270 4327 2285 4365 τ
2314 4320 2633 4384 sumptuose
2658 4310 2873 4369 Adonis

1802 4406 1873 4455 4ο
1911 4398 2187 4455 celebrant
2212 4400 2407 4457 auiicae
2436 4415 2562 4456 cum
2586 4400 2706 4457 aliis
2730 4402 2929 4459 scortis
2956 4402 3305 4475 promiscue:

1911 4487 2163 4561 implebis
2187 4494 2241 4544 te
2260 4494 2315 4543 et
2338 4486 2523 4545 sinum
2556 4485 2821 4544 frustulis

2552 4582 2604 4632 8.

1805 4648 2185 4734 Ine'xspectata
2210 4658 2362 4717 nulla
2383 4659 2705 4717 hominibus
2729 4662 2943 4719 miseria
2978 4682 2988 4715 :

1805 4748 1865 4805 in
1881 4748 2026 4805 diem
2051 4749 2197 4805 enim
2220 4744 2469 4805 fortunas
2482 4750 2813 4821 accepimus.

2385 4836 2795 4892 HERCULFS.

1877 4953 1945 4962 —
1974 4924 2068 4977 Me
2098 4936 2212 4977 nou
2238 4918 2390 4999 vides
2509 4988 2520 4995 ,

1805 5016 1861 5064 et
1875 5008 1992 5081 jam
2017 5006 2367 5063 semiebrium
2391 5022 2539 5075 esse,
2566 5015 2621 5063 et
2642 5008 2852 5073 laetum.

1807 5096 1959 5152 hunc
1984 5110 2109 5151 vero
2136 5102 2357 5151 uastum
2378 5098 2607 5153 Astione
2628 5098 2887 5170 majorem

1805 5184 1917 5255 jam
1944 5198 2109 5255 prope
2142 5181 2529 5239 duodecimum
2561 5182 2882 5255 prandisse?
