3809 5850
1544 431 2082 496 TussorouPUS.

338 565 577 660 (φίλος)
603 560 979 660 φιλοτησῖαν
1012 561 1084 634 δέ
1122 591 1217 633 σοι
1244 567 1580 660 προπίομαι
1598 593 1613 608 ·

232 699 303 744 ιο
346 669 535 752 δέξαι·
564 683 795 742 πιοῦσα
838 667 901 740 δ’
944 673 1165 742 ὁπόσον
1194 669 1268 739 ἅν
1295 697 1385 739 σοι
1414 673 1593 766 θυμὸς
1628 671 1705 767 ᾖ,

355 773 539 874 ταρέδ
543 807 605 858 ος
647 781 723 846 τὸ
752 787 1003 872 πρῶτον
1022 773 1039 846 !

218 917 427 968 Versum
448 929 473 966 ι
502 911 753 984 respexit
768 908 1085 984 Photiusp.
1111 925 1211 983 91,
1240 927 1343 980 10,
1366 903 1771 986 Θηρικλέους

212 998 423 1056 τέκνον
448 1015 467 1057 :
492 993 665 1067 κύλιξ,
694 994 761 1068 ἣν
784 994 1003 1070 λέγεται
1026 996 1229 1074 πρῶτος
1252 996 1577 1074 κεραμεῧσαι
1598 993 1769 1070 Θηρι-

205 1088 345 1155 ιλῆς.
376 1089 547 1144 versu
580 1084 616 1142 3
654 1085 789 1140 libri
822 1081 943 1161 ἄρα
966 1103 1091 1144 κατ.
1130 1080 1351 1161 φύσεως.
1376 1083 1620 1138 Metram
1646 1090 1771 1137 tur-

202 1174 391 1230 batum
428 1171 679 1228 restituit
714 1171 1020 1227 Jacohsius
1056 1169 1277 1226 Additt.
1316 1187 1377 1242 p.
1422 1167 1561 1227 252.
1613 1167 1689 1228 V.
1733 1175 1765 1236 4

198 1263 363 1337 vulgo
378 1256 597 1338 γεμίσω.
608 1261 793 1317 Recte
809 1258 1086 1334 Bergkius
1098 1255 1319 1316 Comm.
1333 1275 1391 1332 p.
1406 1255 1522 1323 408
1541 1257 1771 1313 atticam

195 1349 427 1404 formam
452 1348 771 1423 requisivit.
800 1345 983 1420 Γεμιιῗι
1010 1343 1061 1402 c’
1088 1340 1213 1416 ἐγὼ,
1243 1347 1379 1423 γραῦ
1396 1383 1416 1415 ,
1448 1345 1691 1418 Implebo
1717 1355 1769 1400 tc

191 1455 311 1510 ego,
336 1455 513 1504 anus,
544 1435 675 1494 scil.
698 1431 821 1510 οἴνῳ
838 1475 855 1505 ,
878 1433 1363 1510 quemadmodum
1390 1437 1517 1490 vini
1537 1434 1769 1508 plenum

190 1525 329 1579 dixit
348 1525 645 1580 Terentius
664 1525 807 1582 Hec.
830 1520 890 1594 5,
918 1520 973 1592 3,
998 1519 1097 1592 25,
1124 1531 1235 1580 etc.
1257 1521 1407 1580 Male
1424 1521 1573 1576 enim
1594 1519 1772 1577 edunt

190 1611 247 1666 Δ.
276 1607 347 1679 δὴ
376 1631 501 1686 γτμ.
526 1608 577 1666 σ’
606 1606 733 1684 ἐγώ.
778 1609 923 1686 Γραῢ
967 1609 1063 1678 9.,
1090 1609 1249 1684 quasi
1274 1608 1465 1664 verbis
1504 1606 1671 1684 δεῦρο,

189 1695 285 1772 ἐγὼ
309 1698 509 1755 dumo
535 1698 979 1772 compellaretur
1004 1698 1295 1772 poculum.
1318 1695 1399 1754 V.
1435 1693 1468 1752 5
1492 1695 1627 1750 libri
1648 1693 1767 1774 φιλ-

189 1783 341 1854 τάτη.
369 1787 640 1843 Correxit
667 1787 973 1842 Porsonus.
1011 1787 1081 1841 V.
1132 1785 1168 1841 6
1196 1779 1271 1854 ἕν,
1314 1783 1626 1840 Jacobsius.
1662 1785 1763 1842 Li-

192 1875 271 1931 bri
300 1873 425 1933 τίν’.
452 1879 523 1934 V.
559 1875 601 1934 8
640 1874 795 1930 idem
824 1874 975 1930 bene
999 1870 1167 1930 τάλαν
1194 1892 1304 1949 pro
1337 1869 1519 1937 τάλας,
1554 1873 1766 1948 Perpe-

195 1980 309 2018 ram
340 1962 572 2019 aliisub
598 1979 845 2037 persona
884 1963 1031 2018 servi
1068 1957 1188 2032 ναί,
1220 1957 1425 2018 τοιοῦτό
1466 1981 1534 2016 τι·
1562 1959 1675 2038 φιλ.
1708 1957 1765 2017 δὲ

276 2053 407 2106 «In
430 2052 679 2107 nomine
717 2047 959 2128 Σπινθὴρ
992 2069 1109 2105 non
1140 2059 1266 2106 erat
1303 2049 1463 2123 quod
1485 2048 1763 2104 haererent

188 2139 417 2194 uitici·
452 2140 593 2194 satis
629 2138 901 2212 frequens
940 2137 1002 2192 id
1028 2147 1143 2210 est,
1190 2147 1250 2194 et
1282 2136 1361 2192 ad
1400 2136 1765 2192 indicandam

194 2227 397 2284 servuli
417 2227 773 2284 celeritatem
790 2226 1175 2300 aptissimum,
1192 2225 1339 2281 sicut
1364 2221 1533 2295 ἀκτὶς,
1557 2241 1767 2280 nomen

195 2317 419 2385 servile,
452 2315 529 2372 de
556 2333 679 2390 quo
702 2314 940 2370 Pausan.
973 2313 1253 2369 Eustathii
1281 2331 1343 2387 p.
1385 2310 1533 2381 823,
1559 2309 1659 2371 28.
1680 2311 1763 2371 Cf.

196 2402 543 2460 Simonidem
594 2402 841 2460 Anthol.
894 2401 1181 2472 Palat.7,
1239 2419 1263 2456 1
1277 2420 1375 2472 77,
1416 2411 1476 2456 et
1517 2400 1765 2456 Dobraeo

194 2490 476 2546 laudatum
502 2491 831 2547 Aristonem
860 2489 947 2548 ib.
977 2488 1039 2558 6,
1080 2488 1214 2558 306,
1241 2488 1655 2561 Lehrsiumque
1679 2490 1768 2545 De

198 2581 488 2637 Aristarc-h,
518 2597 580 2654 p.
613 2577 756 2637 302.
794 2581 925 2635 V.
957 2594 996 2651 9
1022 2575 1256 2646 addidi,
1278 2575 1425 2632 sorte
1446 2587 1575 2632 ante
1598 2573 1763 2654 φιλοτ-

202 2665 457 2720 excidisse
474 2666 683 2734 visum,
704 2661 869 2742 φίλος.
895 2659 969 2718 Δὲ
998 2663 1165 2718 tertio
1192 2662 1327 2718 loco
1348 2663 1641 2718 sententiae
1660 2681 1765 2737 po·

210 2750 387 2821 situm
414 2769 535 2828 qua
564 2751 639 2808 de
664 2769 729 2807 re
754 2769 815 2806 v.
842 2745 979 2806 ann.
1006 2748 1083 2806 ad
1100 2749 1391 2824 Euripidis
1408 2751 1607 2806 Ionem
1621 2748 1759 2820 678.

212 2837 371 2896 Huius
414 2839 805 2915 probabiliter
850 2838 1030 2896 Mein.
1085 2835 1258 2915 φιλοτ.
1310 2833 1367 2893 δὲ
1433 2835 1633 2906 τήνδε
1685 2857 1765 2894 σοι

214 2944 349 3001 τροτ.
370 2929 432 2983 V.
466 2945 531 2982 11
561 2925 797 2983 Jacobs.
819 2946 879 2985 π.
906 2921 1251 3003 τὸπεριττόν.

672 3062 782 3120 XI.
835 3058 1257 3121 ΟΔΥΣΣΕΥΣ.

955 3190 979 3229 1
992 3214 1007 3231 .

274 3282 459 3342 Schul.
500 3283 808 3359 Aristoph.
846 3280 1203 3357 Vcsp.13l06
1249 3300 1266 3340 τ
1306 3280 1367 3338 τὸ
1404 3279 1631 3338 λεσὸιεῖν
1679 3280 1765 3339 ἐπὶ

208 3367 411 3447 αἰσχρου
434 3367 709 3441 τάττεται,
740 3365 923 3426 imi&
948 3368 999 3426 οἱ
1022 3365 1239 3427 Δέσὸιοι
1264 3368 1667 3448 αἰσχρουργουσι
1687 3368 1765 3451 τῷ

208 3454 409 3533 στόματι
394 3480 441 3528 ι,
466 3454 841 3534 μολυνόιιινοι,
864 3452 1013 3535 παρὰ
1034 3476 1093 3514 το
1112 3452 1499 3535 ἱστορούμενον,
1521 3452 1601 3513 ὅτι
1620 3452 1766 3534 παρὰ

208 3550 297 3609 τοῖς
324 3542 577 3611 Δεσὸίοις
604 3547 763 3603 τοῦτο
792 3544 999 3624 πρῶτον
1030 3541 1163 3621 γυνὴ
1193 3541 1379 3603 ἔπαθε.
1428 3541 1523 3600 καὶ
1544 3543 1763 3619 (malim

208 3632 291 3709 ὣς)
320 3630 473 3711 παρὰ
513 3632 738 3711 Θ-πῳ
766 3633 821 3690 ἰν
854 3630 1159 3692 Ὀδυσσιῖα
1184 3626 1308 3690 Ira
1347 3627 1423 3707 μὴ
1451 3628 1513 3688 τὸ
1539 3628 1763 3688 παλαιὸν

206 3722 343 3777 τοῦτο
358 3720 457 3779 καὶ
499 3717 853 3798 θρυλούμενον
898 3718 969 3776 δι’
1007 3714 1277 3797 ἡμετέρων
1324 3715 1605 3795 πομάτων
1634 3715 1767 3776 εἴπω

207 3805 465 3885 σόφισμα,
494 3806 678 3886 δφασι
704 3806 899 3873 παῖδας
924 3804 1167 3867 Δεσὸίων
1206 3808 1457 3884 εὑρεῖν.»
1432 3806 1767 3863 »Probabi-

206 3893 319 3951 liter
340 3896 627 3973 Bergkius
650 3896 877 3955 Comm.
905 3913 971 3970 p.
996 3893 1152 3962 413:

282 4035 347 4079 α.
386 4001 492 4076 Ϊνα
523 4013 609 4102 μὴ
643 4011 717 4076 τὸ
745 4008 1013 4077 παλαιὸν
1039 4016 1219 4075 τοῦτο
1250 4005 1357 4073 καὶ
1382 4007 1767 4100 θρυλούμενον

282 4114 369 4187 δ
328 4148 350 4187 ι
404 4124 721 4215 ἡμετέρων
776 4120 1103 4213 στομάτων
1156 4118 1307 4187 εἴπω
1365 4118 1651 4211 σόφισμα.
1696 4126 1763 4207 β.

284 4360 353 4400 α.
394 4325 453 4400 ὅ
484 4358 635 4425 φασι
662 4324 892 4410 παῖδας
924 4325 1193 4399 Δεσὸίων
1221 4336 1409 4423 εὑρεῖν
1445 4227 1761 4423 (ιι-οτιιῖί
1745 4278 1764 4314 ,

200 4462 325 4533 Qut
350 4464 436 4519 sic
461 4461 801 4536 explicatu
774 4461 1199 4535 «colloquitur
1228 4461 1433 4534 aliquis
1472 4459 1577 4536 (ut
1615 4460 1771 4517 vide-

207 4560 289 4604 tur
304 4550 545 4621 ‚Ulixes
544 4548 595 4627 ,)
624 4568 759 4605 cum
780 4548 1062 4623 Cyclope,
1082 4559 1142 4605 et
1163 4566 1342 4623 quum
1358 4558 1588 4624 turpem
1606 4550 1773 4605 istam

302 4714 477 4771 immo
492 4714 761 4789 poculum
784 4714 889 4771 hoc
908 4687 1165 4771 amicitiae
1198 4714 1299 4770 tibi
1318 4714 1572 4787 propino.

215 4805 271 4856 ιο
303 4800 527 4875 Accipe,
550 4808 626 4870 et,
650 4816 825 4874 quum
851 4795 1037 4857 bibisti
1058 4841 1075 4870 ,
1094 4808 1363 4873 quantum
1386 4798 1637 4866 libuerit,

304 4892 423 4941 tum
442 4884 689 4957 primum
717 4881 927 4941 redde!

830 4970 1131 5027 ULIXES.

984 5063 1035 5111 1.

206 5142 287 5196 Ne
312 5142 460 5193 tetus
480 5134 587 5193 hoc
611 5143 669 5193 et
695 5134 1113 5215 frequentatum

204 5206 387 5265 oribus
407 5208 605 5263 nom-is
622 5208 917 5263 inventum
937 5202 1115 5259 dicam
1148 5202 1278 5271 (tibi
1300 5210 1339 5271 ).

206 5278 349 5351 quod
366 5276 519 5335 aiunt
538 5277 873 5337 Lesbiorum
904 5274 1079 5331 filios
1067 5274 1359 5332 invenisse.

3313 449 3426 500 309

1860 585 1986 624 rem
1999 566 2251 623 obscuro
2267 566 2464 640 aliquo
2483 565 2666 623 verbo
2679 565 3116 642 significavisset,
3132 569 3250 626 hoec
3273 571 3428 642 adje-

1861 653 1942 708 cit
1981 669 1998 712 :
2026 649 2114 710 ἵνα
2139 648 2217 728 μὴ
2244 650 2306 710 τὸ
2329 651 2462 713 παλ.
2494 663 2604 710 etc.
2647 654 2788 726 Quae
2824 673 3004 728 quum
3039 654 3282 732 Cyclops
3315 675 3434 714 non
3485 695 3492 702 -

1860 741 1994 797 satis
2027 741 2366 818 intelligeret
2383 783 2402 818 ,
2449 741 2652 816 quaerit
2681 759 2754 798 ex
2785 742 2957 798 Ulixe
2994 739 3100 816 Τί,
3147 753 3272 800 tum
3309 746 3429 816 ille,

1860 851 1986 890 rem
2028 835 2361 910 explanans,
2399 831 2478 893 Ὅ
2513 855 2570 913 φ.
2599 855 2660 894 π.
2703 835 2775 894 Δ.
2823 834 2990 912 εὑρεῖν
3015 855 3166 896 ποτε.
3203 860 3230 888 ι
3270 838 3434 895 Certe

1859 921 1982 977 haec
2018 923 2210 978 omnia
2250 921 2415 979 facile
2457 922 2519 978 in
2563 921 2806 978 formam
2840 921 3220 980 iambicorum
3266 943 3433 982 sena-

1860 1009 2082 1065 riorum
2123 1009 2488 1085 redigantur,
2547 1011 2759 1084 quibus
2809 1022 2944 1085 apta
3009 1023 3092 1068 est
3135 1015 3428 1073 sententia.

1860 1097 1978 1153 Nee
2005 1107 2194 1154 tamen
2231 1107 2314 1154 cst
2341 1097 2502 1172 quod
2529 1098 2774 1154 alterum
2803 1099 3222 1156 collocutorem
3247 1101 3432 1156 immi·

1860 1201 2014 1242 sceas
2025 1227 2046 1258 ,
2078 1184 2178 1242 sed
2197 1186 2523 1260 scripserim
2547 1185 2652 1242 sub
2679 1203 2796 1242 una
2817 1203 3062 1260 persona
3077 1187 3311 1261 Ulyoeis,

1959 1299 2000 1372 δ
2007 1305 2050 1372 ι’
2077 1309 2380 1399 ἡμετέρων
2411 1305 2564 1373 εἴπω
2597 1306 2920 1398 στομάτων
2950 1306 3216 1398 σόφισμα
3252 1334 3366 1377 σοι

1957 1415 1994 1478 ὅ
2020 1436 2166 1503 φασι
2196 1403 2420 1488 παῖδας
2447 1406 2722 1484 Λεσὸίων
2764 1416 2966 1504 εὑρεῖν.

1860 1545 2073 1606 Versus
2100 1544 2133 1602 3
2161 1541 2418 1624 μιίουρος.
2445 1545 2684 1606 Vocula
2703 1545 2892 1602 fraudi
2923 1543 3092 1602 fuerit
3123 1566 3227 1620 -μα
3251 1547 3430 1604 simile

1860 1635 2138 1706 vicinum3
2166 1652 2224 1690 v.
2265 1651 2400 1690 ann.
2431 1631 2508 1689 ad
2541 1634 2729 1692 Thuc.
2760 1651 2821 1704 a,
2874 1650 2966 1704 10,
3001 1632 3140 1694 Eur.
3169 1633 3426 1692 Medeam

1864 1718 1978 1777 568
1993 1762 2010 1792 ‚
2037 1721 2385 1778 Pherecratis
2405 1721 2726 1780 Chironem.

2618 1845 2670 1884 2.

1941 1942 2195 2001 Eustath.
2241 1941 2314 1998 ad
2339 1941 2540 2016 Odyss.
2574 1959 2635 2016 p.
2677 1939 2852 2012 1863,
2894 1947 2970 2016 49
3002 1960 3020 1997 :
3050 1939 3220 2000 ἰστέον
3249 1941 3326 2014 δὲ,
3349 1941 3428 2000 ὅτι

1858 2025 1920 2084 τὸ
1949 2027 2100 2108 ῥηθὲν
2091 2027 2366 2136 -Mmpov
2377 2027 2470 2088 καὶ
2505 2025 2799 2108 λεπύχανόν
2836 2048 2992 2106 φασιν
3021 2028 3255 2108 εἰρῆσθαι
3281 2029 3426 2110 παρὰ

1860 2115 2069 2258 Θέ-πω
2056 2120 2132 2198 τῷ
2150 2119 2386 2196 κωμικῷ,
2417 2117 2698 2182 εἰπόντιῶς
2718 2117 2776 2176 ἐκ
2802 2113 3086 2194 προσώπου
3113 2121 3203 2175 τοῦ
3235 2117 3427 2178 ’-Οδυσ

1860 2224 1891 2260 σ
1921 2226 1993 2269 ως
2020 2202 2080 2262 τὸ

1961 2357 2056 2368 --
2095 2320 2352 2386 Χιτῶνα
2379 2345 2481 2410 μοι

1957 2427 2146 2517 φέρων
2175 2416 2448 2502 δέδωκας
2475 2416 2890 2510 δαιδάλεον,
2864 2450 2929 2490 ον
2961 2427 3180 2518 ᾔκασεν

1957 2527 2156 2622 ἄριστ’
2197 2522 2439 2624 ὅμηρος
2486 2533 2789 2623 κρομμύου
2833 2531 3182 2623 λεπυχοίνῳ.

1858 2661 2044 2736 Vulgo
2075 2662 2364 2737 corruptis
2394 2661 2646 2718 versibus
2673 2658 2918 2717 δαίδαλον
2941 2673 3000 2716 et
3023 2657 3284 2740 κρομύου,
3312 2681 3426 2735 qua

1858 2746 2044 2804 somna
2065 2751 2348 2806 Homerus
2365 2750 2566 2806 utitur.
2602 2749 2846 2805 «Ulixis
2865 2749 3073 2816 verba3
3096 2766 3213 2823 quo
3239 2752 3426 2807 minus

1858 2852 1925 2891 ea
1949 2835 2024 2892 ad
2059 2834 2208 2893 lianc
2239 2837 2488 2894 fabulam
2508 2837 2720 2894 referre
2759 2835 3155 2894 dubitavimus.
3191 2841 3426 2896 Homeri

1858 2922 2038 2994 locus,
2063 2942 2232 3001 quem
2255 2925 2512 2983 imitatur
2527 2927 2661 2997 Th„
2686 2935 2769 2981 est
2789 2923 2993 2999 odyss.
3022 2943 3118 3000 19,
3149 2924 3302 2984 232:

1937 3046 2041 3107 Τὸν
2069 3046 2122 3105 &l
2148 3049 2329 3127 χιτῶν’
2358 3047 2551 3120 ἐνόησα
2579 3046 2700 3127 περὶ
2719 3040 2842 3127 χροι
2867 3047 3213 3124 σιγαλόεντα,

1939 3124 2044 3194 οἶόν
2073 3157 2128 3194 τε
2157 3135 2406 3216 κρομύοιο
2427 3133 2586 3195 λοπον
2613 3133 2750 3195 κάτα
2781 3134 3125 3215 ἰσχαλέοιο.

1857 3249 2024 3307 ΕΜ.

2619 3371 2669 3427 3.

1942 3484 2150 3542 Athen.
2184 3489 2242 3558 4,
2286 3504 2346 3559 p.
2386 3481 2531 3557 165,
2557 3484 2650 3539 Β.
2689 3481 2781 3539 καὶ
2827 3482 2900 3541 Θ.
2943 3482 2996 3539 ἔν
3027 3479 3274 3541 Ὀδυσσεῖ
3325 3482 3424 3563 ἔφη

1914 3568 2264 3651 *Εὐριπίδου
2303 3568 2348 3627 τ’
2400 3568 2610 3649 ἄριστον
2646 3570 2706 3629 οὗ
2743 3571 2918 3637 κακῶς
2955 3568 3098 3649 ἔχον,
3145 3570 3426 3651 τάλλότρια

1858 3658 2054 3717 δειπνεῖ
2053 3681 2080 3717 ν
2123 3680 2212 3717 τον
2238 3657 2411 3724 καλῶς
2439 3656 2740 3735 εὐδαίμονα.
2772 3662 2980 3717 »Dure
3016 3658 3321 3717 Porsonus.
3355 3661 3420 3719 E.

1856 3746 2152 3826 τάρχαῖον,
2194 3747 2398 3823 frigide
2432 3746 2606 3805 Mein.
2639 3748 2704 3805 E.
2746 3744 2866 3823 τᾶρ’
2911 3744 3049 3803 ἐστὶν
3094 3744 3152 3803 οὗ
3189 3768 3240 3805 κ.
3289 3744 3427 3825 ἔχον.

1858 3835 2114 3894 Scribam

1959 3959 2274 4059 Εὐριπίδει
2311 3968 2598 4061 τάρεστὸν
2631 3974 2698 4037 οὐ
2737 3976 2936 4046 κακῶς
2969 3970 3132 4060 ἔχον,

1959 4072 2293 4164 τάλλότρια
2321 4069 2582 4141 δειπνειν
2613 4077 2721 4141 τὸν
2742 4080 2942 4152 καλῶς
2971 4067 3330 4167 εὐδαίμονα,

1863 4202 2151 4274 Euripidis
2197 4204 2505 4275 placitum,
2563 4202 2852 4277 Euripidis
2901 4204 3210 4273 sententia,
3259 4221 3428 4303 quam

1863 4288 2097 4362 quidem
2145 4289 2207 4344 in
2233 4288 2630 4364 superstitibus
2666 4300 2854 4365 poetae
2882 4288 3090 4347 fabulis
3119 4308 3242 4345 non
3269 4290 3430 4346 inve-

1861 4376 2018 4446 nias,
2071 4376 2356 4434 detortam
2401 4378 2638 4433 fortasse
2689 4378 2842 4433 illam
2881 4395 2915 4432 a
2944 4377 3182 4435 Comico
3199 4396 3306 4451 per
3324 4376 3426 4449 jo-

1865 4481 2018 4524 cum.
2042 4467 2130 4521 De
2152 4484 2218 4535 ει,
2255 4485 2336 4534 ευ,
2361 4475 2420 4521 et
2449 4484 2510 4521 ou
2534 4463 2780 4523 confusis
2811 4483 2870 4524 v.
2893 4472 3026 4523 ann.
3061 4464 3134 4521 ad
3161 4466 3339 4523 Tlmc.
3377 4483 3430 4533 1,

1869 4558 1969 4622 4ο,
1999 4552 2392 4627 Aristophanis
2411 4550 2976 4627 Baby1.fr.16,etc.

1930 4850 1998 4861 -
2024 4820 2288 4878 Tunicam
2317 4819 2452 4875 mihi
2615 4740 2668 4789 ²·

1859 4904 2094 4962 afferens
2111 4904 2306 4961 dedisti
2333 4902 2656 4974 daedaleam,
2685 4921 2854 4979 quam
2879 4907 3218 4979 comparavit

1862 4992 2066 5065 optime
2088 4994 2363 5048 Homerus
2383 5006 2532 5064 cepae
2550 4992 2716 5048 corio.

1863 5188 2070 5244 Scitum
2097 5190 2401 5261 comperior
2427 5186 2562 5245 illud
2587 5187 2843 5261 placitum
2867 5149 3134 5260 Euripidis
3166 5208 3176 5242 :
3283 5206 3304 5225 ·

1864 5276 2004 5331 Vere
2025 5273 2216 5332 beatus
2243 5275 2486 5348 quisquis
2513 5282 2610 5343 est,
2641 5282 2820 5333 coenat
2847 5272 2997 5331 foris·
3133 5276 3202 5329 11.
3232 5274 3426 5329 Gnor.
