<?xml version="1.0" encoding="UTF-8"?>
<!DOCTYPE html PUBLIC "-//W3C//DTD XHTML 1.0 Transitional//EN"
    "http://www.w3.org/TR/xhtml1/DTD/xhtml1-transitional.dtd">
<html xmlns="http://www.w3.org/1999/xhtml" xml:lang="en" lang="en">
 <head>
  <title>
</title>
<meta http-equiv="Content-Type" content="text/html;charset=utf-8" />
  <meta name='ocr-system' content='tesseract 3.04.00' />
  <meta name='ocr-capabilities' content='ocr_page ocr_carea ocr_par ocr_line ocrx_word'/>
</head>
<body>
  <div class='ocr_page' id='page_1' title='image "./poetarumcomicor01hunzgoog_0365.png"; bbox 0 0 3809 5850; ppageno 0'>
   <div class='ocr_carea' id='block_1_1' title="bbox 174 425 3242 923">
    <p class='ocr_par' dir='ltr' id='par_1_1' title="bbox 174 425 3242 923">
     <span class='ocr_line' id='line_1_1' title="bbox 884 425 2484 545; baseline 0 -4"><span class='ocrx_word' id='word_1_1' title='bbox 884 426 1489 541; x_wconf 88' lang='lat' dir='ltr'><strong>MEDIAE</strong></span> <span class='ocrx_word' id='word_1_2' title='bbox 1568 425 2484 545; x_wconf 87' lang='lat' dir='ltr'>COMOEDIAE</span> 
     </span>
     <span class='ocr_line' id='line_1_2' title="bbox 174 666 3242 923; baseline 0.007 -44"><span class='ocrx_word' id='word_1_3' title='bbox 174 666 893 883; x_wconf 79' lang='lat' dir='ltr'><strong>GRAECAE</strong></span> <span class='ocrx_word' id='word_1_4' title='bbox 987 744 2051 891; x_wconf 84' lang='lat' dir='ltr'><strong>POETARUM</strong></span> <span class='ocrx_word' id='word_1_5' title='bbox 2146 746 3242 923; x_wconf 84' lang='lat' dir='ltr'><strong>RELIQUIAE.</strong></span> 
     </span>
    </p>
   </div>
   <div class='ocr_carea' id='block_1_2' title="bbox 1300 1078 2050 1115">
    <p class='ocr_par' dir='ltr' id='par_1_2' title="bbox 1300 1078 2050 1115">
     <span class='ocr_line' id='line_1_3' title="bbox 1300 1078 2050 1115; baseline 0 4735"><span class='ocrx_word' id='word_1_6' title='bbox 1300 1078 2050 1115; x_wconf 95' lang='lat' dir='ltr'><strong> </strong></span> 
     </span>
    </p>
   </div>
   <div class='ocr_carea' id='block_1_3' title="bbox 556 1350 1153 1551">
    <p class='ocr_par' dir='ltr' id='par_1_3' title="bbox 556 1350 1153 1551">
     <span class='ocr_line' id='line_1_4' title="bbox 748 1350 960 1411; baseline -0.019 0"><span class='ocrx_word' id='word_1_7' title='bbox 748 1351 795 1411; x_wconf 86' lang='lat' dir='ltr'><strong>X</strong></span> <span class='ocrx_word' id='word_1_8' title='bbox 810 1350 960 1411; x_wconf 79' lang='lat' dir='ltr'><strong>Lm.</strong></span> 
     </span>
     <span class='ocr_line' id='line_1_5' title="bbox 556 1484 1153 1551; baseline 0 -2"><span class='ocrx_word' id='word_1_9' title='bbox 556 1484 893 1551; x_wconf 87' lang='lat' dir='ltr'><strong>ANTIPH</strong></span> <span class='ocrx_word' id='word_1_10' title='bbox 904 1484 1153 1551; x_wconf 81' lang='lat' dir='ltr'><strong>ANES.</strong></span> 
     </span>
    </p>
   </div>
   <div class='ocr_carea' id='block_1_4' title="bbox 120 1625 1637 3359">
    <p class='ocr_par' dir='ltr' id='par_1_4' title="bbox 120 1625 1637 3359">
     <span class='ocr_line' id='line_1_6' title="bbox 188 1625 1637 1701; baseline 0.007 -26"><span class='ocrx_word' id='word_1_11' title='bbox 188 1648 209 1673; x_wconf 75' lang='grc' dir='ltr'>ι</span> <span class='ocrx_word' id='word_1_12' title='bbox 236 1625 327 1679; x_wconf 80' lang='lat' dir='ltr'><strong>nic</strong></span> <span class='ocrx_word' id='word_1_13' title='bbox 352 1642 545 1699; x_wconf 80' lang='lat' dir='ltr'>agmen</span> <span class='ocrx_word' id='word_1_14' title='bbox 570 1625 733 1682; x_wconf 90' lang='lat' dir='ltr'><strong>ducit</strong></span> <span class='ocrx_word' id='word_1_15' title='bbox 760 1638 1062 1701; x_wconf 86' lang='lat' dir='ltr'><strong>poctarum</strong></span> <span class='ocrx_word' id='word_1_16' title='bbox 1080 1669 1095 1697; x_wconf 93' lang='lat'>‚</span> <span class='ocrx_word' id='word_1_17' title='bbox 1128 1629 1229 1701; x_wconf 87' lang='lat' dir='ltr'><strong>qui</strong></span> <span class='ocrx_word' id='word_1_18' title='bbox 1254 1628 1501 1685; x_wconf 85' lang='lat' dir='ltr'><strong>mediam</strong></span> <span class='ocrx_word' id='word_1_19' title='bbox 1533 1632 1637 1687; x_wconf 90' lang='lat' dir='ltr'><strong>At-</strong></span> 
     </span>
     <span class='ocr_line' id='line_1_7' title="bbox 127 1712 1637 1776; baseline 0.005 -11"><span class='ocrx_word' id='word_1_20' title='bbox 127 1714 321 1765; x_wconf 76' lang='lat' dir='ltr'><strong>ticorum</strong></span> <span class='ocrx_word' id='word_1_21' title='bbox 345 1712 681 1769; x_wconf 86' lang='lat' dir='ltr'><strong>comoediam</strong></span> <span class='ocrx_word' id='word_1_22' title='bbox 712 1716 1153 1773; x_wconf 81' lang='lat' dir='ltr'><strong>illustraverunt.</strong></span> <span class='ocrx_word' id='word_1_23' title='bbox 1188 1716 1390 1773; x_wconf 88' lang='lat' dir='ltr'><strong>Suidas</strong></span> <span class='ocrx_word' id='word_1_24' title='bbox 1428 1737 1440 1771; x_wconf 92' lang='lat'><strong>:</strong></span> <span class='ocrx_word' id='word_1_25' title='bbox 1476 1714 1637 1776; x_wconf 85' lang='grc' dir='ltr'>Ἀντι-</span> 
     </span>
     <span class='ocr_line' id='line_1_8' title="bbox 124 1795 1635 1884; baseline 0.005 -28"><span class='ocrx_word' id='word_1_26' title='bbox 124 1795 275 1873; x_wconf 67' lang='grc' dir='ltr'>φᾶνης,</span> <span class='ocrx_word' id='word_1_27' title='bbox 300 1800 665 1879; x_wconf 79' lang='grc' dir='ltr'>Δημοφάνους,</span> <span class='ocrx_word' id='word_1_28' title='bbox 697 1804 745 1859; x_wconf 78' lang='grc' dir='ltr'><strong>οἱ</strong></span> <span class='ocrx_word' id='word_1_29' title='bbox 774 1800 827 1858; x_wconf 79' lang='grc' dir='ltr'>δὲ</span> <span class='ocrx_word' id='word_1_30' title='bbox 858 1800 1127 1881; x_wconf 76' lang='grc' dir='ltr'>Στεφάνου</span> <span class='ocrx_word' id='word_1_31' title='bbox 1145 1844 1162 1873; x_wconf 88' lang='grc'><strong>,</strong></span> <span class='ocrx_word' id='word_1_32' title='bbox 1192 1800 1282 1860; x_wconf 76' lang='grc' dir='ltr'><strong>καὶ</strong></span> <span class='ocrx_word' id='word_1_33' title='bbox 1313 1800 1507 1884; x_wconf 80' lang='grc' dir='ltr'>μητρὸς</span> <span class='ocrx_word' id='word_1_34' title='bbox 1530 1806 1635 1863; x_wconf 81' lang='grc' dir='ltr'><strong>Οἶ-</strong></span> 
     </span>
     <span class='ocr_line' id='line_1_9' title="bbox 124 1883 1632 1968; baseline 0.003 -20"><span class='ocrx_word' id='word_1_35' title='bbox 124 1883 235 1953; x_wconf 66' lang='grc' dir='ltr'><strong>νᾶης,</strong></span> <span class='ocrx_word' id='word_1_36' title='bbox 258 1887 431 1953; x_wconf 77' lang='grc' dir='ltr'>Κιανὸς</span> <span class='ocrx_word' id='word_1_37' title='bbox 455 1887 607 1967; x_wconf 79' lang='grc' dir='ltr'>(Κίῳ</span> <span class='ocrx_word' id='word_1_38' title='bbox 627 1892 901 1965; x_wconf 78' lang='lat' dir='ltr'>Bithyniae</span> <span class='ocrx_word' id='word_1_39' title='bbox 928 1890 1207 1947; x_wconf 78' lang='lat' dir='ltr'><strong>oriundus</strong></span> <span class='ocrx_word' id='word_1_40' title='bbox 1233 1912 1247 1947; x_wconf 79' lang='lat'>2</span> <span class='ocrx_word' id='word_1_41' title='bbox 1272 1912 1330 1952; x_wconf 78' lang='lat' dir='ltr'><strong>v,</strong></span> <span class='ocrx_word' id='word_1_42' title='bbox 1360 1895 1632 1968; x_wconf 76' lang='lat' dir='ltr'><strong>Apollon.</strong></span> 
     </span>
     <span class='ocr_line' id='line_1_10' title="bbox 126 1974 1635 2058; baseline 0.009 -34"><span class='ocrx_word' id='word_1_43' title='bbox 126 1974 271 2033; x_wconf 69' lang='lat' dir='ltr'><strong>ahod.</strong></span> <span class='ocrx_word' id='word_1_44' title='bbox 298 1994 343 2043; x_wconf 87' lang='grc' dir='ltr'><strong>ι,</strong></span> <span class='ocrx_word' id='word_1_45' title='bbox 373 1977 543 2048; x_wconf 66' lang='grc'>1354,</span> <span class='ocrx_word' id='word_1_46' title='bbox 566 1991 685 2035; x_wconf 84' lang='lat' dir='ltr'><strong>etc.</strong></span> <span class='ocrx_word' id='word_1_47' title='bbox 702 1979 723 2055; x_wconf 85' lang='lat'>)</span> <span class='ocrx_word' id='word_1_48' title='bbox 739 2021 759 2049; x_wconf 91' lang='lat'><strong>,</strong></span> <span class='ocrx_word' id='word_1_49' title='bbox 779 1980 851 2044; x_wconf 77' lang='grc' dir='ltr'><strong>ὣς</strong></span> <span class='ocrx_word' id='word_1_50' title='bbox 874 1977 931 2037; x_wconf 74' lang='grc' dir='ltr'>δι’</span> <span class='ocrx_word' id='word_1_51' title='bbox 952 2000 1085 2046; x_wconf 79' lang='grc' dir='ltr'>τινες</span> <span class='ocrx_word' id='word_1_52' title='bbox 1104 2020 1121 2049; x_wconf 88' lang='grc'><strong>,</strong></span> <span class='ocrx_word' id='word_1_53' title='bbox 1150 1980 1446 2058; x_wconf 84' lang='grc' dir='ltr'>Σμυρναῖος</span> <span class='ocrx_word' id='word_1_54' title='bbox 1462 2024 1478 2053; x_wconf 93' lang='grc'>,</span> <span class='ocrx_word' id='word_1_55' title='bbox 1498 1978 1635 2037; x_wconf 79' lang='grc' dir='ltr'>κατὰ</span> 
     </span>
     <span class='ocr_line' id='line_1_11' title="bbox 124 2056 1632 2147; baseline 0.009 -34"><span class='ocrx_word' id='word_1_56' title='bbox 124 2056 163 2113; x_wconf 67' lang='grc' dir='ltr'>δὲ</span> <span class='ocrx_word' id='word_1_57' title='bbox 186 2060 415 2121; x_wconf 74' lang='grc' dir='ltr'>Διονύσιον</span> <span class='ocrx_word' id='word_1_58' title='bbox 441 2062 679 2131; x_wconf 82' lang='grc' dir='ltr'>Ῥόδιος·</span> <span class='ocrx_word' id='word_1_59' title='bbox 708 2064 940 2141; x_wconf 76' lang='grc' dir='ltr'>κωμικὸς</span> <span class='ocrx_word' id='word_1_60' title='bbox 974 2070 1068 2136; x_wconf 77' lang='grc' dir='ltr'><strong>τῆς</strong></span> <span class='ocrx_word' id='word_1_61' title='bbox 1110 2065 1275 2141; x_wconf 80' lang='grc' dir='ltr'>μέσης</span> <span class='ocrx_word' id='word_1_62' title='bbox 1316 2067 1632 2147; x_wconf 80' lang='grc' dir='ltr'>κωμῳδίας,</span> 
     </span>
     <span class='ocr_line' id='line_1_12' title="bbox 124 2146 1635 2231; baseline 0.01 -32"><span class='ocrx_word' id='word_1_63' title='bbox 124 2146 201 2203; x_wconf 75' lang='grc' dir='ltr'><strong>ἀπὸ</strong></span> <span class='ocrx_word' id='word_1_64' title='bbox 224 2148 413 2221; x_wconf 79' lang='grc' dir='ltr'>δούλων,</span> <span class='ocrx_word' id='word_1_65' title='bbox 450 2152 521 2219; x_wconf 81' lang='grc' dir='ltr'><strong>ὥς</strong></span> <span class='ocrx_word' id='word_1_66' title='bbox 556 2175 716 2219; x_wconf 87' lang='grc' dir='ltr'>τινες.</span> <span class='ocrx_word' id='word_1_67' title='bbox 749 2152 929 2231; x_wconf 79' lang='grc' dir='ltr'>γέγονε</span> <span class='ocrx_word' id='word_1_68' title='bbox 964 2150 1019 2211; x_wconf 72' lang='grc' dir='ltr'>δὲ</span> <span class='ocrx_word' id='word_1_69' title='bbox 1048 2152 1187 2211; x_wconf 71' lang='grc' dir='ltr'>κατὰ</span> <span class='ocrx_word' id='word_1_70' title='bbox 1224 2153 1320 2223; x_wconf 77' lang='grc' dir='ltr'><strong>τὴν</strong></span> <span class='ocrx_word' id='word_1_71' title='bbox 1358 2156 1635 2227; x_wconf 81' lang='grc' dir='ltr'>ἔννενηκο-</span> 
     </span>
     <span class='ocr_line' id='line_1_13' title="bbox 122 2234 1631 2322; baseline 0.007 -30"><span class='ocrx_word' id='word_1_72' title='bbox 122 2234 218 2303; x_wconf 56' lang='lat' dir='ltr'><strong>erip</strong></span> <span class='ocrx_word' id='word_1_73' title='bbox 244 2236 403 2315; x_wconf 76' lang='grc' dir='ltr'>τρίτην</span> <span class='ocrx_word' id='word_1_74' title='bbox 444 2240 788 2317; x_wconf 80' lang='grc' dir='ltr'>ὀλυμπιάδα,</span> <span class='ocrx_word' id='word_1_75' title='bbox 834 2240 924 2299; x_wconf 71' lang='grc' dir='ltr'><strong>καὶ</strong></span> <span class='ocrx_word' id='word_1_76' title='bbox 970 2239 1167 2321; x_wconf 79' lang='grc' dir='ltr'>ἔγραψε</span> <span class='ocrx_word' id='word_1_77' title='bbox 1210 2240 1492 2322; x_wconf 78' lang='grc' dir='ltr'>κωμῳδίας</span> <span class='ocrx_word' id='word_1_78' title='bbox 1531 2242 1631 2313; x_wconf 72' lang='grc' dir='ltr'><strong>τξέ</strong></span> 
     </span>
     <span class='ocr_line' id='line_1_14' title="bbox 126 2320 1633 2411; baseline 0.003 -27"><span class='ocrx_word' id='word_1_79' title='bbox 126 2326 133 2338; x_wconf 84' lang='grc'><strong><em>’</em></strong></span> <span class='ocrx_word' id='word_1_80' title='bbox 154 2324 347 2400; x_wconf 78' lang='grc' dir='ltr'>365),οἱ</span> <span class='ocrx_word' id='word_1_81' title='bbox 364 2326 415 2385; x_wconf 72' lang='grc' dir='ltr'>δὲ</span> <span class='ocrx_word' id='word_1_82' title='bbox 437 2328 529 2386; x_wconf 65' lang='grc' dir='ltr'>σις’</span> <span class='ocrx_word' id='word_1_83' title='bbox 556 2328 766 2410; x_wconf 68' lang='grc'>(280).</span> <span class='ocrx_word' id='word_1_84' title='bbox 797 2328 943 2395; x_wconf 79' lang='grc' dir='ltr'>νίκας</span> <span class='ocrx_word' id='word_1_85' title='bbox 965 2328 1020 2389; x_wconf 79' lang='grc' dir='ltr'>δὲ</span> <span class='ocrx_word' id='word_1_86' title='bbox 1044 2320 1177 2387; x_wconf 76' lang='grc' dir='ltr'>εἶλεν</span> <span class='ocrx_word' id='word_1_87' title='bbox 1200 2328 1265 2408; x_wconf 82' lang='grc' dir='ltr'><strong>ιγ’</strong></span> <span class='ocrx_word' id='word_1_88' title='bbox 1294 2329 1313 2411; x_wconf 89' lang='grc'>(</span> <span class='ocrx_word' id='word_1_89' title='bbox 1334 2330 1451 2410; x_wconf 90' lang='grc'>13).</span> <span class='ocrx_word' id='word_1_90' title='bbox 1467 2330 1633 2389; x_wconf 77' lang='grc' dir='ltr'>παῖδά</span> 
     </span>
     <span class='ocr_line' id='line_1_15' title="bbox 120 2408 1631 2498; baseline 0.009 -34"><span class='ocrx_word' id='word_1_91' title='bbox 120 2430 161 2464; x_wconf 76' lang='grc' dir='ltr'><strong>τε</strong></span> <span class='ocrx_word' id='word_1_92' title='bbox 183 2408 281 2490; x_wconf 77' lang='grc' dir='ltr'><strong>ἔσχε</strong></span> <span class='ocrx_word' id='word_1_93' title='bbox 306 2415 583 2497; x_wconf 69' lang='grc' dir='ltr'>Στέφανον,</span> <span class='ocrx_word' id='word_1_94' title='bbox 631 2416 726 2475; x_wconf 77' lang='grc' dir='ltr'><strong>καὶ</strong></span> <span class='ocrx_word' id='word_1_95' title='bbox 766 2416 923 2475; x_wconf 74' lang='grc' dir='ltr'>αὐτὸν</span> <span class='ocrx_word' id='word_1_96' title='bbox 952 2415 1203 2493; x_wconf 78' lang='grc' dir='ltr'>κωμικόνῑ</span> <span class='ocrx_word' id='word_1_97' title='bbox 1239 2420 1455 2498; x_wconf 70' lang='grc' dir='ltr'>τελευτᾷ</span> <span class='ocrx_word' id='word_1_98' title='bbox 1484 2416 1538 2476; x_wconf 79' lang='grc' dir='ltr'>δὲ</span> <span class='ocrx_word' id='word_1_99' title='bbox 1579 2420 1631 2477; x_wconf 74' lang='grc' dir='ltr'><strong>ἐν</strong></span> 
     </span>
     <span class='ocr_line' id='line_1_16' title="bbox 124 2494 1633 2587; baseline 0.005 -31"><span class='ocrx_word' id='word_1_100' title='bbox 124 2494 237 2573; x_wconf 50' lang='lat' dir='ltr'><strong>KQ),</strong></span> <span class='ocrx_word' id='word_1_101' title='bbox 258 2499 321 2557; x_wconf 72' lang='lat'><strong>03¹</strong></span> <span class='ocrx_word' id='word_1_102' title='bbox 346 2510 365 2573; x_wconf 93' lang='lat'><strong>(</strong></span> <span class='ocrx_word' id='word_1_103' title='bbox 380 2504 473 2579; x_wconf 78' lang='grc'><strong>74)</strong></span> <span class='ocrx_word' id='word_1_104' title='bbox 502 2504 641 2562; x_wconf 76' lang='grc' dir='ltr'>ἐτῶν</span> <span class='ocrx_word' id='word_1_105' title='bbox 669 2501 947 2583; x_wconf 77' lang='grc' dir='ltr'>ὑπάρχων,</span> <span class='ocrx_word' id='word_1_106' title='bbox 976 2503 1115 2561; x_wconf 78' lang='grc' dir='ltr'>κατά</span> <span class='ocrx_word' id='word_1_107' title='bbox 1140 2526 1256 2561; x_wconf 88' lang='grc' dir='ltr'>τινα</span> <span class='ocrx_word' id='word_1_108' title='bbox 1288 2503 1455 2583; x_wconf 80' lang='grc' dir='ltr'>τύχην</span> <span class='ocrx_word' id='word_1_109' title='bbox 1492 2506 1633 2587; x_wconf 74' lang='grc' dir='ltr'>α’πίῳ</span> 
     </span>
     <span class='ocr_line' id='line_1_17' title="bbox 125 2582 1633 2669; baseline 0.007 -29"><span class='ocrx_word' id='word_1_110' title='bbox 125 2582 241 2655; x_wconf 81' lang='lat' dir='ltr'><strong>(piro</strong></span> <span class='ocrx_word' id='word_1_111' title='bbox 270 2590 459 2648; x_wconf 85' lang='lat' dir='ltr'><strong>arbore</strong></span> <span class='ocrx_word' id='word_1_112' title='bbox 478 2632 495 2662; x_wconf 95' lang='lat'><strong>,</strong></span> <span class='ocrx_word' id='word_1_113' title='bbox 532 2612 660 2648; x_wconf 87' lang='lat' dir='ltr'><strong>non</strong></span> <span class='ocrx_word' id='word_1_114' title='bbox 683 2592 873 2648; x_wconf 75' lang='lat' dir='ltr'><strong>fructu</strong></span> <span class='ocrx_word' id='word_1_115' title='bbox 900 2588 1141 2669; x_wconf 84' lang='lat' dir='ltr'><strong>scilicet)</strong></span> <span class='ocrx_word' id='word_1_116' title='bbox 1171 2590 1397 2668; x_wconf 77' lang='grc' dir='ltr'>βληθείς.</span> <span class='ocrx_word' id='word_1_117' title='bbox 1432 2596 1633 2650; x_wconf 82' lang='lat' dir='ltr'><strong>Excer-</strong></span> 
     </span>
     <span class='ocr_line' id='line_1_18' title="bbox 126 2674 1631 2755; baseline 0.011 -32"><span class='ocrx_word' id='word_1_118' title='bbox 126 2674 206 2741; x_wconf 82' lang='lat' dir='ltr'><strong>psit</strong></span> <span class='ocrx_word' id='word_1_119' title='bbox 228 2676 327 2732; x_wconf 74' lang='lat' dir='ltr'><strong>luaec</strong></span> <span class='ocrx_word' id='word_1_120' title='bbox 353 2697 453 2734; x_wconf 89' lang='lat' dir='ltr'><strong>suo</strong></span> <span class='ocrx_word' id='word_1_121' title='bbox 483 2698 657 2736; x_wconf 84' lang='lat' dir='ltr'><strong>more</strong></span> <span class='ocrx_word' id='word_1_122' title='bbox 682 2680 937 2736; x_wconf 87' lang='lat' dir='ltr'><strong>Eudocia</strong></span> <span class='ocrx_word' id='word_1_123' title='bbox 969 2698 1031 2754; x_wconf 97' lang='grc' dir='ltr'><strong>Ρ.</strong></span> <span class='ocrx_word' id='word_1_124' title='bbox 1062 2680 1159 2739; x_wconf 86' lang='grc'>61.</span> <span class='ocrx_word' id='word_1_125' title='bbox 1190 2685 1520 2755; x_wconf 76' lang='lat' dir='ltr'><strong>Anonymus</strong></span> <span class='ocrx_word' id='word_1_126' title='bbox 1545 2684 1631 2739; x_wconf 91' lang='lat' dir='ltr'><strong>De</strong></span> 
     </span>
     <span class='ocr_line' id='line_1_19' title="bbox 124 2764 1624 2845; baseline 0.007 -34"><span class='ocrx_word' id='word_1_127' title='bbox 124 2778 233 2819; x_wconf 79' lang='lat' dir='ltr'><strong>com.</strong></span> <span class='ocrx_word' id='word_1_128' title='bbox 258 2784 311 2838; x_wconf 89' lang='lat' dir='ltr'><strong>p.</strong></span> <span class='ocrx_word' id='word_1_129' title='bbox 340 2784 413 2823; x_wconf 82' lang='lat' dir='ltr'><strong>xv</strong></span> <span class='ocrx_word' id='word_1_130' title='bbox 447 2783 462 2823; x_wconf 90' lang='lat'>:</span> <span class='ocrx_word' id='word_1_131' title='bbox 488 2766 697 2845; x_wconf 82' lang='grc' dir='ltr'>ἤρξατο</span> <span class='ocrx_word' id='word_1_132' title='bbox 730 2765 991 2825; x_wconf 79' lang='grc' dir='ltr'>διδάσκειν</span> <span class='ocrx_word' id='word_1_133' title='bbox 1024 2764 1157 2842; x_wconf 72' lang='grc' dir='ltr'>μετὰ</span> <span class='ocrx_word' id='word_1_134' title='bbox 1181 2768 1243 2839; x_wconf 76' lang='grc' dir='ltr'><strong>(ιι</strong></span> <span class='ocrx_word' id='word_1_135' title='bbox 1266 2769 1401 2827; x_wconf 83' lang='lat' dir='ltr'><strong>fort.</strong></span> <span class='ocrx_word' id='word_1_136' title='bbox 1428 2766 1567 2826; x_wconf 79' lang='grc' dir='ltr'>κατὰ</span> <span class='ocrx_word' id='word_1_137' title='bbox 1600 2796 1624 2821; x_wconf 68' lang='lat' dir='ltr'>n</span> 
     </span>
     <span class='ocr_line' id='line_1_20' title="bbox 122 2846 1632 2932; baseline 0.01 -33"><span class='ocrx_word' id='word_1_138' title='bbox 122 2846 289 2925; x_wconf 78' lang='lat' dir='ltr'><strong>Mein.)</strong></span> <span class='ocrx_word' id='word_1_139' title='bbox 324 2851 413 2922; x_wconf 80' lang='grc' dir='ltr'><strong>τὴν</strong></span> <span class='ocrx_word' id='word_1_140' title='bbox 447 2854 531 2932; x_wconf 73' lang='grc' dir='ltr'><strong>ζη’</strong></span> <span class='ocrx_word' id='word_1_141' title='bbox 568 2852 729 2932; x_wconf 86' lang='grc'>(98)</span> <span class='ocrx_word' id='word_1_142' title='bbox 762 2852 1087 2930; x_wconf 77' lang='grc' dir='ltr'>ὀλυμπιάδα.</span> <span class='ocrx_word' id='word_1_143' title='bbox 1127 2858 1304 2912; x_wconf 89' lang='lat' dir='ltr'><strong>Natus</strong></span> <span class='ocrx_word' id='word_1_144' title='bbox 1344 2858 1519 2932; x_wconf 84' lang='lat' dir='ltr'><strong>igitur</strong></span> <span class='ocrx_word' id='word_1_145' title='bbox 1551 2870 1632 2914; x_wconf 89' lang='lat' dir='ltr'><strong>est</strong></span> 
     </span>
     <span class='ocr_line' id='line_1_21' title="bbox 124 2937 1633 3022; baseline 0.013 -37"><span class='ocrx_word' id='word_1_146' title='bbox 124 2937 423 3018; x_wconf 58' lang='lat' dir='ltr'><strong>Autolymp.</strong></span> <span class='ocrx_word' id='word_1_147' title='bbox 440 2944 515 3020; x_wconf 85' lang='lat'><strong>93</strong></span> <span class='ocrx_word' id='word_1_148' title='bbox 534 2941 551 3022; x_wconf 82' lang='lat'>(</span> <span class='ocrx_word' id='word_1_149' title='bbox 568 2955 708 3001; x_wconf 87' lang='lat' dir='ltr'><strong>ante</strong></span> <span class='ocrx_word' id='word_1_150' title='bbox 725 2945 861 3002; x_wconf 86' lang='lat' dir='ltr'><strong>Chr.</strong></span> <span class='ocrx_word' id='word_1_151' title='bbox 884 2957 1005 3004; x_wconf 85' lang='lat' dir='ltr'><strong>nat.</strong></span> <span class='ocrx_word' id='word_1_152' title='bbox 1040 2951 1305 3016; x_wconf 69' lang='lat'><strong>407-404</strong></span> <span class='ocrx_word' id='word_1_153' title='bbox 1325 2945 1363 3020; x_wconf 90' lang='lat'><strong>),</strong></span> <span class='ocrx_word' id='word_1_154' title='bbox 1378 2955 1633 3004; x_wconf 79' lang='lat' dir='ltr'><strong>mortuus</strong></span> 
     </span>
     <span class='ocr_line' id='line_1_22' title="bbox 122 3029 1630 3112; baseline 0.011 -40"><span class='ocrx_word' id='word_1_155' title='bbox 122 3035 263 3080; x_wconf 77' lang='lat' dir='ltr'><strong>autem</strong></span> <span class='ocrx_word' id='word_1_156' title='bbox 288 3031 491 3108; x_wconf 76' lang='lat' dir='ltr'><strong>olymp.</strong></span> <span class='ocrx_word' id='word_1_157' title='bbox 528 3049 649 3089; x_wconf 78' lang='lat'><strong>112</strong></span> <span class='ocrx_word' id='word_1_158' title='bbox 681 3033 845 3112; x_wconf 78' lang='lat' dir='ltr'><strong>(ante</strong></span> <span class='ocrx_word' id='word_1_159' title='bbox 872 3033 1011 3092; x_wconf 86' lang='lat' dir='ltr'><strong>Chr.</strong></span> <span class='ocrx_word' id='word_1_160' title='bbox 1042 3043 1163 3089; x_wconf 87' lang='lat' dir='ltr'><strong>nat.</strong></span> <span class='ocrx_word' id='word_1_161' title='bbox 1198 3031 1306 3088; x_wconf 87' lang='grc'>331</span> <span class='ocrx_word' id='word_1_162' title='bbox 1342 3063 1420 3075; x_wconf 91' lang='grc'>-</span> <span class='ocrx_word' id='word_1_163' title='bbox 1448 3029 1630 3112; x_wconf 80' lang='lat'><strong>328),</strong></span> 
     </span>
     <span class='ocr_line' id='line_1_23' title="bbox 122 3115 1631 3196; baseline 0.011 -37"><span class='ocrx_word' id='word_1_164' title='bbox 122 3115 253 3166; x_wconf 68' lang='lat' dir='ltr'><strong>atatis</strong></span> <span class='ocrx_word' id='word_1_165' title='bbox 290 3134 428 3174; x_wconf 88' lang='lat' dir='ltr'><strong>anno</strong></span> <span class='ocrx_word' id='word_1_166' title='bbox 466 3127 583 3192; x_wconf 70' lang='lat'><strong>74,</strong></span> <span class='ocrx_word' id='word_1_167' title='bbox 636 3131 947 3195; x_wconf 80' lang='lat' dir='ltr'><strong>postquam</strong></span> <span class='ocrx_word' id='word_1_168' title='bbox 982 3119 1117 3175; x_wconf 87' lang='lat' dir='ltr'><strong>inde</strong></span> <span class='ocrx_word' id='word_1_169' title='bbox 1165 3119 1237 3174; x_wconf 83' lang='lat' dir='ltr'><strong>ab</strong></span> <span class='ocrx_word' id='word_1_170' title='bbox 1290 3120 1503 3195; x_wconf 75' lang='lat' dir='ltr'><strong>olymp.</strong></span> <span class='ocrx_word' id='word_1_171' title='bbox 1553 3121 1631 3196; x_wconf 84' lang='lat'><strong>98</strong></span> 
     </span>
     <span class='ocr_line' id='line_1_24' title="bbox 122 3195 1632 3283; baseline 0.012 -35"><span class='ocrx_word' id='word_1_172' title='bbox 122 3195 231 3266; x_wconf 68' lang='lat' dir='ltr'><strong>(ante</strong></span> <span class='ocrx_word' id='word_1_173' title='bbox 248 3203 361 3264; x_wconf 85' lang='lat' dir='ltr'><strong>Chr.</strong></span> <span class='ocrx_word' id='word_1_174' title='bbox 381 3219 495 3266; x_wconf 87' lang='lat' dir='ltr'><strong>nat.</strong></span> <span class='ocrx_word' id='word_1_175' title='bbox 519 3207 834 3283; x_wconf 72' lang='lat'>387-384)</span> <span class='ocrx_word' id='word_1_176' title='bbox 866 3207 1087 3264; x_wconf 82' lang='lat' dir='ltr'><strong>fabulas</strong></span> <span class='ocrx_word' id='word_1_177' title='bbox 1110 3207 1405 3264; x_wconf 83' lang='lat' dir='ltr'><strong>docuerat.</strong></span> <span class='ocrx_word' id='word_1_178' title='bbox 1431 3209 1541 3264; x_wconf 87' lang='lat' dir='ltr'><strong>Sed</strong></span> <span class='ocrx_word' id='word_1_179' title='bbox 1561 3209 1632 3266; x_wconf 86' lang='lat' dir='ltr'><strong>de</strong></span> 
     </span>
     <span class='ocr_line' id='line_1_25' title="bbox 122 3293 1632 3359; baseline 0.008 -17"><span class='ocrx_word' id='word_1_180' title='bbox 122 3293 321 3359; x_wconf 59' lang='lat' dir='ltr'><strong>tempore</strong></span> <span class='ocrx_word' id='word_1_181' title='bbox 336 3293 519 3351; x_wconf 87' lang='lat' dir='ltr'><strong>obitus</strong></span> <span class='ocrx_word' id='word_1_182' title='bbox 545 3315 583 3354; x_wconf 84' lang='lat' dir='ltr'><strong>a</strong></span> <span class='ocrx_word' id='word_1_183' title='bbox 610 3297 789 3352; x_wconf 84' lang='lat' dir='ltr'><strong>Suida</strong></span> <span class='ocrx_word' id='word_1_184' title='bbox 811 3298 989 3353; x_wconf 88' lang='lat' dir='ltr'><strong>relata</strong></span> <span class='ocrx_word' id='word_1_185' title='bbox 1012 3297 1228 3352; x_wconf 89' lang='lat' dir='ltr'><strong>turbari</strong></span> <span class='ocrx_word' id='word_1_186' title='bbox 1246 3297 1632 3354; x_wconf 82' lang='lat' dir='ltr'><strong>videnturillis</strong></span> 
     </span>
    </p>
   </div>
   <div class='ocr_carea' id='block_1_5' title="bbox 120 3373 1624 3458">
    <p class='ocr_par' dir='ltr' id='par_1_5' title="bbox 120 3373 1624 3458">
     <span class='ocr_line' id='line_1_26' title="bbox 120 3373 1624 3458; baseline 0.011 -33"><span class='ocrx_word' id='word_1_187' title='bbox 120 3387 169 3425; x_wconf 77' lang='lat' dir='ltr'><strong>ex</strong></span> <span class='ocrx_word' id='word_1_188' title='bbox 193 3373 580 3458; x_wconf 69' lang='grc' dir='ltr'>Παραδιδομένῃ</span> <span class='ocrx_word' id='word_1_189' title='bbox 620 3383 815 3439; x_wconf 85' lang='lat' dir='ltr'><strong>fabula</strong></span> <span class='ocrx_word' id='word_1_190' title='bbox 841 3402 934 3458; x_wconf 86' lang='lat' dir='ltr'><strong>ap.</strong></span> <span class='ocrx_word' id='word_1_191' title='bbox 958 3383 1162 3439; x_wconf 80' lang='lat' dir='ltr'><strong>Athen.</strong></span> <span class='ocrx_word' id='word_1_192' title='bbox 1193 3389 1250 3452; x_wconf 75' lang='lat'><strong>4,</strong></span> <span class='ocrx_word' id='word_1_193' title='bbox 1279 3403 1335 3457; x_wconf 86' lang='lat' dir='ltr'><strong>p.</strong></span> <span class='ocrx_word' id='word_1_194' title='bbox 1368 3383 1499 3454; x_wconf 83' lang='lat'><strong>156,</strong></span> <span class='ocrx_word' id='word_1_195' title='bbox 1534 3387 1578 3444; x_wconf 91' lang='lat' dir='ltr'>C</span> <span class='ocrx_word' id='word_1_196' title='bbox 1613 3407 1624 3441; x_wconf 91' lang='lat'><strong>:</strong></span> 
     </span>
    </p>
   </div>
   <div class='ocr_carea' id='block_1_6' title="bbox 120 3482 1629 5270">
    <p class='ocr_par' dir='ltr' id='par_1_6' title="bbox 177 3482 1320 3575">
     <span class='ocr_line' id='line_1_27' title="bbox 177 3482 1320 3575; baseline 0.003 -27"><span class='ocrx_word' id='word_1_197' title='bbox 177 3482 375 3565; x_wconf 75' lang='grc' dir='ltr'>Ὄμνυμι</span> <span class='ocrx_word' id='word_1_198' title='bbox 403 3494 447 3552; x_wconf 83' lang='grc' dir='ltr'>δ’</span> <span class='ocrx_word' id='word_1_199' title='bbox 474 3495 623 3569; x_wconf 76' lang='grc' dir='ltr'>ὓμῖν,</span> <span class='ocrx_word' id='word_1_200' title='bbox 652 3482 872 3575; x_wconf 67' lang='grc' dir='ltr'>ὦνδρες,</span> <span class='ocrx_word' id='word_1_201' title='bbox 898 3492 1053 3552; x_wconf 81' lang='grc' dir='ltr'>αὐτὸν</span> <span class='ocrx_word' id='word_1_202' title='bbox 1072 3493 1163 3552; x_wconf 80' lang='grc' dir='ltr'><strong>τὸν</strong></span> <span class='ocrx_word' id='word_1_203' title='bbox 1190 3493 1320 3568; x_wconf 81' lang='grc' dir='ltr'>θεὸν,</span> 
     </span>
    </p>

    <p class='ocr_par' dir='ltr' id='par_1_7' title="bbox 176 3567 1217 3660">
     <span class='ocr_line' id='line_1_28' title="bbox 176 3567 1217 3660; baseline 0.002 -22"><span class='ocrx_word' id='word_1_204' title='bbox 176 3571 216 3638; x_wconf 71' lang='grc' dir='ltr'><strong>ἕξ</strong></span> <span class='ocrx_word' id='word_1_205' title='bbox 236 3567 285 3634; x_wconf 69' lang='grc' dir='ltr'><strong>οὗ</strong></span> <span class='ocrx_word' id='word_1_206' title='bbox 309 3579 362 3638; x_wconf 77' lang='grc' dir='ltr'><strong>τὸ</strong></span> <span class='ocrx_word' id='word_1_207' title='bbox 382 3581 588 3656; x_wconf 77' lang='grc' dir='ltr'>μεθύειν</span> <span class='ocrx_word' id='word_1_208' title='bbox 618 3589 782 3640; x_wconf 73' lang='grc' dir='ltr'>πᾶσιν</span> <span class='ocrx_word' id='word_1_209' title='bbox 803 3585 932 3658; x_wconf 86' lang='grc' dir='ltr'>ἡμῖν</span> <span class='ocrx_word' id='word_1_210' title='bbox 960 3581 1217 3660; x_wconf 79' lang='grc' dir='ltr'>γίγνεται,</span> 
     </span>
    </p>

    <p class='ocr_par' dir='ltr' id='par_1_8' title="bbox 178 3650 1227 3750">
     <span class='ocr_line' id='line_1_29' title="bbox 178 3650 1227 3750; baseline 0 -22"><span class='ocrx_word' id='word_1_211' title='bbox 178 3650 203 3728; x_wconf 64' lang='grc' dir='ltr'>ἦ</span> <span class='ocrx_word' id='word_1_212' title='bbox 224 3662 311 3736; x_wconf 75' lang='grc' dir='ltr'><strong>μὴν</strong></span> <span class='ocrx_word' id='word_1_213' title='bbox 335 3667 533 3729; x_wconf 77' lang='grc' dir='ltr'>ἑλέσθαι</span> <span class='ocrx_word' id='word_1_214' title='bbox 557 3676 745 3729; x_wconf 73' lang='grc' dir='ltr'>τοῦτον</span> <span class='ocrx_word' id='word_1_215' title='bbox 770 3669 833 3730; x_wconf 78' lang='grc' dir='ltr'><strong>ἂν</strong></span> <span class='ocrx_word' id='word_1_216' title='bbox 854 3673 947 3742; x_wconf 77' lang='grc' dir='ltr'><strong>ζῆν</strong></span> <span class='ocrx_word' id='word_1_217' title='bbox 970 3671 1058 3730; x_wconf 80' lang='grc' dir='ltr'><strong>τὸν</strong></span> <span class='ocrx_word' id='word_1_218' title='bbox 1090 3671 1227 3750; x_wconf 83' lang='grc' dir='ltr'>βίον,</span> 
     </span>
    </p>

    <p class='ocr_par' dir='ltr' id='par_1_9' title="bbox 120 3745 1629 5270">
     <span class='ocr_line' id='line_1_30' title="bbox 174 3745 1293 3839; baseline 0 -23"><span class='ocrx_word' id='word_1_219' title='bbox 174 3745 301 3821; x_wconf 74' lang='grc' dir='ltr'><strong>ἦτῆν</strong></span> <span class='ocrx_word' id='word_1_220' title='bbox 322 3755 575 3817; x_wconf 75' lang='grc' dir='ltr'>Σελεύκου</span> <span class='ocrx_word' id='word_1_221' title='bbox 598 3762 694 3817; x_wconf 76' lang='grc' dir='ltr'><strong>τοῦ</strong></span> <span class='ocrx_word' id='word_1_222' title='bbox 720 3757 977 3838; x_wconf 78' lang='grc' dir='ltr'>βασιλέως</span> <span class='ocrx_word' id='word_1_223' title='bbox 1001 3758 1263 3839; x_wconf 77' lang='grc' dir='ltr'>ὑπεροχήν</span> <span class='ocrx_word' id='word_1_224' title='bbox 1282 3783 1293 3794; x_wconf 87' lang='grc'><em>·</em></span> 
     </span>
     <span class='ocr_line' id='line_1_31' title="bbox 124 3865 1626 3944; baseline 0.005 -24"><span class='ocrx_word' id='word_1_225' title='bbox 124 3875 217 3914; x_wconf 63' lang='lat' dir='ltr'><strong>&#39;um</strong></span> <span class='ocrx_word' id='word_1_226' title='bbox 236 3865 471 3926; x_wconf 81' lang='lat' dir='ltr'>Seleucus</span> <span class='ocrx_word' id='word_1_227' title='bbox 496 3890 715 3944; x_wconf 83' lang='lat' dir='ltr'><strong>quum,</strong></span> <span class='ocrx_word' id='word_1_228' title='bbox 752 3882 891 3928; x_wconf 86' lang='lat' dir='ltr'><strong>teste</strong></span> <span class='ocrx_word' id='word_1_229' title='bbox 927 3871 1189 3928; x_wconf 86' lang='lat' dir='ltr'><strong>Diodoro</strong></span> <span class='ocrx_word' id='word_1_230' title='bbox 1226 3873 1339 3928; x_wconf 90' lang='lat' dir='ltr'><strong>Sic.</strong></span> <span class='ocrx_word' id='word_1_231' title='bbox 1394 3889 1496 3941; x_wconf 79' lang='lat'><strong>20,</strong></span> <span class='ocrx_word' id='word_1_232' title='bbox 1529 3871 1626 3943; x_wconf 82' lang='lat'><strong>53,</strong></span> 
     </span>
     <span class='ocr_line' id='line_1_32' title="bbox 124 3945 1629 4036; baseline 0.005 -27"><span class='ocrx_word' id='word_1_233' title='bbox 124 3945 284 4025; x_wconf 69' lang='lat' dir='ltr'><strong>‘&#39;lymp.</strong></span> <span class='ocrx_word' id='word_1_234' title='bbox 314 3956 439 4032; x_wconf 80' lang='lat'><strong>118,</strong></span> <span class='ocrx_word' id='word_1_235' title='bbox 468 3979 503 4014; x_wconf 80' lang='lat' dir='ltr'><strong>a</strong></span> <span class='ocrx_word' id='word_1_236' title='bbox 534 3959 709 4034; x_wconf 87' lang='lat' dir='ltr'><strong>(ante</strong></span> <span class='ocrx_word' id='word_1_237' title='bbox 730 3959 867 4016; x_wconf 86' lang='lat' dir='ltr'>Chr.</span> <span class='ocrx_word' id='word_1_238' title='bbox 896 3970 1017 4024; x_wconf 84' lang='lat' dir='ltr'><strong>nat.</strong></span> <span class='ocrx_word' id='word_1_239' title='bbox 1047 3960 1191 4035; x_wconf 86' lang='lat'><strong>306)</strong></span> <span class='ocrx_word' id='word_1_240' title='bbox 1222 3979 1415 4035; x_wconf 84' lang='lat' dir='ltr'><strong>regem</strong></span> <span class='ocrx_word' id='word_1_241' title='bbox 1438 3979 1499 4016; x_wconf 88' lang='lat' dir='ltr'><strong>se</strong></span> <span class='ocrx_word' id='word_1_242' title='bbox 1526 3979 1629 4036; x_wconf 89' lang='lat' dir='ltr'><strong>ap-</strong></span> 
     </span>
     <span class='ocr_line' id='line_1_33' title="bbox 124 4035 1627 4123; baseline 0.003 -23"><span class='ocrx_word' id='word_1_243' title='bbox 124 4035 271 4101; x_wconf 61' lang='lat' dir='ltr'><strong>}’eflari</strong></span> <span class='ocrx_word' id='word_1_244' title='bbox 288 4041 529 4116; x_wconf 78' lang='lat' dir='ltr'><strong>jusserit,</strong></span> <span class='ocrx_word' id='word_1_245' title='bbox 558 4057 834 4123; x_wconf 85' lang='lat' dir='ltr'><strong>apparet,</strong></span> <span class='ocrx_word' id='word_1_246' title='bbox 865 4049 985 4104; x_wconf 77' lang='lat' dir='ltr'><strong>haec</strong></span> <span class='ocrx_word' id='word_1_247' title='bbox 1022 4067 1140 4103; x_wconf 89' lang='lat' dir='ltr'><strong>non</strong></span> <span class='ocrx_word' id='word_1_248' title='bbox 1167 4049 1417 4123; x_wconf 85' lang='lat' dir='ltr'><strong>potuisse</strong></span> <span class='ocrx_word' id='word_1_249' title='bbox 1452 4051 1627 4104; x_wconf 89' lang='lat' dir='ltr'>scribi</span> 
     </span>
     <span class='ocr_line' id='line_1_34' title="bbox 123 4119 1629 4210; baseline 0.005 -25"><span class='ocrx_word' id='word_1_250' title='bbox 123 4119 173 4172; x_wconf 61' lang='grc' dir='ltr'><strong>ἰώ</strong></span> <span class='ocrx_word' id='word_1_251' title='bbox 190 4143 267 4196; x_wconf 69' lang='grc' dir='ltr'><strong>θο,</strong></span> <span class='ocrx_word' id='word_1_252' title='bbox 296 4133 387 4204; x_wconf 86' lang='lat' dir='ltr'><strong>qui</strong></span> <span class='ocrx_word' id='word_1_253' title='bbox 416 4133 535 4206; x_wconf 89' lang='lat' dir='ltr'><strong>jam</strong></span> <span class='ocrx_word' id='word_1_254' title='bbox 566 4137 786 4210; x_wconf 79' lang='lat' dir='ltr'><strong>olymp.</strong></span> <span class='ocrx_word' id='word_1_255' title='bbox 836 4154 945 4191; x_wconf 78' lang='lat'><strong>112</strong></span> <span class='ocrx_word' id='word_1_256' title='bbox 984 4135 1136 4193; x_wconf 82' lang='lat' dir='ltr'><strong>diem</strong></span> <span class='ocrx_word' id='word_1_257' title='bbox 1178 4138 1428 4194; x_wconf 87' lang='lat' dir='ltr'><strong>obiisset.</strong></span> <span class='ocrx_word' id='word_1_258' title='bbox 1476 4137 1629 4208; x_wconf 88' lang='lat' dir='ltr'><strong>Quid</strong></span> 
     </span>
     <span class='ocr_line' id='line_1_35' title="bbox 124 4219 1627 4300; baseline 0.013 -42"><span class='ocrx_word' id='word_1_259' title='bbox 124 4220 291 4282; x_wconf 79' lang='lat' dir='ltr'><strong>autern,</strong></span> <span class='ocrx_word' id='word_1_260' title='bbox 316 4219 357 4271; x_wconf 86' lang='lat' dir='ltr'><strong>si</strong></span> <span class='ocrx_word' id='word_1_261' title='bbox 382 4239 484 4293; x_wconf 82' lang='lat' dir='ltr'><strong>per</strong></span> <span class='ocrx_word' id='word_1_262' title='bbox 511 4241 771 4278; x_wconf 87' lang='lat' dir='ltr'><strong>errorem</strong></span> <span class='ocrx_word' id='word_1_263' title='bbox 814 4219 888 4278; x_wconf 90' lang='grc' dir='ltr'><strong>οδ’</strong></span> <span class='ocrx_word' id='word_1_264' title='bbox 924 4241 1035 4295; x_wconf 88' lang='lat' dir='ltr'><strong>pro</strong></span> <span class='ocrx_word' id='word_1_265' title='bbox 1076 4220 1150 4300; x_wconf 85' lang='grc' dir='ltr'>ρδ’</span> <span class='ocrx_word' id='word_1_266' title='bbox 1178 4225 1457 4298; x_wconf 86' lang='lat' dir='ltr'><strong>scriptum</strong></span> <span class='ocrx_word' id='word_1_267' title='bbox 1506 4233 1627 4278; x_wconf 88' lang='lat' dir='ltr'><strong>sta-</strong></span> 
     </span>
     <span class='ocr_line' id='line_1_36' title="bbox 124 4296 1623 4380; baseline 0.017 -39"><span class='ocrx_word' id='word_1_268' title='bbox 124 4296 281 4354; x_wconf 84' lang='lat' dir='ltr'><strong>tuimus</strong></span> <span class='ocrx_word' id='word_1_269' title='bbox 316 4307 463 4380; x_wconf 85' lang='lat' dir='ltr'><strong>apud</strong></span> <span class='ocrx_word' id='word_1_270' title='bbox 508 4310 779 4365; x_wconf 81' lang='lat' dir='ltr'><strong>Suidam?</strong></span> <span class='ocrx_word' id='word_1_271' title='bbox 813 4311 891 4364; x_wconf 87' lang='lat' dir='ltr'><strong>ita</strong></span> <span class='ocrx_word' id='word_1_272' title='bbox 936 4313 1070 4368; x_wconf 83' lang='lat' dir='ltr'><strong>Ant.</strong></span> <span class='ocrx_word' id='word_1_273' title='bbox 1100 4313 1279 4366; x_wconf 83' lang='lat' dir='ltr'><strong>aetatis</strong></span> <span class='ocrx_word' id='word_1_274' title='bbox 1313 4329 1465 4365; x_wconf 86' lang='lat' dir='ltr'><strong>anno</strong></span> <span class='ocrx_word' id='word_1_275' title='bbox 1514 4317 1623 4375; x_wconf 75' lang='lat'><strong>104</strong></span> 
     </span>
     <span class='ocr_line' id='line_1_37' title="bbox 120 4395 1627 4474; baseline 0.011 -36"><span class='ocrx_word' id='word_1_276' title='bbox 120 4397 307 4445; x_wconf 77' lang='lat' dir='ltr'><strong>mortem</strong></span> <span class='ocrx_word' id='word_1_277' title='bbox 322 4395 542 4453; x_wconf 86' lang='lat' dir='ltr'><strong>obiisset</strong></span> <span class='ocrx_word' id='word_1_278' title='bbox 562 4408 695 4474; x_wconf 87' lang='lat' dir='ltr'><strong>post</strong></span> <span class='ocrx_word' id='word_1_279' title='bbox 716 4399 1071 4456; x_wconf 80' lang='lat' dir='ltr'>commissam</span> <span class='ocrx_word' id='word_1_280' title='bbox 1100 4401 1159 4453; x_wconf 88' lang='lat' dir='ltr'><strong>in</strong></span> <span class='ocrx_word' id='word_1_281' title='bbox 1184 4409 1469 4455; x_wconf 86' lang='lat' dir='ltr'><strong>certamen</strong></span> <span class='ocrx_word' id='word_1_282' title='bbox 1489 4417 1627 4474; x_wconf 86' lang='lat' dir='ltr'><strong>pau·</strong></span> 
     </span>
     <span class='ocr_line' id='line_1_38' title="bbox 122 4471 1622 4567; baseline 0.017 -48"><span class='ocrx_word' id='word_1_283' title='bbox 122 4471 181 4522; x_wconf 73' lang='lat' dir='ltr'><strong>(is</strong></span> <span class='ocrx_word' id='word_1_284' title='bbox 212 4489 319 4534; x_wconf 82' lang='lat' dir='ltr'><strong>ante</strong></span> <span class='ocrx_word' id='word_1_285' title='bbox 346 4487 629 4542; x_wconf 84' lang='lat' dir='ltr'><strong>mensibus</strong></span> <span class='ocrx_word' id='word_1_286' title='bbox 682 4487 1163 4567; x_wconf 82' lang='grc' dir='ltr'>Παρεκδιδομένην.</span> <span class='ocrx_word' id='word_1_287' title='bbox 1206 4491 1383 4558; x_wconf 86' lang='lat' dir='ltr'><strong>Rara,</strong></span> <span class='ocrx_word' id='word_1_288' title='bbox 1421 4487 1622 4557; x_wconf 81' lang='lat' dir='ltr'><strong>fatcor,</strong></span> 
     </span>
     <span class='ocr_line' id='line_1_39' title="bbox 120 4567 1621 4650; baseline 0.003 -22"><span class='ocrx_word' id='word_1_289' title='bbox 120 4567 243 4628; x_wconf 62' lang='lat'><strong>*²³⁵3</strong></span> <span class='ocrx_word' id='word_1_290' title='bbox 266 4585 441 4626; x_wconf 76' lang='lat' dir='ltr'><strong>verum</strong></span> <span class='ocrx_word' id='word_1_291' title='bbox 478 4575 649 4630; x_wconf 86' lang='lat' dir='ltr'><strong>etiam</strong></span> <span class='ocrx_word' id='word_1_292' title='bbox 674 4577 1033 4647; x_wconf 86' lang='lat' dir='ltr'><strong>Philemoni,</strong></span> <span class='ocrx_word' id='word_1_293' title='bbox 1064 4576 1324 4645; x_wconf 84' lang='lat' dir='ltr'><strong>Alexidi,</strong></span> <span class='ocrx_word' id='word_1_294' title='bbox 1366 4577 1621 4650; x_wconf 83' lang='lat' dir='ltr'><strong>aliisque,</strong></span> 
     </span>
     <span class='ocr_line' id='line_1_40' title="bbox 122 4641 1626 4740; baseline 0.001 -22"><span class='ocrx_word' id='word_1_295' title='bbox 122 4641 381 4718; x_wconf 64' lang='lat' dir='ltr'><strong>&#39;“nss&#39;msima</strong></span> <span class='ocrx_word' id='word_1_296' title='bbox 405 4663 557 4718; x_wconf 84' lang='lat' dir='ltr'><strong>etad</strong></span> <span class='ocrx_word' id='word_1_297' title='bbox 588 4675 901 4720; x_wconf 84' lang='lat' dir='ltr'><strong>extremum</strong></span> <span class='ocrx_word' id='word_1_298' title='bbox 929 4668 1058 4720; x_wconf 80' lang='lat' dir='ltr'><strong>vitae</strong></span> <span class='ocrx_word' id='word_1_299' title='bbox 1086 4667 1347 4740; x_wconf 89' lang='lat' dir='ltr'><strong>spiritum</strong></span> <span class='ocrx_word' id='word_1_300' title='bbox 1384 4666 1626 4740; x_wconf 86' lang='lat' dir='ltr'><strong>poeticis</strong></span> 
     </span>
     <span class='ocr_line' id='line_1_41' title="bbox 122 4735 1621 4828; baseline 0.016 -44"><span class='ocrx_word' id='word_1_301' title='bbox 122 4735 276 4827; x_wconf 75' lang='lat' dir='ltr'><strong>studiis</strong></span> <span class='ocrx_word' id='word_1_302' title='bbox 292 4740 677 4806; x_wconf 81' lang='lat' dir='ltr'><strong>florentissima</strong></span> <span class='ocrx_word' id='word_1_303' title='bbox 703 4753 909 4828; x_wconf 83' lang='lat' dir='ltr'><strong>obtigit</strong></span> <span class='ocrx_word' id='word_1_304' title='bbox 930 4763 1207 4810; x_wconf 85' lang='lat' dir='ltr'><strong>senectus.</strong></span> <span class='ocrx_word' id='word_1_305' title='bbox 1232 4754 1433 4809; x_wconf 86' lang='lat' dir='ltr'><strong>Felicis</strong></span> <span class='ocrx_word' id='word_1_306' title='bbox 1460 4755 1621 4827; x_wconf 80' lang='lat' dir='ltr'><strong>inge-</strong></span> 
     </span>
     <span class='ocr_line' id='line_1_42' title="bbox 125 4821 1624 4915; baseline 0.004 -23"><span class='ocrx_word' id='word_1_307' title='bbox 125 4821 179 4870; x_wconf 61' lang='lat' dir='ltr'><strong>mi</strong></span> <span class='ocrx_word' id='word_1_308' title='bbox 200 4839 393 4892; x_wconf 59' lang='lat' dir='ltr'><strong>{metam</strong></span> <span class='ocrx_word' id='word_1_309' title='bbox 414 4835 580 4892; x_wconf 77' lang='lat' dir='ltr'><strong>fuisse</strong></span> <span class='ocrx_word' id='word_1_310' title='bbox 606 4838 755 4896; x_wconf 84' lang='lat' dir='ltr'><strong>hunc</strong></span> <span class='ocrx_word' id='word_1_311' title='bbox 772 4843 1065 4910; x_wconf 86' lang='lat' dir='ltr'><strong>Nostrum,</strong></span> <span class='ocrx_word' id='word_1_312' title='bbox 1088 4860 1265 4914; x_wconf 90' lang='lat' dir='ltr'><strong>quum</strong></span> <span class='ocrx_word' id='word_1_313' title='bbox 1284 4845 1624 4915; x_wconf 82' lang='lat' dir='ltr'><strong>Anonymus</strong></span> 
     </span>
     <span class='ocr_line' id='line_1_43' title="bbox 124 4907 1623 5008; baseline 0.017 -51"><span class='ocrx_word' id='word_1_314' title='bbox 124 4907 285 4968; x_wconf 80' lang='lat' dir='ltr'><strong>mdicat</strong></span> <span class='ocrx_word' id='word_1_315' title='bbox 301 4959 317 4989; x_wconf 87' lang='lat'><strong>,</strong></span> <span class='ocrx_word' id='word_1_316' title='bbox 343 4918 681 4998; x_wconf 73' lang='grc' dir='ltr'>εὐφυέστατον</span> <span class='ocrx_word' id='word_1_317' title='bbox 704 4927 899 4986; x_wconf 86' lang='lat' dir='ltr'><strong>dicens</strong></span> <span class='ocrx_word' id='word_1_318' title='bbox 925 4929 998 4995; x_wconf 77' lang='grc' dir='ltr'><strong>εἰς</strong></span> <span class='ocrx_word' id='word_1_319' title='bbox 1026 4925 1087 4985; x_wconf 86' lang='grc' dir='ltr'><strong>τὸ</strong></span> <span class='ocrx_word' id='word_1_320' title='bbox 1112 4925 1332 5008; x_wconf 69' lang='grc' dir='ltr'>γράφειν</span> <span class='ocrx_word' id='word_1_321' title='bbox 1364 4925 1456 4986; x_wconf 79' lang='grc' dir='ltr'><strong>καὶ</strong></span> <span class='ocrx_word' id='word_1_322' title='bbox 1489 4928 1623 5006; x_wconf 87' lang='grc' dir='ltr'>δρα-</span> 
     </span>
     <span class='ocr_line' id='line_1_44' title="bbox 128 5011 1622 5092; baseline 0.013 -39"><span class='ocrx_word' id='word_1_323' title='bbox 128 5011 389 5074; x_wconf 56' lang='grc' dir='ltr'>ζιιτοποιεῑν,</span> <span class='ocrx_word' id='word_1_324' title='bbox 416 5020 533 5065; x_wconf 86' lang='lat' dir='ltr'><strong>tum</strong></span> <span class='ocrx_word' id='word_1_325' title='bbox 577 5012 643 5067; x_wconf 82' lang='lat' dir='ltr'><strong>id</strong></span> <span class='ocrx_word' id='word_1_326' title='bbox 667 5016 995 5092; x_wconf 77' lang='lat' dir='ltr'><strong>intelligitur</strong></span> <span class='ocrx_word' id='word_1_327' title='bbox 1026 5035 1057 5072; x_wconf 89' lang='lat' dir='ltr'><strong>e</strong></span> <span class='ocrx_word' id='word_1_328' title='bbox 1095 5018 1445 5091; x_wconf 78' lang='lat' dir='ltr'>dramatum,</span> <span class='ocrx_word' id='word_1_329' title='bbox 1478 5037 1622 5091; x_wconf 90' lang='lat' dir='ltr'><strong>quo·</strong></span> 
     </span>
     <span class='ocr_line' id='line_1_45' title="bbox 126 5093 1621 5179; baseline 0.008 -28"><span class='ocrx_word' id='word_1_330' title='bbox 126 5095 219 5174; x_wconf 47' lang='lat'>&#39;¹9¹¹&#39;</span> <span class='ocrx_word' id='word_1_331' title='bbox 248 5093 469 5168; x_wconf 64' lang='lat' dir='ltr'><strong>scriptor</strong></span> <span class='ocrx_word' id='word_1_332' title='bbox 492 5099 715 5159; x_wconf 76' lang='lat' dir='ltr'><strong>habitus</strong></span> <span class='ocrx_word' id='word_1_333' title='bbox 742 5115 865 5177; x_wconf 86' lang='lat' dir='ltr'><strong>cst,</strong></span> <span class='ocrx_word' id='word_1_334' title='bbox 900 5123 1140 5162; x_wconf 88' lang='lat' dir='ltr'><strong>numero</strong></span> <span class='ocrx_word' id='word_1_335' title='bbox 1166 5105 1279 5161; x_wconf 90' lang='grc'><strong>365</strong></span> <span class='ocrx_word' id='word_1_336' title='bbox 1296 5148 1315 5179; x_wconf 87' lang='grc'><strong>,</strong></span> <span class='ocrx_word' id='word_1_337' title='bbox 1356 5105 1445 5160; x_wconf 82' lang='lat' dir='ltr'><strong>vel</strong></span> <span class='ocrx_word' id='word_1_338' title='bbox 1488 5105 1621 5164; x_wconf 78' lang='lat'><strong>280.</strong></span> 
     </span>
     <span class='ocr_line' id='line_1_46' title="bbox 130 5163 1621 5270; baseline 0.005 -27"><span class='ocrx_word' id='word_1_339' title='bbox 130 5163 177 5222; x_wconf 50' lang='grc' dir='ltr'><strong>[ἶ</strong></span> <span class='ocrx_word' id='word_1_340' title='bbox 200 5181 330 5244; x_wconf 79' lang='lat' dir='ltr'><strong>prior</strong></span> <span class='ocrx_word' id='word_1_341' title='bbox 358 5189 585 5259; x_wconf 77' lang='lat' dir='ltr'><strong>quidem</strong></span> <span class='ocrx_word' id='word_1_342' title='bbox 624 5191 723 5250; x_wconf 80' lang='lat' dir='ltr'><strong>istc</strong></span> <span class='ocrx_word' id='word_1_343' title='bbox 749 5213 1014 5252; x_wconf 84' lang='lat' dir='ltr'><strong>numerus</strong></span> <span class='ocrx_word' id='word_1_344' title='bbox 1042 5206 1233 5270; x_wconf 84' lang='lat' dir='ltr'><strong>potest</strong></span> <span class='ocrx_word' id='word_1_345' title='bbox 1262 5205 1321 5251; x_wconf 86' lang='lat' dir='ltr'><strong>ut</strong></span> <span class='ocrx_word' id='word_1_346' title='bbox 1364 5197 1433 5250; x_wconf 81' lang='lat' dir='ltr'><strong>sit</strong></span> <span class='ocrx_word' id='word_1_347' title='bbox 1463 5215 1621 5250; x_wconf 70' lang='lat' dir='ltr'><strong>com-</strong></span> 
     </span>
    </p>
   </div>
   <div class='ocr_carea' id='block_1_7' title="bbox 1682 1356 3295 1441">
    <p class='ocr_par' dir='ltr' id='par_1_10' title="bbox 1682 1356 3295 1441">
     <span class='ocr_line' id='line_1_47' title="bbox 1682 1356 3295 1441; baseline 0.013 -33"><span class='ocrx_word' id='word_1_348' title='bbox 1682 1366 1693 1389; x_wconf 92' lang='lat'><strong>·</strong></span> <span class='ocrx_word' id='word_1_349' title='bbox 1735 1356 2058 1427; x_wconf 71' lang='lat' dir='ltr'><strong>mentitiuS,</strong></span> <span class='ocrx_word' id='word_1_350' title='bbox 2111 1376 2288 1433; x_wconf 87' lang='lat' dir='ltr'><strong>quum</strong></span> <span class='ocrx_word' id='word_1_351' title='bbox 2329 1370 2664 1429; x_wconf 60' lang='lat' dir='ltr'><strong>‚tercentum</strong></span> <span class='ocrx_word' id='word_1_352' title='bbox 2717 1366 3004 1441; x_wconf 75' lang='lat' dir='ltr'><strong>sexaginta</strong></span> <span class='ocrx_word' id='word_1_353' title='bbox 3049 1371 3140 1427; x_wconf 85' lang='lat' dir='ltr'><strong>vel</strong></span> <span class='ocrx_word' id='word_1_354' title='bbox 3178 1384 3295 1429; x_wconf 87' lang='lat' dir='ltr'><strong>ter-</strong></span> 
     </span>
    </p>
   </div>
   <div class='ocr_carea' id='block_1_8' title="bbox 1722 1448 3305 3364">
    <p class='ocr_par' dir='ltr' id='par_1_11' title="bbox 1722 1448 3305 3364">
     <span class='ocr_line' id='line_1_48' title="bbox 1734 1448 3295 1530; baseline 0.013 -32"><span class='ocrx_word' id='word_1_355' title='bbox 1734 1448 2278 1522; x_wconf 78' lang='lat' dir='ltr'><strong>centum-sexaginta</strong></span> <span class='ocrx_word' id='word_1_356' title='bbox 2296 1450 2552 1524; x_wconf 88' lang='lat' dir='ltr'><strong>quinque</strong></span> <span class='ocrx_word' id='word_1_357' title='bbox 2580 1452 2891 1526; x_wconf 72' lang='lat' dir='ltr'><strong>antiquitus</strong></span> <span class='ocrx_word' id='word_1_358' title='bbox 2918 1474 3026 1530; x_wconf 87' lang='lat' dir='ltr'><strong>pro</strong></span> <span class='ocrx_word' id='word_1_359' title='bbox 3045 1462 3295 1518; x_wconf 85' lang='lat' dir='ltr'><strong>rotundo</strong></span> 
     </span>
     <span class='ocr_line' id='line_1_49' title="bbox 1732 1535 3296 1619; baseline 0.013 -33"><span class='ocrx_word' id='word_1_360' title='bbox 1732 1542 1901 1605; x_wconf 86' lang='lat' dir='ltr'><strong>atque</strong></span> <span class='ocrx_word' id='word_1_361' title='bbox 1921 1573 1937 1602; x_wconf 91' lang='lat'><strong>,</strong></span> <span class='ocrx_word' id='word_1_362' title='bbox 1979 1546 2043 1589; x_wconf 88' lang='lat' dir='ltr'><strong>ut</strong></span> <span class='ocrx_word' id='word_1_363' title='bbox 2070 1535 2148 1591; x_wconf 84' lang='lat' dir='ltr'><strong>ita</strong></span> <span class='ocrx_word' id='word_1_364' title='bbox 2175 1535 2360 1591; x_wconf 89' lang='lat' dir='ltr'><strong>dicam</strong></span> <span class='ocrx_word' id='word_1_365' title='bbox 2379 1578 2397 1607; x_wconf 93' lang='lat'><strong>,</strong></span> <span class='ocrx_word' id='word_1_366' title='bbox 2445 1538 2762 1612; x_wconf 76' lang='lat' dir='ltr'><strong>symbolico</strong></span> <span class='ocrx_word' id='word_1_367' title='bbox 2803 1562 3048 1602; x_wconf 85' lang='lat' dir='ltr'><strong>numero</strong></span> <span class='ocrx_word' id='word_1_368' title='bbox 3092 1548 3260 1607; x_wconf 86' lang='lat' dir='ltr'><strong>fuisse</strong></span> <span class='ocrx_word' id='word_1_369' title='bbox 3279 1592 3296 1619; x_wconf 94' lang='lat'><strong>,</strong></span> 
     </span>
     <span class='ocr_line' id='line_1_50' title="bbox 1725 1617 3296 1708; baseline 0.011 -35"><span class='ocrx_word' id='word_1_370' title='bbox 1725 1617 1843 1689; x_wconf 86' lang='lat' dir='ltr'><strong>jam</strong></span> <span class='ocrx_word' id='word_1_371' title='bbox 1867 1638 1939 1675; x_wconf 85' lang='lat' dir='ltr'><strong>ex</strong></span> <span class='ocrx_word' id='word_1_372' title='bbox 1963 1621 2214 1689; x_wconf 75' lang='lat' dir='ltr'><strong>Homero</strong></span> <span class='ocrx_word' id='word_1_373' title='bbox 2233 1624 2461 1698; x_wconf 82' lang='lat' dir='ltr'><strong>(Odyss.</strong></span> <span class='ocrx_word' id='word_1_374' title='bbox 2499 1632 2595 1695; x_wconf 73' lang='grc'>14,</span> <span class='ocrx_word' id='word_1_375' title='bbox 2623 1646 2698 1682; x_wconf 83' lang='lat'><strong>20</strong></span> <span class='ocrx_word' id='word_1_376' title='bbox 2732 1647 2745 1681; x_wconf 80' lang='lat' dir='ltr'><strong>t</strong></span> <span class='ocrx_word' id='word_1_377' title='bbox 2778 1628 2826 1685; x_wconf 78' lang='grc' dir='ltr'><strong>οἱ</strong></span> <span class='ocrx_word' id='word_1_378' title='bbox 2853 1627 2910 1685; x_wconf 83' lang='grc' dir='ltr'>δὲ</span> <span class='ocrx_word' id='word_1_379' title='bbox 2931 1630 3218 1708; x_wconf 72' lang='grc' dir='ltr'>τριηκόσιοί</span> <span class='ocrx_word' id='word_1_380' title='bbox 3239 1658 3296 1693; x_wconf 80' lang='grc' dir='ltr'><strong>τε</strong></span> 
     </span>
     <span class='ocr_line' id='line_1_51' title="bbox 1729 1703 3296 1789; baseline 0.012 -28"><span class='ocrx_word' id='word_1_381' title='bbox 1729 1703 1820 1761; x_wconf 76' lang='grc' dir='ltr'><strong>καὶ</strong></span> <span class='ocrx_word' id='word_1_382' title='bbox 1862 1704 2110 1776; x_wconf 73' lang='grc' dir='ltr'>ἑξήκοντα</span> <span class='ocrx_word' id='word_1_383' title='bbox 2155 1708 2408 1789; x_wconf 76' lang='grc' dir='ltr'>πέλοντο)</span> <span class='ocrx_word' id='word_1_384' title='bbox 2455 1714 2821 1789; x_wconf 78' lang='lat' dir='ltr'><strong>intelligatur,</strong></span> <span class='ocrx_word' id='word_1_385' title='bbox 2880 1728 2938 1773; x_wconf 89' lang='lat' dir='ltr'><strong>et</strong></span> <span class='ocrx_word' id='word_1_386' title='bbox 2991 1720 3177 1779; x_wconf 84' lang='lat' dir='ltr'><strong>Schol.</strong></span> <span class='ocrx_word' id='word_1_387' title='bbox 3223 1724 3296 1779; x_wconf 90' lang='lat' dir='ltr'><strong>ad</strong></span> 
     </span>
     <span class='ocr_line' id='line_1_52' title="bbox 1728 1792 3294 1883; baseline 0.011 -35"><span class='ocrx_word' id='word_1_388' title='bbox 1728 1792 1894 1852; x_wconf 81' lang='lat' dir='ltr'><strong>Iliad.</strong></span> <span class='ocrx_word' id='word_1_389' title='bbox 1923 1802 1978 1865; x_wconf 73' lang='lat' dir='ltr'><strong>l0,</strong></span> <span class='ocrx_word' id='word_1_390' title='bbox 1997 1796 2108 1865; x_wconf 79' lang='grc'><strong>334</strong></span> <span class='ocrx_word' id='word_1_391' title='bbox 2133 1818 2146 1852; x_wconf 84' lang='grc'>;</span> <span class='ocrx_word' id='word_1_392' title='bbox 2175 1795 2458 1869; x_wconf 76' lang='grc' dir='ltr'>συνέστηκε</span> <span class='ocrx_word' id='word_1_393' title='bbox 2479 1799 2676 1878; x_wconf 77' lang='grc' dir='ltr'>πύργος</span> <span class='ocrx_word' id='word_1_394' title='bbox 2690 1804 2749 1860; x_wconf 77' lang='grc' dir='ltr'><strong>ἐκ</strong></span> <span class='ocrx_word' id='word_1_395' title='bbox 2768 1802 2843 1871; x_wconf 82' lang='grc' dir='ltr'><strong>τξ’</strong></span> <span class='ocrx_word' id='word_1_396' title='bbox 2867 1804 3088 1882; x_wconf 82' lang='grc' dir='ltr'>ἀνδρῶν·</span> <span class='ocrx_word' id='word_1_397' title='bbox 3113 1828 3294 1883; x_wconf 86' lang='lat' dir='ltr'><strong>porro</strong></span> 
     </span>
     <span class='ocr_line' id='line_1_53' title="bbox 1726 1882 3292 1967; baseline 0.01 -29"><span class='ocrx_word' id='word_1_398' title='bbox 1726 1882 1953 1938; x_wconf 89' lang='lat' dir='ltr'><strong>Curtius</strong></span> <span class='ocrx_word' id='word_1_399' title='bbox 1975 1884 2033 1955; x_wconf 90' lang='lat'><strong>6,</strong></span> <span class='ocrx_word' id='word_1_400' title='bbox 2057 1904 2156 1957; x_wconf 77' lang='lat' dir='ltr'><strong>ao,</strong></span> <span class='ocrx_word' id='word_1_401' title='bbox 2183 1897 2384 1943; x_wconf 87' lang='lat' dir='ltr'><strong>auctor</strong></span> <span class='ocrx_word' id='word_1_402' title='bbox 2405 1898 2486 1945; x_wconf 88' lang='lat' dir='ltr'><strong>est</strong></span> <span class='ocrx_word' id='word_1_403' title='bbox 2503 1930 2520 1958; x_wconf 92' lang='lat'><strong>,</strong></span> <span class='ocrx_word' id='word_1_404' title='bbox 2541 1892 2700 1947; x_wconf 90' lang='lat' dir='ltr'><strong>Darii</strong></span> <span class='ocrx_word' id='word_1_405' title='bbox 2717 1893 2949 1965; x_wconf 88' lang='lat' dir='ltr'><strong>pellices</strong></span> <span class='ocrx_word' id='word_1_406' title='bbox 2973 1894 3086 1951; x_wconf 87' lang='lat'><strong>360</strong></span> <span class='ocrx_word' id='word_1_407' title='bbox 3109 1897 3292 1967; x_wconf 87' lang='lat' dir='ltr'><strong>fuisse,</strong></span> 
     </span>
     <span class='ocr_line' id='line_1_54' title="bbox 1728 1970 3295 2054; baseline 0.011 -31"><span class='ocrx_word' id='word_1_408' title='bbox 1728 1970 2082 2045; x_wconf 86' lang='lat' dir='ltr'><strong>totidemque</strong></span> <span class='ocrx_word' id='word_1_409' title='bbox 2117 1984 2254 2049; x_wconf 88' lang='lat' dir='ltr'><strong>post</strong></span> <span class='ocrx_word' id='word_1_410' title='bbox 2283 1974 2616 2032; x_wconf 77' lang='lat' dir='ltr'><strong>Alexandri.</strong></span> <span class='ocrx_word' id='word_1_411' title='bbox 2649 1980 2904 2053; x_wconf 83' lang='lat' dir='ltr'><strong>Denique</strong></span> <span class='ocrx_word' id='word_1_412' title='bbox 2932 1981 3046 2037; x_wconf 82' lang='lat'><strong>365</strong></span> <span class='ocrx_word' id='word_1_413' title='bbox 3077 1984 3295 2054; x_wconf 71' lang='lat' dir='ltr'><strong>fabulas</strong></span> 
     </span>
     <span class='ocr_line' id='line_1_55' title="bbox 1729 2059 3296 2143; baseline 0.011 -32"><span class='ocrx_word' id='word_1_414' title='bbox 1729 2059 1930 2113; x_wconf 86' lang='lat' dir='ltr'><strong>veteris</strong></span> <span class='ocrx_word' id='word_1_415' title='bbox 1954 2060 2245 2116; x_wconf 81' lang='lat' dir='ltr'><strong>comoediae</strong></span> <span class='ocrx_word' id='word_1_416' title='bbox 2267 2073 2586 2119; x_wconf 85' lang='lat' dir='ltr'><strong>numeratas</strong></span> <span class='ocrx_word' id='word_1_417' title='bbox 2612 2083 2730 2121; x_wconf 89' lang='lat' dir='ltr'><strong>esse</strong></span> <span class='ocrx_word' id='word_1_418' title='bbox 2757 2068 2838 2122; x_wconf 89' lang='lat' dir='ltr'><strong>ait</strong></span> <span class='ocrx_word' id='word_1_419' title='bbox 2859 2071 3191 2143; x_wconf 83' lang='lat' dir='ltr'><strong>Anonymus</strong></span> <span class='ocrx_word' id='word_1_420' title='bbox 3209 2075 3296 2129; x_wconf 90' lang='lat' dir='ltr'><strong>Dc</strong></span> 
     </span>
     <span class='ocr_line' id='line_1_56' title="bbox 1727 2150 3290 2230; baseline 0.012 -31"><span class='ocrx_word' id='word_1_421' title='bbox 1727 2150 1875 2201; x_wconf 85' lang='lat' dir='ltr'><strong>com.</strong></span> <span class='ocrx_word' id='word_1_422' title='bbox 1913 2166 1976 2221; x_wconf 87' lang='lat' dir='ltr'><strong>p.</strong></span> <span class='ocrx_word' id='word_1_423' title='bbox 2005 2167 2129 2205; x_wconf 74' lang='lat' dir='ltr'><strong>xiv.</strong></span> <span class='ocrx_word' id='word_1_424' title='bbox 2161 2150 2362 2225; x_wconf 86' lang='lat' dir='ltr'><strong>Itaque</strong></span> <span class='ocrx_word' id='word_1_425' title='bbox 2388 2153 2627 2209; x_wconf 85' lang='lat' dir='ltr'><strong>alterum</strong></span> <span class='ocrx_word' id='word_1_426' title='bbox 2659 2174 2937 2229; x_wconf 83' lang='lat' dir='ltr'><strong>ponamus</strong></span> <span class='ocrx_word' id='word_1_427' title='bbox 2959 2176 3290 2230; x_wconf 86' lang='lat' dir='ltr'><strong>numerum,</strong></span> 
     </span>
     <span class='ocr_line' id='line_1_57' title="bbox 1726 2233 3292 2309; baseline 0.012 -21"><span class='ocrx_word' id='word_1_428' title='bbox 1726 2233 1799 2289; x_wconf 84' lang='lat' dir='ltr'><strong>ab</strong></span> <span class='ocrx_word' id='word_1_429' title='bbox 1829 2234 2036 2291; x_wconf 89' lang='lat' dir='ltr'><strong>eodem</strong></span> <span class='ocrx_word' id='word_1_430' title='bbox 2055 2237 2352 2309; x_wconf 86' lang='lat' dir='ltr'><strong>proditum</strong></span> <span class='ocrx_word' id='word_1_431' title='bbox 2377 2240 2492 2297; x_wconf 78' lang='lat'><strong>280</strong></span> <span class='ocrx_word' id='word_1_432' title='bbox 2519 2240 2952 2300; x_wconf 81' lang='lat' dir='ltr'><strong>comoediarum.</strong></span> <span class='ocrx_word' id='word_1_433' title='bbox 2980 2244 3081 2304; x_wconf 89' lang='lat' dir='ltr'><strong>Vel</strong></span> <span class='ocrx_word' id='word_1_434' title='bbox 3101 2249 3182 2303; x_wconf 83' lang='lat' dir='ltr'><strong>sic</strong></span> <span class='ocrx_word' id='word_1_435' title='bbox 3207 2261 3292 2306; x_wconf 84' lang='lat' dir='ltr'><strong>ta-</strong></span> 
     </span>
     <span class='ocr_line' id='line_1_58' title="bbox 1724 2323 3288 2407; baseline 0.012 -32"><span class='ocrx_word' id='word_1_436' title='bbox 1724 2338 1855 2377; x_wconf 88' lang='lat' dir='ltr'><strong>men</strong></span> <span class='ocrx_word' id='word_1_437' title='bbox 1888 2324 2025 2378; x_wconf 82' lang='lat' dir='ltr'><strong>Ant.</strong></span> <span class='ocrx_word' id='word_1_438' title='bbox 2053 2323 2424 2382; x_wconf 80' lang='lat' dir='ltr'><strong>feracissimos</strong></span> <span class='ocrx_word' id='word_1_439' title='bbox 2441 2331 2778 2385; x_wconf 79' lang='lat' dir='ltr'><strong>recentioris</strong></span> <span class='ocrx_word' id='word_1_440' title='bbox 2801 2333 2905 2387; x_wconf 78' lang='lat' dir='ltr'><strong>aevi</strong></span> <span class='ocrx_word' id='word_1_441' title='bbox 2939 2344 3139 2407; x_wconf 88' lang='lat' dir='ltr'><strong>poetas</strong></span> <span class='ocrx_word' id='word_1_442' title='bbox 3167 2354 3288 2393; x_wconf 89' lang='lat' dir='ltr'><strong>sce·</strong></span> 
     </span>
     <span class='ocr_line' id='line_1_59' title="bbox 1724 2410 3290 2491; baseline 0.01 -28"><span class='ocrx_word' id='word_1_443' title='bbox 1724 2410 1883 2466; x_wconf 89' lang='lat' dir='ltr'><strong>nicos</strong></span> <span class='ocrx_word' id='word_1_444' title='bbox 1899 2450 1917 2481; x_wconf 95' lang='lat'><strong>,</strong></span> <span class='ocrx_word' id='word_1_445' title='bbox 1941 2414 2158 2486; x_wconf 88' lang='lat' dir='ltr'><strong>Lopem</strong></span> <span class='ocrx_word' id='word_1_446' title='bbox 2181 2412 2254 2469; x_wconf 91' lang='lat' dir='ltr'><strong>de</strong></span> <span class='ocrx_word' id='word_1_447' title='bbox 2274 2414 2428 2489; x_wconf 81' lang='lat' dir='ltr'><strong>Vega</strong></span> <span class='ocrx_word' id='word_1_448' title='bbox 2455 2414 2586 2471; x_wconf 91' lang='lat' dir='ltr'><strong>dico</strong></span> <span class='ocrx_word' id='word_1_449' title='bbox 2609 2426 2666 2471; x_wconf 91' lang='lat' dir='ltr'><strong>et</strong></span> <span class='ocrx_word' id='word_1_450' title='bbox 2687 2418 3059 2475; x_wconf 86' lang='lat' dir='ltr'><strong>Calderonem</strong></span> <span class='ocrx_word' id='word_1_451' title='bbox 3077 2461 3094 2491; x_wconf 94' lang='lat'><strong>,</strong></span> <span class='ocrx_word' id='word_1_452' title='bbox 3120 2423 3290 2479; x_wconf 83' lang='lat' dir='ltr'><strong>uber-</strong></span> 
     </span>
     <span class='ocr_line' id='line_1_60' title="bbox 1724 2500 3292 2579; baseline 0.009 -28"><span class='ocrx_word' id='word_1_453' title='bbox 1724 2508 1839 2553; x_wconf 86' lang='lat' dir='ltr'><strong>tate</strong></span> <span class='ocrx_word' id='word_1_454' title='bbox 1870 2500 2080 2573; x_wconf 87' lang='lat' dir='ltr'><strong>ingenii</strong></span> <span class='ocrx_word' id='word_1_455' title='bbox 2105 2502 2274 2576; x_wconf 86' lang='lat' dir='ltr'><strong>longe</strong></span> <span class='ocrx_word' id='word_1_456' title='bbox 2307 2502 2933 2579; x_wconf 75' lang='lat' dir='ltr'><strong>longequesuperavit.</strong></span> <span class='ocrx_word' id='word_1_457' title='bbox 2967 2506 3076 2564; x_wconf 88' lang='lat' dir='ltr'><strong>Sed</strong></span> <span class='ocrx_word' id='word_1_458' title='bbox 3107 2513 3292 2565; x_wconf 87' lang='lat' dir='ltr'><strong>maxi-</strong></span> 
     </span>
     <span class='ocr_line' id='line_1_61' title="bbox 1722 2589 3294 2670; baseline 0.009 -31"><span class='ocrx_word' id='word_1_459' title='bbox 1722 2602 1873 2640; x_wconf 86' lang='lat' dir='ltr'><strong>mam</strong></span> <span class='ocrx_word' id='word_1_460' title='bbox 1902 2598 2121 2659; x_wconf 86' lang='lat' dir='ltr'><strong>partem</strong></span> <span class='ocrx_word' id='word_1_461' title='bbox 2156 2589 2364 2645; x_wconf 88' lang='lat' dir='ltr'><strong>horum</strong></span> <span class='ocrx_word' id='word_1_462' title='bbox 2403 2590 2721 2647; x_wconf 85' lang='lat' dir='ltr'><strong>dramatum</strong></span> <span class='ocrx_word' id='word_1_463' title='bbox 2755 2604 2942 2668; x_wconf 81' lang='lat' dir='ltr'><strong>poetae</strong></span> <span class='ocrx_word' id='word_1_464' title='bbox 2983 2599 3294 2670; x_wconf 83' lang='lat' dir='ltr'><strong>generatim</strong></span> 
     </span>
     <span class='ocr_line' id='line_1_62' title="bbox 1722 2672 3294 2756; baseline 0.008 -30"><span class='ocrx_word' id='word_1_465' title='bbox 1722 2672 2136 2745; x_wconf 83' lang='lat' dir='ltr'><strong>probatissimi,</strong></span> <span class='ocrx_word' id='word_1_466' title='bbox 2183 2677 2376 2733; x_wconf 66' lang='lat' dir='ltr'><strong>nescio</strong></span> <span class='ocrx_word' id='word_1_467' title='bbox 2421 2694 2537 2750; x_wconf 86' lang='lat' dir='ltr'><strong>qua</strong></span> <span class='ocrx_word' id='word_1_468' title='bbox 2591 2678 2666 2733; x_wconf 89' lang='lat' dir='ltr'><strong>de</strong></span> <span class='ocrx_word' id='word_1_469' title='bbox 2713 2697 2878 2735; x_wconf 83' lang='lat' dir='ltr'><strong>causa</strong></span> <span class='ocrx_word' id='word_1_470' title='bbox 2899 2721 2918 2756; x_wconf 88' lang='lat'><strong>,</strong></span> <span class='ocrx_word' id='word_1_471' title='bbox 2964 2700 3082 2737; x_wconf 88' lang='lat' dir='ltr'><strong>non</strong></span> <span class='ocrx_word' id='word_1_472' title='bbox 3128 2683 3294 2739; x_wconf 84' lang='lat' dir='ltr'><strong>fnisse</strong></span> 
     </span>
     <span class='ocr_line' id='line_1_63' title="bbox 1725 2764 3290 2841; baseline 0.008 -28"><span class='ocrx_word' id='word_1_473' title='bbox 1725 2770 1938 2832; x_wconf 88' lang='lat' dir='ltr'><strong>actam,</strong></span> <span class='ocrx_word' id='word_1_474' title='bbox 1976 2764 2068 2817; x_wconf 82' lang='lat' dir='ltr'><strong>vel</strong></span> <span class='ocrx_word' id='word_1_475' title='bbox 2105 2780 2175 2818; x_wconf 85' lang='lat' dir='ltr'><strong>ex</strong></span> <span class='ocrx_word' id='word_1_476' title='bbox 2202 2781 2272 2819; x_wconf 91' lang='lat' dir='ltr'><strong>eo</strong></span> <span class='ocrx_word' id='word_1_477' title='bbox 2300 2764 2572 2840; x_wconf 78' lang='lat' dir='ltr'><strong>colligas,</strong></span> <span class='ocrx_word' id='word_1_478' title='bbox 2605 2765 2766 2839; x_wconf 87' lang='lat' dir='ltr'><strong>quod</strong></span> <span class='ocrx_word' id='word_1_479' title='bbox 2803 2785 2913 2841; x_wconf 88' lang='lat' dir='ltr'><strong>pro</strong></span> <span class='ocrx_word' id='word_1_480' title='bbox 2954 2779 3108 2825; x_wconf 87' lang='lat' dir='ltr'><strong>tanta</strong></span> <span class='ocrx_word' id='word_1_481' title='bbox 3143 2773 3290 2825; x_wconf 82' lang='lat' dir='ltr'><strong>mul-</strong></span> 
     </span>
     <span class='ocr_line' id='line_1_64' title="bbox 1724 2846 3290 2930; baseline 0.009 -31"><span class='ocrx_word' id='word_1_482' title='bbox 1724 2846 1972 2904; x_wconf 87' lang='lat' dir='ltr'><strong>titudine</strong></span> <span class='ocrx_word' id='word_1_483' title='bbox 2009 2866 2146 2905; x_wconf 87' lang='lat' dir='ltr'><strong>raro</strong></span> <span class='ocrx_word' id='word_1_484' title='bbox 2164 2888 2182 2918; x_wconf 89' lang='lat'><strong>,</strong></span> <span class='ocrx_word' id='word_1_485' title='bbox 2224 2850 2280 2905; x_wconf 84' lang='lat' dir='ltr'><strong>h.</strong></span> <span class='ocrx_word' id='word_1_486' title='bbox 2321 2868 2374 2906; x_wconf 90' lang='lat' dir='ltr'><strong>e.</strong></span> <span class='ocrx_word' id='word_1_487' title='bbox 2421 2852 2646 2906; x_wconf 89' lang='lat' dir='ltr'><strong>nonnisi</strong></span> <span class='ocrx_word' id='word_1_488' title='bbox 2683 2852 2994 2925; x_wconf 84' lang='lat' dir='ltr'><strong>tredecies,</strong></span> <span class='ocrx_word' id='word_1_489' title='bbox 3042 2857 3290 2930; x_wconf 85' lang='lat' dir='ltr'><strong>primum</strong></span> 
     </span>
     <span class='ocr_line' id='line_1_65' title="bbox 1726 2936 3305 3016; baseline 0.008 -27"><span class='ocrx_word' id='word_1_490' title='bbox 1726 2936 2018 3008; x_wconf 80' lang='lat' dir='ltr'><strong>praemium</strong></span> <span class='ocrx_word' id='word_1_491' title='bbox 2055 2937 2325 2997; x_wconf 87' lang='lat' dir='ltr'><strong>obtinuit.</strong></span> <span class='ocrx_word' id='word_1_492' title='bbox 2362 2940 2534 2995; x_wconf 87' lang='lat' dir='ltr'><strong>Tituli</strong></span> <span class='ocrx_word' id='word_1_493' title='bbox 2571 2951 2630 2994; x_wconf 92' lang='lat' dir='ltr'><strong>et</strong></span> <span class='ocrx_word' id='word_1_494' title='bbox 2667 2941 2921 3016; x_wconf 75' lang='lat' dir='ltr'><strong>reliquiae</strong></span> <span class='ocrx_word' id='word_1_495' title='bbox 2958 2943 3134 3000; x_wconf 76' lang='lat' dir='ltr'><strong>femie</strong></span> <span class='ocrx_word' id='word_1_496' title='bbox 3175 2946 3305 3002; x_wconf 67' lang='grc'>230-</span> 
     </span>
     <span class='ocr_line' id='line_1_66' title="bbox 1725 3021 3288 3104; baseline 0.008 -28"><span class='ocrx_word' id='word_1_497' title='bbox 1725 3021 2048 3078; x_wconf 76' lang='lat' dir='ltr'><strong>fabularum</strong></span> <span class='ocrx_word' id='word_1_498' title='bbox 2101 3024 2274 3082; x_wconf 87' lang='lat' dir='ltr'><strong>hodie</strong></span> <span class='ocrx_word' id='word_1_499' title='bbox 2311 3037 2640 3100; x_wconf 83' lang='lat' dir='ltr'><strong>supersunt,</strong></span> <span class='ocrx_word' id='word_1_500' title='bbox 2683 3028 2784 3083; x_wconf 87' lang='lat' dir='ltr'><strong>sed</strong></span> <span class='ocrx_word' id='word_1_501' title='bbox 2823 3029 3136 3104; x_wconf 80' lang='lat' dir='ltr'><strong>utrobique</strong></span> <span class='ocrx_word' id='word_1_502' title='bbox 3171 3053 3288 3088; x_wconf 90' lang='lat' dir='ltr'><strong>non</strong></span> 
     </span>
     <span class='ocr_line' id='line_1_67' title="bbox 1722 3112 3288 3188; baseline 0.006 -23"><span class='ocrx_word' id='word_1_503' title='bbox 1722 3127 1910 3183; x_wconf 87' lang='lat' dir='ltr'><strong>pauca</strong></span> <span class='ocrx_word' id='word_1_504' title='bbox 1933 3112 2137 3168; x_wconf 76' lang='lat' dir='ltr'><strong>assecta</strong></span> <span class='ocrx_word' id='word_1_505' title='bbox 2155 3153 2174 3181; x_wconf 85' lang='lat'><strong>,</strong></span> <span class='ocrx_word' id='word_1_506' title='bbox 2205 3123 2302 3167; x_wconf 87' lang='lat' dir='ltr'><strong>aut</strong></span> <span class='ocrx_word' id='word_1_507' title='bbox 2329 3115 2668 3188; x_wconf 75' lang='lat' dir='ltr'><strong>gravissimis</strong></span> <span class='ocrx_word' id='word_1_508' title='bbox 2699 3115 3153 3174; x_wconf 83' lang='lat' dir='ltr'><strong>dubitationibus</strong></span> <span class='ocrx_word' id='word_1_509' title='bbox 3177 3121 3288 3174; x_wconf 84' lang='lat' dir='ltr'><strong>ob-</strong></span> 
     </span>
     <span class='ocr_line' id='line_1_68' title="bbox 1722 3201 3292 3278; baseline 0.009 -26"><span class='ocrx_word' id='word_1_510' title='bbox 1722 3201 1917 3256; x_wconf 83' lang='lat' dir='ltr'><strong>noxia.</strong></span> <span class='ocrx_word' id='word_1_511' title='bbox 1939 3225 1966 3248; x_wconf 70' lang='grc'><strong>»</strong></span> <span class='ocrx_word' id='word_1_512' title='bbox 1993 3203 2046 3255; x_wconf 83' lang='grc' dir='ltr'><em>Ε</em></span> <span class='ocrx_word' id='word_1_513' title='bbox 2065 3201 2264 3269; x_wconf 63' lang='lat' dir='ltr'><strong>Mein„</strong></span> <span class='ocrx_word' id='word_1_514' title='bbox 2293 3203 2396 3274; x_wconf 86' lang='lat' dir='ltr'><strong>qui</strong></span> <span class='ocrx_word' id='word_1_515' title='bbox 2424 3202 2496 3259; x_wconf 88' lang='lat' dir='ltr'><strong>de</strong></span> <span class='ocrx_word' id='word_1_516' title='bbox 2513 3203 2746 3278; x_wconf 81' lang='lat' dir='ltr'><strong>singulis</strong></span> <span class='ocrx_word' id='word_1_517' title='bbox 2775 3207 2952 3262; x_wconf 83' lang='lat' dir='ltr'><strong>titulis</strong></span> <span class='ocrx_word' id='word_1_518' title='bbox 2971 3207 3292 3266; x_wconf 84' lang='lat' dir='ltr'><strong>doctissime</strong></span> 
     </span>
     <span class='ocr_line' id='line_1_69' title="bbox 1724 3287 2802 3364; baseline 0.004 -22"><span class='ocrx_word' id='word_1_519' title='bbox 1724 3287 1843 3362; x_wconf 85' lang='lat' dir='ltr'><strong>agit</strong></span> <span class='ocrx_word' id='word_1_520' title='bbox 1874 3290 2018 3344; x_wconf 84' lang='lat' dir='ltr'><strong>Hist.</strong></span> <span class='ocrx_word' id='word_1_521' title='bbox 2051 3290 2175 3346; x_wconf 89' lang='lat' dir='ltr'><strong>crit.</strong></span> <span class='ocrx_word' id='word_1_522' title='bbox 2201 3291 2364 3348; x_wconf 88' lang='lat' dir='ltr'><strong>Com.</strong></span> <span class='ocrx_word' id='word_1_523' title='bbox 2391 3307 2451 3364; x_wconf 88' lang='lat' dir='ltr'><strong>p.</strong></span> <span class='ocrx_word' id='word_1_524' title='bbox 2485 3289 2592 3347; x_wconf 86' lang='lat'><strong>311</strong></span> <span class='ocrx_word' id='word_1_525' title='bbox 2618 3291 2802 3360; x_wconf 76' lang='lat'><strong>-340.</strong></span> 
     </span>
    </p>
   </div>
   <div class='ocr_carea' id='block_1_9' title="bbox 2259 3464 2755 3525">
    <p class='ocr_par' dir='ltr' id='par_1_12' title="bbox 2259 3464 2755 3525">
     <span class='ocr_line' id='line_1_70' title="bbox 2259 3464 2755 3525; baseline 0.002 -2"><span class='ocrx_word' id='word_1_526' title='bbox 2259 3464 2306 3524; x_wconf 90' lang='lat'><strong>1.</strong></span> <span class='ocrx_word' id='word_1_527' title='bbox 2348 3464 2755 3525; x_wconf 82' lang='grc' dir='ltr'><strong>ΑΓΡΟΙΚΟΣ.</strong></span> 
     </span>
    </p>
   </div>
   <div class='ocr_carea' id='block_1_10' title="bbox 1718 3606 3290 4739">
    <p class='ocr_par' dir='ltr' id='par_1_13' title="bbox 1718 3606 3290 4739">
     <span class='ocr_line' id='line_1_71' title="bbox 1802 3606 3290 3682; baseline 0 -16"><span class='ocrx_word' id='word_1_528' title='bbox 1802 3631 1827 3659; x_wconf 70' lang='grc' dir='ltr'><strong><em>κ</em></strong></span> <span class='ocrx_word' id='word_1_529' title='bbox 1856 3609 1944 3666; x_wconf 77' lang='lat' dir='ltr'><strong>Ab</strong></span> <span class='ocrx_word' id='word_1_530' title='bbox 1983 3608 2200 3665; x_wconf 87' lang='lat' dir='ltr'><strong>artibus</strong></span> <span class='ocrx_word' id='word_1_531' title='bbox 2229 3606 2520 3682; x_wconf 83' lang='lat' dir='ltr'><strong>opificium</strong></span> <span class='ocrx_word' id='word_1_532' title='bbox 2548 3609 2782 3682; x_wconf 89' lang='lat' dir='ltr'><strong>aliisque</strong></span> <span class='ocrx_word' id='word_1_533' title='bbox 2814 3611 3128 3666; x_wconf 86' lang='lat' dir='ltr'><strong>communis</strong></span> <span class='ocrx_word' id='word_1_534' title='bbox 3159 3613 3290 3666; x_wconf 81' lang='lat' dir='ltr'><strong>vitae</strong></span> 
     </span>
     <span class='ocr_line' id='line_1_72' title="bbox 1722 3696 3286 3772; baseline -0.001 -19"><span class='ocrx_word' id='word_1_535' title='bbox 1722 3699 1965 3772; x_wconf 81' lang='lat' dir='ltr'><strong>negotiis</strong></span> <span class='ocrx_word' id='word_1_536' title='bbox 2010 3717 2135 3771; x_wconf 79' lang='lat' dir='ltr'><strong>quae</strong></span> <span class='ocrx_word' id='word_1_537' title='bbox 2189 3698 2470 3772; x_wconf 82' lang='lat' dir='ltr'><strong>inscriptae</strong></span> <span class='ocrx_word' id='word_1_538' title='bbox 2510 3709 2641 3752; x_wconf 89' lang='lat' dir='ltr'><strong>sunt</strong></span> <span class='ocrx_word' id='word_1_539' title='bbox 2707 3696 3030 3768; x_wconf 67' lang='lat' dir='ltr'><strong>comaediae,</strong></span> <span class='ocrx_word' id='word_1_540' title='bbox 3096 3717 3286 3754; x_wconf 85' lang='lat' dir='ltr'><strong>earum</strong></span> 
     </span>
     <span class='ocr_line' id='line_1_73' title="bbox 1720 3781 3288 3862; baseline 0 -22"><span class='ocrx_word' id='word_1_541' title='bbox 1720 3789 1909 3862; x_wconf 87' lang='lat' dir='ltr'><strong>primo</strong></span> <span class='ocrx_word' id='word_1_542' title='bbox 1940 3787 2070 3842; x_wconf 89' lang='lat' dir='ltr'><strong>loco</strong></span> <span class='ocrx_word' id='word_1_543' title='bbox 2096 3786 2362 3861; x_wconf 89' lang='lat' dir='ltr'><strong>ponenda</strong></span> <span class='ocrx_word' id='word_1_544' title='bbox 2383 3795 2466 3842; x_wconf 90' lang='lat' dir='ltr'><strong>est</strong></span> <span class='ocrx_word' id='word_1_545' title='bbox 2492 3787 2588 3840; x_wconf 89' lang='lat' dir='ltr'><strong>illa</strong></span> <span class='ocrx_word' id='word_1_546' title='bbox 2611 3804 2735 3860; x_wconf 83' lang='lat' dir='ltr'><strong>quae</strong></span> <span class='ocrx_word' id='word_1_547' title='bbox 2757 3785 2830 3840; x_wconf 88' lang='lat' dir='ltr'><strong>ab</strong></span> <span class='ocrx_word' id='word_1_548' title='bbox 2855 3787 2979 3841; x_wconf 88' lang='lat' dir='ltr'><strong>aliis</strong></span> <span class='ocrx_word' id='word_1_549' title='bbox 3000 3781 3288 3862; x_wconf 77' lang='grc' dir='ltr'>Ἀγροικος,</span> 
     </span>
     <span class='ocr_line' id='line_1_74' title="bbox 1720 3870 3288 3949; baseline 0.001 -20"><span class='ocrx_word' id='word_1_550' title='bbox 1720 3875 1793 3930; x_wconf 89' lang='lat' dir='ltr'><strong>ab</strong></span> <span class='ocrx_word' id='word_1_551' title='bbox 1830 3876 1954 3929; x_wconf 91' lang='lat' dir='ltr'><strong>aliis</strong></span> <span class='ocrx_word' id='word_1_552' title='bbox 1987 3870 2250 3949; x_wconf 80' lang='grc' dir='ltr'>Ἄγοικοι,</span> <span class='ocrx_word' id='word_1_553' title='bbox 2299 3873 2638 3948; x_wconf 83' lang='lat' dir='ltr'><strong>appellatur.</strong></span> <span class='ocrx_word' id='word_1_554' title='bbox 2695 3874 3012 3930; x_wconf 87' lang='lat' dir='ltr'><strong>Pleniorem</strong></span> <span class='ocrx_word' id='word_1_555' title='bbox 3062 3875 3288 3930; x_wconf 86' lang='lat' dir='ltr'><strong>titulum</strong></span> 
     </span>
     <span class='ocr_line' id='line_1_75' title="bbox 1720 3957 3286 4038; baseline -0.003 -19"><span class='ocrx_word' id='word_1_556' title='bbox 1720 3958 1987 4038; x_wconf 79' lang='grc' dir='ltr'>Ἀγροικος</span> <span class='ocrx_word' id='word_1_557' title='bbox 2005 3957 2040 4028; x_wconf 80' lang='grc' dir='ltr'>ἢ</span> <span class='ocrx_word' id='word_1_558' title='bbox 2075 3959 2376 4019; x_wconf 80' lang='grc' dir='ltr'>Βουταλίων</span> <span class='ocrx_word' id='word_1_559' title='bbox 2413 3959 2589 4016; x_wconf 86' lang='lat' dir='ltr'><strong>habet</strong></span> <span class='ocrx_word' id='word_1_560' title='bbox 2612 3959 2813 4016; x_wconf 80' lang='lat' dir='ltr'><strong>Athen.</strong></span> <span class='ocrx_word' id='word_1_561' title='bbox 2846 3979 2905 4030; x_wconf 89' lang='lat'><strong>7,</strong></span> <span class='ocrx_word' id='word_1_562' title='bbox 2930 3979 2994 4034; x_wconf 89' lang='grc' dir='ltr'><strong>Ρ.</strong></span> <span class='ocrx_word' id='word_1_563' title='bbox 3031 3959 3138 4026; x_wconf 76' lang='grc'><strong>304</strong></span> <span class='ocrx_word' id='word_1_564' title='bbox 3156 4005 3172 4030; x_wconf 90' lang='grc'>,</span> <span class='ocrx_word' id='word_1_565' title='bbox 3207 3963 3251 4015; x_wconf 86' lang='grc' dir='ltr'><strong>Β</strong></span> <span class='ocrx_word' id='word_1_566' title='bbox 3271 4005 3286 4030; x_wconf 93' lang='grc'><strong>,</strong></span> 
     </span>
     <span class='ocr_line' id='line_1_76' title="bbox 1721 4046 3288 4122; baseline -0.001 -18"><span class='ocrx_word' id='word_1_567' title='bbox 1721 4059 1777 4104; x_wconf 90' lang='lat' dir='ltr'><strong>et</strong></span> <span class='ocrx_word' id='word_1_568' title='bbox 1807 4049 1920 4104; x_wconf 86' lang='lat'><strong>313</strong></span> <span class='ocrx_word' id='word_1_569' title='bbox 1941 4089 1957 4119; x_wconf 92' lang='lat'><strong>,</strong></span> <span class='ocrx_word' id='word_1_570' title='bbox 1989 4047 2064 4118; x_wconf 88' lang='lat' dir='ltr'><strong>B,</strong></span> <span class='ocrx_word' id='word_1_571' title='bbox 2101 4049 2262 4122; x_wconf 90' lang='lat' dir='ltr'><strong>quod</strong></span> <span class='ocrx_word' id='word_1_572' title='bbox 2301 4048 2750 4104; x_wconf 87' lang='lat' dir='ltr'><strong>additamentum</strong></span> <span class='ocrx_word' id='word_1_573' title='bbox 2791 4046 2868 4102; x_wconf 87' lang='lat' dir='ltr'><strong>ad</strong></span> <span class='ocrx_word' id='word_1_574' title='bbox 2894 4049 3128 4103; x_wconf 85' lang='lat' dir='ltr'><strong>alteram</strong></span> <span class='ocrx_word' id='word_1_575' title='bbox 3172 4049 3288 4104; x_wconf 87' lang='lat' dir='ltr'><strong>edi-</strong></span> 
     </span>
     <span class='ocr_line' id='line_1_77' title="bbox 1720 4136 3288 4210; baseline -0.001 -19"><span class='ocrx_word' id='word_1_576' title='bbox 1720 4137 1934 4192; x_wconf 85' lang='lat' dir='ltr'><strong>tionem</strong></span> <span class='ocrx_word' id='word_1_577' title='bbox 1973 4136 2174 4192; x_wconf 78' lang='lat' dir='ltr'><strong>fabulae</strong></span> <span class='ocrx_word' id='word_1_578' title='bbox 2217 4147 2473 4210; x_wconf 85' lang='lat' dir='ltr'><strong>spectare</strong></span> <span class='ocrx_word' id='word_1_579' title='bbox 2503 4145 2866 4209; x_wconf 86' lang='lat' dir='ltr'><strong>putaremus,</strong></span> <span class='ocrx_word' id='word_1_580' title='bbox 2913 4136 3128 4191; x_wconf 85' lang='lat' dir='ltr'><strong>etiamsi</strong></span> <span class='ocrx_word' id='word_1_581' title='bbox 3170 4154 3288 4191; x_wconf 85' lang='lat' dir='ltr'><strong>non</strong></span> 
     </span>
     <span class='ocr_line' id='line_1_78' title="bbox 1720 4221 3286 4297; baseline 0.001 -19"><span class='ocrx_word' id='word_1_582' title='bbox 1720 4223 1928 4279; x_wconf 87' lang='lat' dir='ltr'><strong>diserte</strong></span> <span class='ocrx_word' id='word_1_583' title='bbox 1957 4233 2255 4280; x_wconf 86' lang='lat' dir='ltr'><strong>testaretur</strong></span> <span class='ocrx_word' id='word_1_584' title='bbox 2279 4224 2578 4279; x_wconf 75' lang='lat' dir='ltr'><strong>Athenaeus</strong></span> <span class='ocrx_word' id='word_1_585' title='bbox 2607 4223 2934 4278; x_wconf 87' lang='lat' dir='ltr'><strong>emendatus</strong></span> <span class='ocrx_word' id='word_1_586' title='bbox 2961 4221 3020 4294; x_wconf 88' lang='grc'><strong>8,</strong></span> <span class='ocrx_word' id='word_1_587' title='bbox 3055 4243 3115 4297; x_wconf 85' lang='grc' dir='ltr'><strong>Ρ.</strong></span> <span class='ocrx_word' id='word_1_588' title='bbox 3147 4223 3286 4294; x_wconf 86' lang='grc'>358,</span> 
     </span>
     <span class='ocr_line' id='line_1_79' title="bbox 1718 4307 3286 4394; baseline -0.001 -25"><span class='ocrx_word' id='word_1_589' title='bbox 1718 4314 1795 4378; x_wconf 87' lang='lat' dir='ltr'><strong>D,</strong></span> <span class='ocrx_word' id='word_1_590' title='bbox 1834 4307 2042 4394; x_wconf 54' lang='lat' dir='ltr'><strong>&amp;serape</strong></span> <span class='ocrx_word' id='word_1_591' title='bbox 2079 4311 2154 4389; x_wconf 81' lang='grc' dir='ltr'><strong>τῷ</strong></span> <span class='ocrx_word' id='word_1_592' title='bbox 2196 4309 2338 4388; x_wconf 78' lang='grc' dir='ltr'>αὐτῷ</span> <span class='ocrx_word' id='word_1_593' title='bbox 2377 4312 2570 4388; x_wconf 78' lang='grc' dir='ltr'>ποιητῇ</span> <span class='ocrx_word' id='word_1_594' title='bbox 2619 4309 2996 4386; x_wconf 86' lang='lat' dir='ltr'><strong>(antecedunt</strong></span> <span class='ocrx_word' id='word_1_595' title='bbox 3031 4312 3286 4386; x_wconf 84' lang='lat' dir='ltr'><strong>quaedam</strong></span> 
     </span>
     <span class='ocr_line' id='line_1_80' title="bbox 1718 4395 3288 4479; baseline 0 -23"><span class='ocrx_word' id='word_1_596' title='bbox 1718 4417 1786 4456; x_wconf 89' lang='lat' dir='ltr'><strong>ex</strong></span> <span class='ocrx_word' id='word_1_597' title='bbox 1815 4401 2156 4474; x_wconf 84' lang='lat' dir='ltr'><strong>Antiphanis</strong></span> <span class='ocrx_word' id='word_1_598' title='bbox 2175 4399 2458 4474; x_wconf 86' lang='lat' dir='ltr'><strong>Parasito)</strong></span> <span class='ocrx_word' id='word_1_599' title='bbox 2502 4397 2557 4454; x_wconf 79' lang='grc' dir='ltr'><strong>ἐν</strong></span> <span class='ocrx_word' id='word_1_600' title='bbox 2583 4395 2935 4470; x_wconf 80' lang='grc' dir='ltr'>Βουταλίωνι,</span> <span class='ocrx_word' id='word_1_601' title='bbox 2961 4395 3091 4479; x_wconf 80' lang='grc' dir='ltr'>ὅπερ</span> <span class='ocrx_word' id='word_1_602' title='bbox 3111 4399 3288 4477; x_wconf 78' lang='grc' dir='ltr'>δρᾶμα</span> 
     </span>
     <span class='ocr_line' id='line_1_81' title="bbox 1718 4481 3286 4565; baseline -0.002 -21"><span class='ocrx_word' id='word_1_603' title='bbox 1718 4488 1819 4544; x_wconf 84' lang='grc' dir='ltr'><strong>τῶν</strong></span> <span class='ocrx_word' id='word_1_604' title='bbox 1849 4483 2129 4565; x_wconf 74' lang='grc' dir='ltr'>Ἀγροίκων</span> <span class='ocrx_word' id='word_1_605' title='bbox 2158 4483 2269 4542; x_wconf 77' lang='grc' dir='ltr'>ἐστὶ</span> <span class='ocrx_word' id='word_1_606' title='bbox 2292 4483 2380 4541; x_wconf 77' lang='grc' dir='ltr'><strong>νέα</strong></span> <span class='ocrx_word' id='word_1_607' title='bbox 2410 4507 2485 4550; x_wconf 84' lang='grc' dir='ltr'><strong>τις</strong></span> <span class='ocrx_word' id='word_1_608' title='bbox 2509 4481 2780 4554; x_wconf 82' lang='grc' dir='ltr'>διασκευή.</span> <span class='ocrx_word' id='word_1_609' title='bbox 2816 4485 2940 4559; x_wconf 90' lang='lat' dir='ltr'><strong>(Sic</strong></span> <span class='ocrx_word' id='word_1_610' title='bbox 2961 4504 3066 4540; x_wconf 90' lang='lat' dir='ltr'><strong>nos</strong></span> <span class='ocrx_word' id='word_1_611' title='bbox 3091 4505 3286 4542; x_wconf 86' lang='lat' dir='ltr'><strong>emen-</strong></span> 
     </span>
     <span class='ocr_line' id='line_1_82' title="bbox 1718 4570 3284 4649; baseline -0.001 -18"><span class='ocrx_word' id='word_1_612' title='bbox 1718 4575 1994 4631; x_wconf 83' lang='lat' dir='ltr'><strong>davimus.</strong></span> <span class='ocrx_word' id='word_1_613' title='bbox 2041 4576 2204 4631; x_wconf 88' lang='lat' dir='ltr'><strong>Libri</strong></span> <span class='ocrx_word' id='word_1_614' title='bbox 2243 4575 2435 4649; x_wconf 85' lang='lat' dir='ltr'><strong>inepta</strong></span> <span class='ocrx_word' id='word_1_615' title='bbox 2466 4574 2674 4630; x_wconf 80' lang='lat' dir='ltr'><strong>menda</strong></span> <span class='ocrx_word' id='word_1_616' title='bbox 2708 4571 2848 4629; x_wconf 76' lang='grc' dir='ltr'>ἐστὶν</span> <span class='ocrx_word' id='word_1_617' title='bbox 2877 4570 2986 4637; x_wconf 75' lang='grc' dir='ltr'><strong>ἑνὸς</strong></span> <span class='ocrx_word' id='word_1_618' title='bbox 3015 4572 3284 4639; x_wconf 80' lang='grc' dir='ltr'>διασκευή.</span> 
     </span>
     <span class='ocr_line' id='line_1_83' title="bbox 1718 4660 3284 4739; baseline -0.003 -19"><span class='ocrx_word' id='word_1_619' title='bbox 1718 4660 1914 4739; x_wconf 78' lang='lat' dir='ltr'><strong>Both.)</strong></span> <span class='ocrx_word' id='word_1_620' title='bbox 1948 4665 2208 4719; x_wconf 87' lang='lat' dir='ltr'><strong>Ceterum</strong></span> <span class='ocrx_word' id='word_1_621' title='bbox 2231 4663 2552 4735; x_wconf 76' lang='lat' dir='ltr'><strong>Agricolam</strong></span> <span class='ocrx_word' id='word_1_622' title='bbox 2582 4661 2906 4718; x_wconf 85' lang='lat' dir='ltr'><strong>docuerunt</strong></span> <span class='ocrx_word' id='word_1_623' title='bbox 2937 4661 3104 4716; x_wconf 86' lang='lat' dir='ltr'><strong>etiam</strong></span> <span class='ocrx_word' id='word_1_624' title='bbox 3132 4665 3284 4716; x_wconf 86' lang='lat' dir='ltr'><strong>Ana-</strong></span> 
     </span>
    </p>
   </div>
   <div class='ocr_carea' id='block_1_11' title="bbox 1714 4747 3284 4826">
    <p class='ocr_par' dir='ltr' id='par_1_14' title="bbox 1714 4747 3284 4826">
     <span class='ocr_line' id='line_1_84' title="bbox 1714 4747 3284 4826; baseline -0.004 -18"><span class='ocrx_word' id='word_1_625' title='bbox 1714 4753 1882 4822; x_wconf 72' lang='lat' dir='ltr'><strong>xilaS,</strong></span> <span class='ocrx_word' id='word_1_626' title='bbox 1916 4751 2376 4822; x_wconf 73' lang='lat' dir='ltr'><strong>AnaxandrideS,</strong></span> <span class='ocrx_word' id='word_1_627' title='bbox 2409 4753 2632 4826; x_wconf 82' lang='lat' dir='ltr'><strong>Augeas</strong></span> <span class='ocrx_word' id='word_1_628' title='bbox 2652 4790 2669 4820; x_wconf 94' lang='lat'><strong>,</strong></span> <span class='ocrx_word' id='word_1_629' title='bbox 2713 4747 3024 4806; x_wconf 86' lang='lat' dir='ltr'><strong>Menander</strong></span> <span class='ocrx_word' id='word_1_630' title='bbox 3053 4760 3110 4804; x_wconf 93' lang='lat' dir='ltr'><strong>et</strong></span> <span class='ocrx_word' id='word_1_631' title='bbox 3154 4751 3284 4804; x_wconf 83' lang='lat' dir='ltr'><strong>Phi·</strong></span> 
     </span>
    </p>
   </div>
   <div class='ocr_carea' id='block_1_12' title="bbox 1716 4836 3284 4914">
    <p class='ocr_par' dir='ltr' id='par_1_15' title="bbox 1716 4836 3284 4914">
     <span class='ocr_line' id='line_1_85' title="bbox 1716 4836 3284 4914; baseline -0.003 -18"><span class='ocrx_word' id='word_1_632' title='bbox 1716 4843 1887 4896; x_wconf 78' lang='lat' dir='ltr'><strong>lemn.</strong></span> <span class='ocrx_word' id='word_1_633' title='bbox 1920 4843 1990 4912; x_wconf 91' lang='lat' dir='ltr'><strong>Q.</strong></span> <span class='ocrx_word' id='word_1_634' title='bbox 2031 4841 2200 4896; x_wconf 83' lang='lat' dir='ltr'><strong>Novii</strong></span> <span class='ocrx_word' id='word_1_635' title='bbox 2237 4841 2564 4912; x_wconf 81' lang='lat' dir='ltr'><strong>Agricolam</strong></span> <span class='ocrx_word' id='word_1_636' title='bbox 2585 4841 2674 4906; x_wconf 72' lang='grc' dir='ltr'><strong>,ἐ</strong></span> <span class='ocrx_word' id='word_1_637' title='bbox 2703 4856 2884 4914; x_wconf 83' lang='lat' dir='ltr'><strong>graeca</strong></span> <span class='ocrx_word' id='word_1_638' title='bbox 2919 4836 3105 4892; x_wconf 82' lang='lat' dir='ltr'><strong>fabula</strong></span> <span class='ocrx_word' id='word_1_639' title='bbox 3135 4837 3284 4892; x_wconf 83' lang='lat' dir='ltr'><strong>haud</strong></span> 
     </span>
    </p>
   </div>
   <div class='ocr_carea' id='block_1_13' title="bbox 1712 4924 3286 5092">
    <p class='ocr_par' dir='ltr' id='par_1_16' title="bbox 1712 4924 3286 5092">
     <span class='ocr_line' id='line_1_86' title="bbox 1714 4924 3278 5003; baseline -0.006 -19"><span class='ocrx_word' id='word_1_640' title='bbox 1714 4929 1889 4984; x_wconf 88' lang='lat' dir='ltr'><strong>dubie</strong></span> <span class='ocrx_word' id='word_1_641' title='bbox 1904 4947 2220 5003; x_wconf 81' lang='lat' dir='ltr'><strong>expressam</strong></span> <span class='ocrx_word' id='word_1_642' title='bbox 2235 4971 2252 5002; x_wconf 87' lang='lat'><strong>,</strong></span> <span class='ocrx_word' id='word_1_643' title='bbox 2274 4928 2574 5002; x_wconf 87' lang='lat' dir='ltr'><strong>aliquoties</strong></span> <span class='ocrx_word' id='word_1_644' title='bbox 2596 4935 3005 4982; x_wconf 74' lang='lat' dir='ltr'><strong>commemorat</strong></span> <span class='ocrx_word' id='word_1_645' title='bbox 3027 4924 3243 4978; x_wconf 89' lang='lat' dir='ltr'><strong>Nonius</strong></span> <span class='ocrx_word' id='word_1_646' title='bbox 3269 4942 3278 4974; x_wconf 80' lang='lat'><em>2</em></span> 
     </span>
     <span class='ocr_line' id='line_1_87' title="bbox 1712 5010 3286 5092; baseline -0.005 -20"><span class='ocrx_word' id='word_1_647' title='bbox 1712 5017 1829 5072; x_wconf 80' lang='lat' dir='ltr'><strong>vid.</strong></span> <span class='ocrx_word' id='word_1_648' title='bbox 1880 5019 2070 5073; x_wconf 85' lang='lat' dir='ltr'><strong>Bothii</strong></span> <span class='ocrx_word' id='word_1_649' title='bbox 2121 5019 2345 5091; x_wconf 71' lang='lat' dir='ltr'><strong>fragm.</strong></span> <span class='ocrx_word' id='word_1_650' title='bbox 2414 5036 2474 5091; x_wconf 90' lang='lat' dir='ltr'><strong>p.</strong></span> <span class='ocrx_word' id='word_1_651' title='bbox 2529 5025 2626 5083; x_wconf 77' lang='grc'>41.</span> <span class='ocrx_word' id='word_1_652' title='bbox 2675 5015 2768 5092; x_wconf 60' lang='lat' dir='ltr'><strong>,Ad</strong></span> <span class='ocrx_word' id='word_1_653' title='bbox 2819 5010 3156 5087; x_wconf 79' lang='lat' dir='ltr'><strong>Antiphanis</strong></span> <span class='ocrx_word' id='word_1_654' title='bbox 3229 5022 3286 5066; x_wconf 91' lang='lat' dir='ltr'><strong>et</strong></span> 
     </span>
    </p>
   </div>
   <div class='ocr_carea' id='block_1_14' title="bbox 1715 5100 3282 5180">
    <p class='ocr_par' dir='ltr' id='par_1_17' title="bbox 1715 5100 3282 5180">
     <span class='ocr_line' id='line_1_88' title="bbox 1715 5100 3282 5180; baseline -0.008 -16"><span class='ocrx_word' id='word_1_655' title='bbox 1715 5106 2130 5164; x_wconf 80' lang='lat' dir='ltr'><strong>Anaxandridis</strong></span> <span class='ocrx_word' id='word_1_656' title='bbox 2157 5106 2480 5180; x_wconf 80' lang='lat' dir='ltr'><strong>Agricolam</strong></span> <span class='ocrx_word' id='word_1_657' title='bbox 2506 5104 2812 5179; x_wconf 88' lang='lat' dir='ltr'><strong>respexisse</strong></span> <span class='ocrx_word' id='word_1_658' title='bbox 2837 5110 2981 5176; x_wconf 89' lang='lat' dir='ltr'><strong>puto</strong></span> <span class='ocrx_word' id='word_1_659' title='bbox 3011 5100 3282 5155; x_wconf 80' lang='lat' dir='ltr'><strong>Aristote—</strong></span> 
     </span>
    </p>
   </div>
   <div class='ocr_carea' id='block_1_15' title="bbox 1714 5184 3283 5268">
    <p class='ocr_par' dir='ltr' id='par_1_18' title="bbox 1714 5184 3283 5268">
     <span class='ocr_line' id='line_1_89' title="bbox 1714 5184 3283 5268; baseline -0.005 -19"><span class='ocrx_word' id='word_1_660' title='bbox 1714 5196 1821 5250; x_wconf 82' lang='lat' dir='ltr'><strong>lem</strong></span> <span class='ocrx_word' id='word_1_661' title='bbox 1860 5195 1984 5252; x_wconf 76' lang='lat' dir='ltr'><strong>Eth.</strong></span> <span class='ocrx_word' id='word_1_662' title='bbox 2041 5195 2275 5252; x_wconf 77' lang='lat' dir='ltr'><strong>Eudem.</strong></span> <span class='ocrx_word' id='word_1_663' title='bbox 2323 5195 2382 5262; x_wconf 82' lang='lat'><strong>3,</strong></span> <span class='ocrx_word' id='word_1_664' title='bbox 2436 5213 2469 5248; x_wconf 82' lang='lat'><em>2</em></span> <span class='ocrx_word' id='word_1_665' title='bbox 2513 5211 2526 5249; x_wconf 91' lang='lat'>:</span> <span class='ocrx_word' id='word_1_666' title='bbox 2567 5190 2798 5268; x_wconf 80' lang='grc' dir='ltr'>μάλιστα</span> <span class='ocrx_word' id='word_1_667' title='bbox 2841 5190 2885 5246; x_wconf 86' lang='grc' dir='ltr'>δ’</span> <span class='ocrx_word' id='word_1_668' title='bbox 2933 5184 3032 5244; x_wconf 77' lang='grc' dir='ltr'><strong>εἶσὶ</strong></span> <span class='ocrx_word' id='word_1_669' title='bbox 3065 5188 3283 5242; x_wconf 76' lang='grc' dir='ltr'>τοιοῦτοι</span> 
     </span>
    </p>
   </div>
  </div>
 </body>
</html>
