3809 5850
484 405 595 467 nse

577 544 883 638 κνέφαλλοὶ
930 567 1027 627 τε,
1069 540 1179 608 καὶ
1230 539 1615 630 θέρμαστριν,
1656 531 1723 612 ’ἐξ
1765 535 1997 626 θρόνους
2023 586 2041 619 ,

1242 717 1245 722 ,
1805 643 2049 733 χύτραν,

578 757 795 834 κάννας
826 754 1069 841 ἑκατὸν,
1106 751 1365 844 κόρημα,
1402 743 1688 832 κιὸωτὸν,
1715 749 1966 840 λύχνον.

480 911 505 935 ιι
534 888 709 942 Versu
739 903 762 939 1
792 881 926 940 Ald.
951 880 1043 939 ed.
1066 888 1199 956 post
1225 875 1377 954 καρδ.
1400 876 1575 932 habet
1598 871 1675 944 δὲ,
1706 875 1767 928 ἱιι
1795 891 1912 948 quo
1939 873 2050 930 sor·

480 985 622 1030 tasse
654 968 810 1028 δέκα
829 971 987 1027 latet.
1018 994 1043 1020 a»
1077 969 1169 1024 M.
1190 968 1305 1024 Vm
1330 981 1510 1038 quum
1526 963 1830 1019 abhorreat
1852 957 2050 1039 χύτρας

480 1072 752 1136 sequente
779 1055 999 1138 χύτραν,
1028 1059 1348 1132 scripserim
1375 1074 1461 1132 κρ.
1490 1049 1627 1108 ὀκτὼ
1654 1049 1701 1106 δ’
1731 1049 2046 1127 εὗχερεῖς.

481 1147 650 1207 Mein.
680 1145 805 1205 δέκα
838 1143 1056 1224 χύτρας.
1088 1147 1155 1202 V.
1190 1143 1223 1200 3
1268 1139 1592 1219 Θέρμαστρον
1640 1138 1733 1196 ed.
1772 1157 1893 1215 pr.;
1937 1135 2050 1217 θέρ·

478 1257 735 1316 μαυστριν
762 1235 959 1294 Seberi
972 1232 1181 1292 codex.
1207 1230 1492 1287 Bentleius
1506 1224 1669 1306 λύραν
1686 1228 1922 1283 tentavit
1940 1246 2048 1302 pro

478 1322 702 1402 χύτραν.
732 1327 803 1381 V.
837 1328 871 1388 4
903 1321 1113 1377 frustra
1144 1319 1489 1376 recentiores
1525 1316 1841 1373 secundum
1881 1318 2044 1375 Vos&

478 1411 743 1470 codicem
766 1405 951 1475 κλίνας
970 1426 1088 1485 pro
1110 1403 1318 1470 κάννας.

1216 1519 1317 1578 36.

558 1635 721 1694 Idem
748 1654 809 1707 7,
842 1651 920 1709 ²9
950 1652 963 1688 :
990 1628 1221 1711 τάλαρος
1244 1626 1339 1688 καὶ
1375 1625 1533 1694 ἄλλος
1568 1625 1908 1702 καλαθίσκος,
1940 1585 2050 1686 Es·

478 1723 689 1790 πόλιδος
711 1719 943 1788 εἰπόντος
966 1720 1020 1778 ἐν
1050 1719 1128 1778 Π.

576 1847 729 1924 besu
750 1851 1130 1922 καλαθίσκων
1154 1847 1307 1920 mi*
1335 1851 1531 1946 πόρων
1556 1849 1661 1918 καὶ
1692 1850 1945 1925 πηνίων.

478 1983 572 2041 Sic
598 1983 851 2056 optimus
892 1979 1027 2050 cod.
1052 1978 1228 2036 Paris.
1264 1977 1333 2037 Α.
1360 1979 1545 2052 Vulgo
1577 1975 1701 2034 ἄνευ
1727 1974 2050 2034 καλαθίσκοι»

478 2068 571 2127 καὶ
591 2066 741 2148 πήρα
763 2065 857 2126 καὶ
883 2063 1087 2138 πηνίον.
1114 2067 1227 2123 Pro
1250 2062 1426 2146 πόρων
1448 2067 1696 2126 Meinek.
1720 2065 1887 2124 valde
1907 2084 2048 2141 pro-

481 2157 750 2216 babiliter
774 2153 955 2214 πόκω
970 2176 1021 2217 ν.

898 2295 1025 2384 izv.
1069 2321 1622 2382 ΠΡΟΣΠΑΛΤῙΟῙ.

567 2505 593 2531 «ι
621 2480 993 2556 Prospaltios‚
1016 2479 1181 2556 δῆμον
1201 2481 1402 2537 Atticae
1416 2479 1491 2536 ad
1504 2479 1891 2536 Acharnenses
1915 2495 2045 2553 per·

480 2571 783 2638 tinentem,
826 2578 1235 2625 commemorat
1274 2570 1513 2625 Pausan.
1557 2585 1610 2638 1,
1638 2568 1748 2638 313
1783 2567 1854 2624 cf.
1897 2568 2041 2624 Plat.

480 2659 706 2732 Cratylo
733 2676 795 2732 p.
840 2655 978 2732 396.
1009 2657 1406 2713 Irridebantur
1432 2667 1700 2730 tanquam
1726 2657 1910 2711 litium
1937 2656 2046 2729 ‚ju-

478 2748 776 2804 dicialium
804 2745 1023 2819 cupidi.
1058 2747 1245 2819 Etym.
1285 2747 1365 2804 M.
1404 2765 1467 2821 p.
1502 2744 1637 2816 288,
1673 2744 1742 2801 18
1771 2764 1785 2800 ε
1820 2745 2048 2823 ἐκωμῳ-

479 2835 661 2893 δοῦντο
688 2830 789 2911 γὰρ
811 2832 860 2889 οἱ
888 2831 1151 2911 Ἀχαρνεῖς
1179 2833 1249 2897 ὣς
1274 2830 1443 2911 ἄγριοι
1470 2829 1561 2889 καὶ
1590 2829 1834 2909 σκληραί·
1864 2830 2048 2890 Ποτά-

481 2944 593 2999 μιοι
622 2916 677 2979 δὲ
708 2923 779 2986 ὡς
808 2917 995 3001 ῥαδίως
1022 2917 1293 2999 δεχόμενοι
1332 2916 1452 2986 τοὺς
1480 2917 1903 2999 παρεγγράφους·
1933 2921 2048 2980 Θυ-

480 3008 729 3084 μοιτάδαι
758 3008 815 3067 δὲ
836 3006 928 3067 καὶ
954 3007 1319 3085 Προσπάλτιοι
1346 3009 1417 3073 ὣς
1444 3007 1751 3067 δικαστικοί.
1776 3010 2050 3085 Bergkius

481 3099 657 3173 Epist.
676 3098 749 3154 ad
766 3097 1096 3155 Schillerum
1113 3115 1176 3171 p.
1216 3116 1239 3152 1
1252 3096 1325 3163 48
1347 3098 1455 3153 hac
1473 3096 1665 3152 fabula
1688 3098 1946 3174 inprimis
1955 3117 2052 3154 cx·-

476 3188 753 3261 agitatum
770 3195 937 3260 putat
957 3184 1455 3260 Euthyphronem,
1476 3187 1832 3242 Platonicum
1860 3188 2017 3243 illum
2031 3229 2048 3259 ‚

480 3276 583 3347 qui
622 3292 695 3330 eo
732 3275 1037 3349 impietatis
1077 3292 1409 3350 progressus
1436 3284 1580 3343 erat,
1626 3283 1691 3330 ut
1729 3294 1833 3331 suo
1875 3273 2052 3350 ipsius

476 3364 629 3437 patri
668 3362 835 3417 caedis
872 3363 1029 3417 litem
1067 3362 1391 3419 intenderet
1418 3382 1432 3417 ε
1464 3380 1521 3421 ν.
1556 3362 1698 3418 Plat.
1722 3362 2046 3438 Euthyphr.

478 3468 543 3524 p.
584 3456 637 3521 4,
669 3452 719 3505 A
740 3459 799 3505 et
817 3450 1069 3525 Republ.
1096 3469 1157 3521 2,
1186 3468 1245 3527 p.
1276 3448 1417 3524 378,
1436 3452 1498 3522 B,
1526 3451 1627 3506 ubi
1646 3452 1879 3525 quidem
1904 3462 2052 3507 tecte

476 3537 541 3594 id
562 3536 934 3613 significatur.
959 3542 1025 3597 V.
1049 3556 1181 3594 ann.
1204 3538 1279 3595 ad
1300 3540 1369 3596 fr.
1401 3545 1461 3606 4.
1484 3542 1632 3595 Ante
1650 3540 1868 3615 olymp.
1893 3538 1987 3613 89,
2018 3558 2043 3595 1

476 3622 648 3699 (ante
682 3626 813 3683 Chr.
854 3636 971 3684 nat.
1009 3624 1163 3704 423)
1198 3637 1378 3683 actam
1422 3623 1676 3683 fabulam
1714 3644 1832 3683 esse
1854 3627 2050 3683 ‘intel—

476 3712 674 3787 ligitur
692 3730 724 3769 e
746 3713 965 3769 scholio
985 3712 1059 3769 ad
1080 3713 1232 3770 Nub.
1268 3712 1406 3771 533.
1447 3739 1471 3766 n
1511 3716 1559 3769 E
1586 3716 1671 3773 M.

476 4014 539 4075 x
559 3930 769 3989 Athen.
801 3949 855 4001 7,
877 3949 937 4006 p.
962 3931 1100 4003 326,
1134 3935 1180 3989 A
1211 3953 1226 3988 ι
1258 3930 1381 3989 ὅταν
1407 3934 1454 3990 δ’
1479 3932 1547 3993 Ε.
1580 3932 1634 3989 ἐν
1661 3932 2051 4012 Προσπαλτίοις

511 4039 607 4095 wa

583 4136 803 4225 Μήτηρ
846 4156 937 4211 τις
968 4138 1133 4223 αὐτῷ
1162 4140 1413 4228 Θρᾷττα
1445 4138 1843 4219 ταινιόπωλις
1880 4138 1980 4231 ἦν,

478 4258 571 4317 ἐπὶ
592 4261 697 4317 τῶν
723 4258 1048 4340 ὑφασμάτων
1088 4260 1231 4339 λέγει
1250 4262 1341 4322 καὶ
1376 4265 1479 4323 τῶν
1523 4267 1699 4334 ζωνῶν
1714 4308 1731 4337 ,
1764 4256 1845 4334 αἶς
1872 4270 1928 4325 αἱ
1954 4292 2051 4345 γυ-

479 4355 655 4414 ναῖκες
696 4347 1046 4429 περιδέονται.
1081 4354 1261 4410 Recte
1300 4356 1622 4433 Schweigh.
1668 4346 1733 4427 ἦν
1772 4375 1883 4433 pro
1929 4356 2046 4429 τήν.

487 4460 513 4486 «ι
543 4438 797 4493 Fortasse
814 4439 936 4495 haec
955 4441 1293 4516 explicanda
1310 4453 1441 4499 sunt
1462 4464 1530 4500 ex
1553 4446 1780 4520 ingenio
1804 4446 2050 4521 litigioso

480 4522 929 4601 Prospaltiorum
954 4544 969 4585 :
998 4528 1267 4586 videntur
1292 4533 1442 4587 enim
1474 4531 1590 4589 dici
1612 4534 1685 4590 ab
1720 4534 1911 4608 aliquo
1939 4554 2052 4591 eo-

1476 401 1883 462 COMOEmAE
1926 399 2252 461 VE‘rl-:ms
2291 397 2715 472 RELIQUlAE.

2143 549 2270 587 nem
2293 571 2310 600 ,
2337 532 2490 587 tribu
2509 529 2853 587 movendum
2879 547 2993 586 esse
3013 529 3366 588 contendens
3383 575 3402 604 ‚
3447 533 3715 590 Eubulidi

2144 637 2276 673 usus
2300 629 2422 674 erat
2443 627 2776 694 argumento
2819 618 2878 672 in
2913 618 3174 673 Euxithei
3207 637 3378 674 causa
3423 622 3710 676 Demosth.

2141 725 2204 780 p.
2243 706 2414 782 1309,
2439 707 2540 760 ubi
2561 707 2871 762 Euxitheus
2887 747 2904 774 ,
2927 717 3326 780 paupertatem
3353 726 3482 762 non
3506 708 3712 765 infitia-

2145 807 2262 864 tus,
2284 795 2585 868 respondet
2627 793 2672 849 εἶ
2709 790 2764 850 δέ
2792 813 2852 867 γε
2877 790 3118 850 πλούσιοι
3142 782 3303 867 ἦμεν,
3321 793 3352 824 ⁴
3379 791 3498 851 οὔτ’
3533 792 3597 851 ἂν
3633 795 3716 862 τὰς

2142 877 2340 945 ταινίας
2371 880 2708 956 ἐπωλοῦμεν,
2747 877 2854 936 οὔτ’
2903 875 2967 936 ἂν
2997 878 3130 946 ὅλως
3151 869 3288 956 ἦμεν
3321 879 3540 960 ἄποροι.
3573 883 3714 962 (De-

2143 973 2257 1028 leto
2270 971 2602 1044 ineptissimi
2623 967 2858 1043 alicujus
2873 971 3208 1045 glossemate
3225 965 3333 1028 ούτ’
3354 968 3422 1027 ἂν
3445 967 3529 1028 ὄλ.
3545 961 3606 1042 ἦ.
3623 973 3710 1031 ἀπ.

2141 1059 2454 1114 scribamus
2481 1055 2622 1114 οὗτοι
2647 1055 2710 1114 ἂν
2738 1055 2832 1123 τὰς
2854 1079 2906 1116 τ.
2942 1059 3026 1115 ἐπ.
3055 1059 3222 1114 Both.
3251 1059 3270 1133 )
3303 1057 3450 1115 ἀλλὰ
3473 1057 3530 1116 τί
3556 1064 3711 1116 ταῦτα

2142 1146 2375 1204 κοινωνεῖ
2400 1148 2475 1226 τῷ
2497 1143 2664 1222 γάνει,
2683 1146 2867 1205 Verba
2885 1147 2992 1225 Θρ.
3015 1145 3348 1214 ταινιόπωλις
3363 1147 3544 1205 affert
3563 1152 3716 1207 etiam

2143 1236 2462 1322 Eustathius
2480 1235 2557 1293 ad
2574 1235 2780 1310 Odyss.
2809 1255 2869 1312 p.
2907 1235 3080 1311 1934,
3105 1235 3204 1295 33.
3229 1255 3261 1293 n
3298 1239 3350 1292 E
3371 1239 3468 1296 M.

2222 1463 2484 1538 Aspasius
2521 1461 2597 1518 ad
2619 1461 2858 1518 Aristot.
2884 1461 3015 1516 Eth.
3041 1461 3267 1518 Nicom.
3309 1469 3370 1531 4,
3401 1461 3443 1518 6
3468 1477 3485 1520 ε
3511 1459 3715 1532 σύνηθες

2142 1563 2200 1609 et
2212 1561 2400 1608 cetera
2419 1569 2543 1625 quae
2567 1551 2736 1626 posui
2751 1550 2813 1605 in
2824 1551 3039 1625 Myrtili
3055 1551 3322 1624 Titanop.
3335 1550 3409 1605 fr.
3420 1547 3452 1606 ’1
3463 1592 3482 1622 ,
3493 1551 3596 1606 ubi
3607 1550 3716 1623 jam

2141 1657 2252 1714 pro
2279 1636 2338 1695 τὸ
2369 1637 2536 1709 δεινῆς
2575 1634 2777 1702 ἀκούεις
2803 1639 2988 1713 legam
3023 1635 3086 1696 τὸ
3111 1635 3233 1694 δεῖν’
3267 1635 3568 1704 ἐσακούεις.
3609 1642 3712 1695 Ειι·

2138 1727 2325 1800 polidi
2349 1727 2462 1782 hoc
2490 1725 2693 1800 fragm.
2730 1725 3144 1782 vindicandum
3177 1743 3295 1783 esse
3335 1725 3522 1783 docet
3540 1728 3712 1784 schol.

2142 1815 2430 1889 Aristoph.
2449 1816 2620 1889 Vesp.
2655 1813 2731 1871 58
2761 1834 2775 1868 :
2799 1815 2870 1880 ὡς
2887 1815 2991 1872 τῶν
3015 1811 3306 1892 Μεγαρέων
3327 1811 3610 1891 γελώντων
3632 1813 3712 1871 καὶ

2149 1899 2322 1966 ἄλλως
2339 1903 2596 1980 φορτικῶς
2617 1901 3010 1978 γελοιαζόντων.
3047 1899 3278 1968 Εὔπολις
3305 1900 3712 1980 Προσπαλτίοις·

2242 2017 2326 2084 Τὸ
2357 2013 2596 2109 σκῶμμ’
2621 2018 2876 2111 ἀσελγὲς
2899 2016 3004 2084 καὶ
3033 2019 3374 2110 Μεγαρικὸν
3401 2017 3575 2190 (καὶᾶ)
3591 2020 3715 2112 σφό-

3567 2153 3652 2216 ρα.
3665 2177 3680 2191 .
3695 2177 3709 2190 .

2141 2249 2276 2306 Tres
2298 2269 2490 2307 versus
2510 2249 2582 2307 ab
2612 2253 2853 2326 Aspasio
2874 2265 3126 2310 servatos
3151 2253 3230 2309 sic
3259 2257 3441 2310 consti
3451 2259 3566 2311 tuit
3591 2260 3714 2314 Mei-

2139 2339 2272 2397 nek.
2301 2359 2316 2394 ε

2239 2456 2324 2522 Τὸ
2355 2447 2504 2522 δεῖν’
2539 2455 2814 2541 ἀκούεις;
2857 2449 3183 2548 Ἡράκλεις,
3210 2455 3375 2525 τοῦτ’
3400 2459 3546 2526 ἔστι
3585 2487 3674 2527 σοι

2238 2563 2310 2627 τὸ
2341 2557 2580 2652 σκῶμμ’
2610 2561 2856 2656 ἀσελγὲς
2879 2562 2984 2628 καὶ
3008 2565 3342 2658 Μεγαρικὸν
3366 2565 3474 2632 καὶ
3495 2561 3712 2659 σφόδρα

2241 2664 2480 2760 ψυχρόν.
2513 2672 2796 2748 Γελῶσιν,
2831 2673 2911 2745 ὡς
2941 2673 3107 2760 ὁρᾷς,
3142 2668 3224 2736 τὰ
3253 2664 3508 2740 παιδία.

2143 2799 2212 2854 V.
2243 2814 2268 2851 1
2297 2796 2616 2870 legebatur,
2637 2807 2704 2851 ut
2723 2795 2966 2868 dictum,
2997 2795 3060 2854 τὸ
3083 2797 3251 2867 δεινῆς
3271 2796 3500 2864 ἀκούεις.
3533 2827 3560 2850 ι
3589 2804 3712 2857 Pos-

2141 2885 2214 2940 sis
2233 2885 2425 2954 etiam,
2451 2885 2638 2959 inquit
2657 2885 2855 2961 Mein.‚
2881 2886 2910 2941 δ
2935 2883 3074 2957 δεῖν’,
3098 2887 3234 2943 heus
3265 2900 3334 2956 tu,
3373 2899 3438 2944 ut
3471 2891 3714 2945 Machon

2143 2974 2350 3033 Athen.
2375 2972 2434 3043 6,
2458 2992 2522 3048 p.
2555 2972 2695 3043 246,
2722 2973 2784 3031 B.
2815 2976 3078 3032 Ceterum
3097 2977 3216 3033 vid.
3249 2978 3552 3053 Aristoph.
3575 2980 3714 3035 Nub.

2147 3067 2255 3127 241
2295 3080 2309 3116 ε
2336 3058 2478 3119 Οὐδὲ
2501 3058 2800 3139 πρεσὸύτης
2820 3064 2849 3119 ὁ
2872 3059 3039 3141 λέγων
3065 3061 3208 3135 τᾶπη
3233 3066 3298 3143 τῇ
3334 3066 3605 3146 βακτηρία
3629 3066 3714 3123 τύ·

2145 3169 2264 3205 πτει
2301 3144 2394 3204 τὸν
2441 3146 2658 3225 παρόντ’
2699 3147 2962 3228 ἀφανίζων
2999 3151 3210 3229 πονηρὰ
3243 3150 3576 3229 σκώμματα.
3607 3158 3708 3212 Ubi

2143 3237 2467 3293 scholiastes
2502 3256 2516 3293 :
2547 3236 2618 3301 ὥς
2645 3232 2877 3303 Εὔπολις
2919 3238 2972 3293 ἐν
3001 3242 3107 3303 τοῖς
3137 3238 3555 3318 Προσπαλτίοις.
3583 3246 3654 3297 V.
3683 3244 3712 3297 3

2141 3327 2219 3380 sic
2242 3324 2565 3381 emendavit
2581 3324 2858 3381 Dobraeus
2874 3327 2934 3381 in
2957 3328 3199 3384 Porsoni
3221 3330 3450 3385 Miscell.
3481 3349 3552 3405 p.
3587 3332 3708 3388 384.

2141 3415 2380 3489 Legitur
2409 3432 2502 3487 ap.
2548 3417 2740 3489 Aspas.
2781 3410 2874 3471 καὶ
2903 3410 3105 3494 σφόδρα
3133 3414 3334 3495 ψυχρὸν
3361 3416 3553 3496 γελᾷς,
3578 3421 3712 3502 νδρᾷς

2143 3499 2210 3556 τὰ
2231 3496 2439 3559 παιδία.
2473 3525 2498 3551 υ
2531 3502 2618 3560 Μ.

2903 3608 2958 3667 3.

2224 3714 2538 3775 Priscianus
2568 3718 2658 3789 18,
2680 3738 2742 3793 p.
2775 3738 2798 3775 1
2817 3718 2950 3792 175,
2975 3716 3088 3800 39(
3115 3722 3223 3796 193
3249 3724 3340 3783 ed.
3362 3726 3469 3780 Kr.
3499 3724 3522 3801 )
3553 3747 3566 3781 ;
3603 3731 3714 3781 lm·

2138 3818 2298 3879 petro
2325 3808 2484 3862 illam
2501 3826 2619 3862 rem
2645 3806 2908 3879 dicimus,
2937 3809 3083 3864 sicut
3107 3821 3166 3866 et
3193 3814 3386 3867 Attici.
3427 3814 3491 3871 E.
3522 3814 3575 3870 ἐν
3605 3812 3711 3881 Δή-

2145 3914 2262 3969 μοις
2277 3919 2299 3943 ·
2312 3891 2438 3971 A&
2455 3892 2574 3953 ὅτου
2589 3892 2868 3970 ’πιθυμεῒς,
2883 3893 3066 3954 κούδὲν
3082 3897 3362 3977 ἀτυχήσεις
3380 3900 3534 3977 ἐμοῦ.
3557 3906 3716 3957 Idem

2146 3980 2531 4062 Προσπαλτίοις

2335 4142 2418 4155 -
2456 4096 2680 4163 Πάντα
2709 4096 2822 4191 γὰρ
2847 4102 3049 4192 τυχὼν
3078 4096 3242 4171 ἄπει.
3283 4127 3318 4161 n
3422 4189 3426 4193 ι

2143 4219 2336 4300 Τυχὼν
2361 4220 2568 4300 πάντα,
2606 4236 2672 4281 ut
2704 4224 2870 4285 Iliad.
2897 4232 2954 4295 4,
2994 4227 3126 4287 106.
3162 4228 3249 4287 ef.
3282 4228 3455 4287 index
3483 4234 3713 4289 Homeri

2117 4330 2199 4367 .v.
2232 4308 2508 4389 τυγχάνειν
2527 4332 2598 4370 τι.

2905 4434 2963 4493 4.

2224 4536 2384 4593 Idem
2419 4554 2511 4606 17‚
2539 4554 2600 4609 p.
2637 4534 2809 4606 1186,
2838 4556 2913 4594 ao
2943 4536 3078 4613 (214
3105 4541 3197 4600 ed.
3221 4540 3354 4619 Kr.)
3383 4562 3396 4597 :
3423 4548 3594 4599 Attici
3619 4566 3714 4599 κα-

478 4632 645 4690 rum,
672 4616 772 4688 qui
804 4615 1217 4689 adversarium,
1252 4620 1471 4676 servilis
1491 4620 1839 4679 conditionis
1868 4623 2051 4679 homi·
2144 4625 2469 4701 τακροᾶσθαι
2485 4620 2672 4681 τούτου
2695 4622 2786 4681 καὶ
2804 4628 3008 4683 τοῦτον.
3031 4628 3099 4685 Ε.
3125 4630 3235 4707 Πρ.

482 4861 617 4922 Sine
636 4862 891 4921 canistris
914 4872 971 4921 et
992 4866 1131 4923 lanis
1156 4875 1211 4924 et
1222 4788 1395 4925 affl-si&

1042 5008 1321 5065 PROSPA
1328 5011 1469 5067 LTu
1478 5054 1488 5065 .

1243 5118 1263 5169 1
1280 5158 1289 5167 .

2148 4874 2292 4930 Vide
2319 4875 2540 4945 Myrtili
2575 4880 2828 4947 Titanop.
2836 4796 3014 4947 fef-1.

2905 4970 2958 5020 3.

2147 5052 2346 5107 Omnia
2371 5050 2516 5107 enim
2546 5058 2874 5107 consecutus
2900 5050 3012 5109 abi.

2897 5144 2950 5192 4.

481 5210 657 5267 Mater
676 5210 727 5267 ci
748 5210 981 5270 Thressa
1004 5214 1278 5287 quaedam,
1305 5217 1588 5275 taeniarum
1612 5216 1896 5288 venditrix,
1923 5219 2047 5279 suit.
2143 5222 2280 5291 Quid
2307 5224 2622 5283 auscultatis
2653 5224 2886 5283 musicas
2906 5238 3056 5283 meas
3077 5224 3445 5285 vibrationes?
