3809 5850
1587 315 1792 376 ALEX
1803 315 1890 376 15.

247 456 472 536 ὅτι-δεῖ,
505 449 772 543 γυναικὸς
817 451 1200 542 ἐπιφερούσης
1227 442 1562 526 δακτύλους

249 559 488 634 ἁπαλοὺς
508 605 526 642 ,
558 551 660 622 ὑπ’
692 555 948 632 ἀκάνθης
993 547 1148 646 μηδὲ
1196 555 1256 622 ἓν
1285 558 1527 632 τούτους
1563 581 1681 621 πα-

1531 663 1674 730 θεῖν.

170 807 378 865 Eosdem
428 825 616 863 versus
651 808 847 882 posuit
891 807 952 861 in
999 807 1240 865 Cratcua
1273 805 1349 865 fr.
1400 828 1455 878 ι,
1505 826 1674 882 9-11,

169 896 252 950 nisi
291 894 432 968 quod
464 894 544 950 ibi
570 895 781 969 legitur
827 889 1025 952 τούτων
1045 936 1064 967 ,
1108 893 1381 951 mendose
1421 895 1678 970 quidem.

153 983 310 1038 'Versu
330 1001 361 1038 a
387 980 551 1040 codd.
578 991 785 1055 praeter
811 979 854 1037 C
872 976 952 1036 ὅτι
979 976 1044 1049 δὴ
1067 1002 1180 1056 γυν.

872 1116 927 1176 4.

229 1220 364 1278 Idem
388 1221 442 1293 3,
461 1239 524 1298 Ρ.
567 1220 715 1292 108,
743 1223 796 1278 A
835 1241 850 1277 τ
883 1221 1212 1298 ταγηνιστῶν
1239 1218 1284 1279 δ’
1316 1218 1510 1299 ἰχθύων
1545 1242 1682 1298 μνη·

165 1305 336 1380 ,amedu
360 1303 466 1367 Ἄλ.
505 1309 560 1367 ἐν
607 1313 781 1384 Δημ.,
823 1306 1061 1389 καθάπερ
1101 1310 1202 1367 κάν
1238 1310 1314 1388 τῷ
1355 1308 1684 1390 προκειμένῳ

166 1394 374 1474 δράματι.
405 1397 702 1458 Crateuam
731 1397 892 1472 dicit,
918 1398 1078 1474 cujus
1097 1398 1212 1458 vid.
1239 1399 1310 1458 fr.
1341 1419 1392 1473 1,
1421 1417 1490 1458 ια
1521 1417 1678 1476 seqq.

873 1524 930 1584 5.

223 1639 361 1694 Idem
392 1646 570 1715 14‚'p.
606 1639 752 1712 663,
772 1640 815 1698 C
847 1661 862 1697 ι
899 1641 1223 1718 συνεμφῆναι
1248 1637 1349 1720 γὰρ
1371 1637 1682 1717 βουλόμενος

159 1721 298 1785 ὁἈλ.
324 1724 412 1796 τήν
438 1724 730 1786 ἀκολασίαν
755 1730 852 1799 τῆς
893 1731 1260 1808 παρασκευῆς,
1296 1727 1591 1808 προσέθηκε
1623 1727 1684 1787 τὸ

160 1811 386 1874 λέπεσθαι.
423 1813 530 1894 ἔχει
565 1815 620 1873 δ’
647 1817 684 1886 ἡ
715 1813 974 1892 σύμπασα
1012 1814 1202 1893 ἐκλογὴ
1239 1811 1438 1891 οὕτως,
1464 1805 1595 1875 οῧσα
1623 1818 1683 1875 ἐκ

157 1903 229 1957 τοῦ
263 1901 682 1980 διεσκευασμένου
720 1901 1012 1982 δράματος,
1047 1901 1077 1960 ὃ
1099 1901 1444 1982 ἐπιγράφεται
1481 1903 1682 1980 Δημή-

157 2010 289 2066 τριος·

230 2117 441 2210 Τοῦψον
465 2117 762 2190 λαῧοῦσαι
782 2133 957 2190 τοῦτο
983 2123 1477 2213 τάπεσταλμένον

231 2222 544 2315 σκευάζετ’,
581 2229 898 2323 εὐωχεῖσθε
921 2279 939 2312 ,
977 2233 1295 2324 προπόσεις
1322 2229 1526 2296 πίνετε
1547 2279 1565 2312 ,

227 2334 458 2402 λέπεσθε
478 2387 498 2423 ,
533 2330 946 2429 ματτυάζετεῖ

151 2471 210 2549 τῷ
231 2471 280 2531 δὲ
301 2474 542 2536 λέπεσθαι
580 2481 822 2558 χρῶνται
851 2480 900 2536 οἱ
931 2477 1194 2550 Ἀθηναῖοι
1217 2476 1368 2558 (scil.
1393 2479 1680 2536 recentio-

151 2579 222 2618 res
244 2579 366 2638 post
396 2567 868 2644 Aristophanem)
899 2565 986 2625 ἰπὶ
1015 2567 1263 2643 ἀσελγοῦς
1302 2564 1395 2625 καὶ
1434 2570 1682 2646 φορτικῆς

153 2645 205 2702 δι’
223 2652 514 2731 ἀφροδισίων
553 2655 766 2726 ἡδονῆς.
805 2658 892 2713 Ex
915 2656 1188 2712 Athenaeo
1226 2656 1394 2730 petiit
1420 2657 1576 2714 Eust.
1607 2655 1680 2712 ad

155 2737 292 2798 Iliad.
320 2761 378 2818 Ρ.
411 2743 578 2816 1752,
625 2763 683 2804 a.
711 2746 782 2804 V.
811 2744 844 2802 3
871 2763 1132 2820 past.‚7.
1154 2763 1284 2801 ann.
1303 2743 1380 2800 ad
1404 2747 1502 2804 Ar.
1523 2744 1676 2801 Nub.

866 2938 924 2997 6.

209 3061 440 3121 Stohaeus
464 3066 674 3124 Floril.
707 3084 732 3121 1
749 3064 842 3134 15,
872 3086 931 3137 7,
964 3084 1094 3122 cum
1132 3067 1399 3122 lemnate
1433 3064 1684 3134 Ἀλέξιδος

149 3145 196 3203 ἐκ
220 3148 536 3231 Δημητρίου,
573 3162 640 3209 et
679 3153 799 3225 sine
833 3155 998 3209 titulo
1033 3154 1245 3210 Athen.
1280 3172 1338 3225 a,
1372 3173 1432 3229 p.
1475 3154 1572 3225 36,
1609 3156 1685 3226 E,

147 3224 367 3401 ἑἏιλὲίιδςί
399 3256 510 3396 :tlon
555 3236 720 3320 φησὶν
756 3240 828 3306 ὥς
877 3239 1048 3315 etc.),
1102 3252 1159 3297 et
1195 3242 1352 3298 Eust.
1409 3240 1484 3298 ad
1523 3241 1684 3300 Iliad.

180 3360 191 3375 .
357 3366 372 3396 ‚
479 3371 494 3387 ,

222 3444 580 3543 ὁμοιότατος
619 3452 922 3551 ἅνθρωπος
949 3454 1092 3541 οἴνῳ
1127 3460 1240 3531 τὴν
1267 3458 1440 3549 φύσιν

221 3559 422 3648 τρόπον
451 3558 573 3629 τιν’
598 3564 753 3630 ἐστί·
791 3562 896 3629 καὶ
923 3560 1036 3657 γὰρ
1069 3558 1227 3628 οἶνον
1255 3562 1356 3629 τὸν
1387 3564 1514 3629 νέον

220 3669 410 3741 πολλή
423 3663 485 3761 γ’
511 3668 748 3763 ἀνάγκη
777 3718 798 3753 ,
833 3667 936 3735 καὶ
962 3668 1065 3736 τὸν
1087 3662 1284 3761 ἄνδρ’,
1317 3664 1610 3749 ἀποζέσαι

221 3770 542 3858 πρώτιστον
562 3767 884 3867 ἀφυὸρίσαι
909 3768 1002 3860 τ’,
1035 3772 1459 3846 ἀπανθήσαντα
1473 3765 1542 3840 δὲ

146 3860 176 3929 5
221 3876 462 3968 σκληρὸν
490 3878 794 3972 γενέσθαι·
817 3878 1300 3971 παρακμάσαντα
1318 3868 1382 3943 δ’
1416 3876 1688 3972 ὦν,λέγω

221 3984 430 4049 τούτων
460 3983 754 4051 ἁπάντων
779 4034 800 4071 ,
823 3985 1196 4078 ἀπαρυθέντα
1227 3987 1338 4059 τὴν
1367 3981 1492 4050 ἄνω

219 4089 426 4164 ταύτην
443 4087 660 4158 ἄνοιαν
696 4085 1212 4176 ἐπιπολάζουσαν,
1246 4090 1385 4157 τότε

145 4260 334 4325 feminae
351 4269 553 4345 digitos
587 4280 824 4341 teneroe,
851 4272 896 4328 si
926 4271 1123 4329 afferat
1149 4288 1262 4339 eoS,

145 4362 170 4399 a
189 4353 326 4422 spina
353 4358 490 4417 nihil
512 4359 630 4431 pati
654 4357 872 4417 debere.
925 4408 928 4411 ,

145 4526 416 4597 opsonium
442 4532 552 4589 hoc
569 4532 823 4605 iussum,
851 4452 1107 4590 :dolien-es
1123 4576 1138 4600 ,
1167 4532 1368 4589 sumite
1387 4573 1403 4601 ‚

145 4616 332 4685 Parate,
361 4616 503 4677 bane
521 4620 690 4677 vivite
708 4662 724 4687 ,
756 4620 1042 4693 propinate
1069 4618 1224 4675 vobis
1244 4619 1473 4675 invicem
1495 4660 1510 4687 ‚

145 4694 503 4777 luxuriamini,
529 4714 772 4780 mattyas
792 4706 1014 4779 lingite!
1069 4752 1074 4757 .

200 4876 509 4937 Simissimns
529 4886 731 4937 natura
749 4798 1019 4937 homdest
1040 4879 1166 4935 vino

203 4962 602 5032 quodammodo
634 4982 804 5024 :nam
825 4975 881 5025 et
897 4968 1085 5023 vinum
1114 4980 1304 5022 recens

203 5066 408 5120 prorsus
427 5062 684 5127 oportet,
711 5064 768 5114 et
787 5056 968 5113 virum
986 5096 1004 5126 ,
1024 5053 1304 5113 defervere
1506 5054 1655 5123 [ruit
1669 5094 1685 5121 ‚

205 5140 424 5207 primum
447 5144 708 5199 omnium
727 5160 792 5201 ac
814 5142 1106 5213 desaevire;
1132 5158 1302 5219 quum
1323 5150 1506 5199 autem
1529 5140 1696 5199 deno*

335 5252 636 5289 ηΔΰΙΕΠῚἌ
663 5252 936 5289 commotum
967 5250 1046 5288 Gn.

3216 320 3329 370 529

1780 453 1786 456 ’
1869 454 2131 545 πότιμον
2152 452 2451 544 γενέσθαι,
2472 449 2587 516 ’καὶ
2614 458 2985 522 καταστῆναι
3022 447 3236 532 πάλιν,

1867 551 2017 633 ἡδύν
2046 555 2101 626 θ’
2131 558 2328 625 ἅπασι
2356 554 2752 624 τούπίλοιπον
2790 545 3113 620 διατελεῖν.

1753 681 1951 745 'Versu
1990 707 2023 744 α
2055 685 2146 744 καὶ
2182 683 2285 763 γὰρ
2318 704 2429 761 pro
2452 682 2539 742 τὸν
2572 680 2673 762 γὰρ
2710 683 2921 740 stobaei
2950 683 3131 739 codex
3161 661 3335 742 Paris.

1772 778 1840 834 V.
1868 774 1900 831 3
1922 775 2189 834 Dindorf.
2214 772 2385 844 πολλή
2406 772 2505 830 ’στ’
2537 773 2763 850 ἀνάγκη.
2798 770 3097 843 Ἀποζέσαι,
3130 774 3204 829 cf.
3241 777 3341 831 Te·

1771 872 1919 918 rent.
1945 862 2058 919 Ad.
2087 881 2142 937 1,
2161 881 2215 931 α,
2240 880 2335 933 72.
2360 864 2432 920 V.
2463 869 2496 928 4
2528 863 2691 919 Stob.
2728 857 3075 938 ἀφυὸρίσαντ’
3109 860 3343 933 ἀποινή-

1773 970 1941 1009 σαντα
1979 948 2035 1007 δέ
2054 992 2070 1020 ,
2101 951 2356 1008 Athenaei
2392 951 2523 1007 libri
2567 951 2685 1006 sere
2728 969 2921 1007 omnes
2968 946 3257 1029 ἀφοὸρίσαι
3284 973 3341 1008 τε

1773 1041 2075 1108 ἀπανθῆσαι
2114 1036 2300 1098 πάλιν.
2348 1039 2614 1096 Correxit
2638 1039 2911 1095 Valcken.
2944 1038 3021 1094 ad
3060 1037 3341 1101 Herodot.

1774 1149 1836 1204 9,
1879 1131 1976 1186 31.
2032 1128 2145 1204 (Cf.
2198 1147 2258 1201 α,
2300 1135 2403 1200 4ο,
2434 1147 2566 1184 cum
2606 1128 2813 1185 Baehrii
2841 1129 3039 1204 anm),
3064 1141 3121 1186 et
3147 1143 3345 1207 postea

1771 1217 2021 1278 Brunck.
2049 1217 2206 1293 apud
2245 1218 2562 1294 Schweigh.
2598 1242 2619 1264 n
2650 1220 2796 1293 Apte
2823 1218 2942 1273 haec
2978 1219 3041 1272 in
3073 1218 3345 1291 juvenem

1776 1309 2141 1376 conveniunt,
2172 1307 2304 1380 qui,
2342 1316 2651 1380 postquam
2700 1307 2900 1379 primae
2940 1308 3195 1380 pueritiae
3234 1306 3344 1365 flos

1774 1408 1831 1452 et
1854 1396 2064 1470 gratia,
2096 1395 2279 1469 ipsam
2310 1393 2685 1469 petulantiam
2713 1393 3027 1462 comitans,
3062 1394 3343 1466 abscessit,

1774 1483 1954 1540 durus
1974 1481 2041 1538 fit
2070 1493 2129 1538 et
2156 1481 2419 1550 acerbus,
2455 1479 2940 1554 quemadmodum
2963 1493 3019 1537 et
3041 1483 3339 1556 insequens

1773 1573 1961 1628 statim
1988 1570 2205 1626 fructus
2238 1570 2300 1624 in
2321 1587 2429 1624 uva
2466 1569 2705 1642 aliisque
2729 1567 3001 1624 arborum
3031 1568 3339 1642 fructibus3

1773 1661 1890 1716 sive
1905 1659 1981 1716 ad
2000 1669 2256 1715 recentes
2274 1657 2393 1712 vini
2407 1655 2577 1713 flores
2598 1655 2810 1712 referre
2825 1656 3110 1726 malueris,
3134 1660 3340 1731 quibus

1771 1761 2005 1826 peracta
2019 1749 2441 1806 effervescentia
2454 1748 2515 1801 in
2530 1746 2767 1802 fundum
2786 1745 3017 1817 dejectis
3040 1747 3343 1822 limpidum

1772 1839 2007 1914 quidem
2020 1837 2147 1895 fieri
2158 1838 2355 1893 vinum
2372 1837 2599 1912 incipit,
2616 1835 2715 1892 sed
2742 1835 2951 1892 durum
2964 1839 3153 1892 statim
3171 1849 3343 1912 atque

1774 1927 2048 1983 acerbum
2066 1937 2170 2000 est,
2193 1925 2379 1992 donec
2399 1941 2701 1999 progressu
2727 1925 3001 1999 temporis
3018 1927 3290 1983 mitescat.
3318 1953 3343 1977 n

1773 2017 1824 2070 E
1842 2013 2029 2073 Scbw,
2051 2016 2121 2072 V.
2156 2033 2187 2086 7
2214 2011 2330 2070 τότε
2358 2030 2467 2086 pro
2492 2007 2621 2068 ποτὶ
2652 2012 2985 2070 Boissonad.
3016 2014 3169 2088 apud
3204 2033 3343 2070 eun-

1772 2100 1921 2160 dem.

2130 2225 2401 2288 xxvm.
2444 2225 2983 2286 ΔΙΑΠΛΕΟΥΣΑΙ.

1851 2359 2086 2436 Antiatt.
2108 2379 2167 2434 p.
2191 2379 2291 2434 91,
2318 2379 2386 2416 αι
2408 2403 2423 2434 ,
2461 2356 2903 2437 Ἐπιχαιρέκακος
2936 2379 2949 2414 :
2976 2355 3097 2418 Ἀλ.
3126 2361 3178 2417 ἐν
3216 2363 3346 2419 Δια-

1772 2445 2051 2513 πλεούσαις
2074 2446 2214 2525 λέγει

1871 2547 2353 2662 Επιχαιρέκακος
2382 2560 2434 2635 εἶ
2456 2617 2475 2656 ,
2508 2563 2613 2637 καὶ
2649 2567 2874 2661 φθονεῖς
2912 2575 3040 2646 τοῖς
3066 2564 3343 2643 πλησίον.

1774 2697 1860 2753 Cf.
1887 2699 2213 2756 Anaxandr.
2248 2701 2459 2756 Incert.
2492 2698 2548 2758 8.
2588 2724 2613 2749 α
2641 2698 2927 2774 suspicari
2956 2701 3137 2773 possis
3164 2699 3215 2755 ἐν
3235 2696 3309 2755 Δὶ
3326 2721 3349 2764 ς

1775 2781 2075 2850 πλεούσαις.
2106 2811 2130 2835 n
2154 2786 2335 2845 Mee‘n.

2272 2897 2481 2988 xxnk.
2528 2928 2864 2987 ΔιΔΥΜοι.

2544 3076 2594 3113 1.

1857 3168 2067 3223 Athen.
2114 3185 2209 3240 ιο,
2250 3187 2311 3242 Ρ.
2362 3168 2500 3238 446,
2534 3170 2579 3225 F
2626 3186 2641 3222 ε
2688 3164 2782 3223 καὶ
2822 3164 2885 3224 σὺ
2926 3156 3043 3239 οὗν,
3073 3154 3117 3223 ὦ
3154 3168 3347 3246 ἑταῖρε,

1779 3252 1919 3310 κατὰ
1941 3251 2029 3310 τὸν
2055 3248 2283 3325 Ἄλεξιν,
2313 3250 2367 3319 ὃς
2388 3255 2441 3311 ἐν
2465 3252 2714 3328 Διδύμοις
2742 3252 2869 3331 φησὶ

1875 3392 2088 3478 Τούτῳ
2117 3388 2385 3485 πρόπιθ’,
2426 3394 2524 3458 ἵνα
2552 3392 2761 3469 καύτὸς
2790 3390 2985 3477 ἄλλῳ.

1777 3522 1939 3664 &ibn-1¹11
1964 3519 2209 3595 πρόπιθι,
2253 3518 2339 3576 ἵνα
2384 3519 2477 3577 καὶ
2518 3519 2669 3585 αὗτὸς
2704 3520 2872 3598 ἄλλῳ.
2917 3522 3179 3581 Correxit
3206 3524 3357 3579 Din-

1823 3628 1858 3663 o
1922 3650 1935 3663 .
3202 3640 3210 3647 -

2538 3746 2639 3786 2.-

1861 3840 2024 3897 Idem
2056 3840 2148 3911 15,
2179 3860 2241 3917 Ρ.
2284 3840 2435 3911 686,
2478 3844 2528 3898 Δ
2572 3858 2587 3898 z
2628 3837 2827 3898 κελεύω
2858 3838 2965 3921 (δ’)
2994 3840 3181 3915 αὐτὸν,
3211 3838 3349 3900 κατὰ

1779 3924 1901 3994 τοὺς
1922 3926 2169 3995 Ἀλέξιδος
2185 3926 2465 4005 Διδύμους,
2487 3927 2723 4005 χυδαίοις
2736 3929 3130 4007 στεφανωθέντα
3147 3930 3345 4008 στεφά-

1783 4037 1887 4083 νοις
1910 4012 2183 4093 ἐξάγεσθαι
2217 4020 2309 4074 τοῦ
2338 4014 2658 4091 συμποσίου.
2684 4018 2789 4074 τῶν
2816 4015 2873 4073 δὲ
2900 4016 3131 4095 χυδαίων
3151 4016 3349 4097 στεφά-

1787 4126 1889 4162 νων
1917 4100 2261 4181 μνημονεύων
2290 4106 2319 4160 δ
2340 4100 2731 4182 κωμῳδιοποιός
2758 4124 2886 4180 φησι

1787 4277 1820 4327 5
1847 4270 2051 4329 durum
2076 4272 2191 4329 fieri
2210 4290 2226 4340 3
2248 4281 2305 4329 et
2334 4279 2455 4345 post
2480 4271 2923 4328 imminutionem
2945 4270 3143 4328 horum

1853 4358 2127 4426 omnium,-
2157 4374 2281 4432 quae
2308 4358 2431 4415 dico
2449 4398 2465 4426 ‚
2490 4356 2809 4429 despumata

1852 4453 2143 4517 superante
2160 4446 2265 4502 ista
2292 4446 2531 4513 insania,
2556 4452 2677 4501 tum

1855 4530 2085 4602 potabile
2110 4530 2226 4587 fleri
2242 4571 2259 4600 ,
2282 4539 2339 4595 et
2359 4531 2535 4587 virum
2563 4546 2756 4589 rursus
2784 4530 2989 4587 firmari
3007 4572 3024 4599 ‚

1855 4621 2013 4676 suavi
2039 4620 2099 4675 in
2118 4628 2396 4692 posterum
2432 4618 2687 4675 omnibus
2707 4626 2763 4675 et
2778 4619 2905 4675 vino
2920 4626 2979 4675 et
2998 4618 3219 4677 homine
3244 4636 3353 4675 ma·

3136 4712 3353 4777 [nente-

2130 4793 2509 4849 MULIERES
2542 4793 3015 4849 NAVIGANTFS.

1787 4880 1945 4938 Malis
1966 4878 2172 4953 gaudes
2185 4921 2202 4950 ,
2230 4887 2286 4937 et
2303 4880 2499 4936 vicinis
2520 4877 2749 4936 invides.

2431 4967 2671 5025 GEfflN
2680 4967 2723 5019 1.

2546 5058 2593 5107 1.

1759 5141 1933 5197 -Huic
1958 5141 2183 5213 propina
2202 5182 2217 5208 ,
2238 5146 2303 5195 ut
2324 5138 2489 5195 etiam
2515 5137 2632 5210 ipse
2654 5137 2742 5195 alii
2774 5137 3025 5209 propinet

3036 5240 3087 5279 Μ
