3809 5850
411 459 515 509 102

543 584 729 673 παρὸν
766 574 1105 670 κολυμέἆν,
1126 584 1207 654 ὡς
1234 580 1383 670 ἔχω,
1413 585 1467 653 ’ς
1490 578 1599 643 τὸν
1626 568 1960 668 Τάρταρονῐ

544 712 602 756 α.
646 686 722 753 Τί
752 682 913 759 δῆτα
934 679 1161 767 λέξεις,
1192 684 1517 751 τάπίλοιπ’
1556 684 1739 775 ἥνπερ
1772 684 1966 773 πύθῃ,

543 792 732 861 ὀπταὶ
759 792 975 885 κίχλαι
1004 784 1061 855 δ’
1088 789 1190 855 ἐπὶ
1218 783 1418 856 τοῖσδ’
1444 786 1543 875 ἂν,
1568 784 1761 879 ἁὸρῶς
1785 786 1839 855 τ’
1866 794 1965 881 ἠρ-

1682 900 1961 986 τυμέναι,

544 1006 676 1099 περὶ
710 1006 784 1070 τὸ
816 1003 993 1093 στόμ’
1036 1004 1342 1085 ἐπέτοντ’,
1386 996 1815 1068 ἀντιὲολοῦσαι
1862 1028 1968 1067 κα-

1694 1115 1964 1191 ταπιεῖν,

400 1218 488 1288 25
541 1220 661 1287 ὑπὸ
700 1216 1029 1309 μυρρίναισι
1058 1216 1434 1308 κάνεμώναις
1467 1216 1819 1309 κεχυμέναι·

540 1324 623 1392 τὰ
670 1321 740 1392 δὲ
787 1318 931 1416 μῆλ’
968 1326 1261 1415 ἐκρέματο
1298 1321 1381 1389 τὰ
1408 1321 1569 1389 καλὰ
1602 1332 1725 1389 τῶν
1762 1330 1968 1389 καλῶν

1818 1421 1969 1494 ἰδεῖν

542 1540 687 1632 ὑπὲρ
724 1544 1030 1630 κεφαλῆς,
1066 1529 1133 1612 ἐξ
1165 1526 1401 1609 οὐδενὸς
1430 1532 1771 1624 πεφυκότα·

542 1646 713 1739 κόραι
745 1638 801 1711 δ’
836 1648 899 1711 ἐν
937 1640 1317 1733 ἀμπεχόναις
1344 1640 1713 1733 τριχάπτοις
1748 1640 1968 1733 ἀρτίως

542 1747 964 1835 ἠὲυλλιῶσαι,
1002 1746 1084 1813 τὰ
1114 1739 1262 1837 ῥόδα
1290 1770 1359 1810 τε
1392 1748 1783 1837 κεκαρμέναι,

404 1854 494 1925 30
546 1860 797 1950 πλήρεις
828 1858 1083 1930 κύλικας
1112 1852 1270 1919 οἴνου
1303 1853 1562 1943 μέλανος
1586 1852 1907 1943 ἀνθοσμίου

546 1962 804 2033 ἤντλουν
830 1952 941 2027 διὰ
968 1962 1171 2061 χώνης
1195 1964 1355 2024 τοῖσι
1382 1958 1767 2050 βουλομένοις
1792 1962 1974 2023 πιεῖν.

1280 2062 1303 2087 Ἀ

546 2065 677 2135 Καὶ
702 2058 887 2133 τῶνδ’
918 2062 1119 2132 ἕκασθ’
1148 2068 1239 2131 ὅσ’
1275 2091 1311 2136 η
1334 2064 1515 2157 φάγοι
1544 2091 1659 2147 τις,
1686 2062 1723 2137 ἢ
1750 2063 1901 2147 πίοι,

548 2166 825 2240 διπλάσι’
863 2166 1123 2266 ἐγίγνετ’
1157 2170 1339 2257 εὐθὺς,
1374 2168 1411 2243 ἢ
1446 2164 1501 2247 ’ξ
1536 2170 1722 2263 ἀρχῆς
1752 2169 1964 2237 πάλιν.

409 2332 432 2355 σι
468 2303 719 2361 Eandem
760 2302 1012 2379 eclogam
1040 2300 1177 2356 inde
1204 2318 1237 2355 a
1277 2316 1359 2354 vs.
1404 2296 1435 2355 3
1474 2298 1545 2354 ad
1578 2318 1637 2354 v.
1684 2305 1759 2365 24
1801 2298 1975 2355 habet

401 2394 603 2449 Pollux
644 2391 704 2460 6,
748 2390 846 2465 58,
886 2389 1106 2445 omissis
1134 2399 1325 2442 tamen
1373 2406 1477 2442 vss.
1508 2386 1569 2456 6,
1623 2407 1682 2461 7,
1714 2404 1970 2445 20-1-22.

401 2481 737 2537 Ilecitantur
780 2478 899 2533 haec
941 2494 976 2531 a
1020 2476 1263 2533 muliere
1296 2486 1365 2531 ex
1412 2474 1564 2531 Orco
1611 2492 1835 2530 reversa
1880 2485 1972 2544 et,

404 2586 575 2641 quam
596 2566 805 2621 viderit
826 2564 983 2640 apud
1008 2564 1229 2619 Inferos
1246 2564 1502 2619 omnium
1522 2582 1715 2619 rerum
1740 2561 1972 2619 affluen-

404 2658 578 2727 tiam,
622 2665 943 2713 enarrante.
974 2655 1021 2712 F
1024 2654 1263 2728 figmenti
1309 2654 1801 2727 opportunitatem
1828 2670 1972 2726 prae·

403 2746 593 2799 buisse
618 2742 887 2801 videntur
908 2740 1337 2797 metallifodinae
1357 2740 1719 2796 Laurioticae.
1752 2766 1773 2789 υ
1800 2742 1853 2797 Ε
1878 2742 1968 2796 M.

402 2832 564 2889 Libri
616 2850 784 2888 versu
862 2850 885 2885 1
944 2824 1173 2904 Πλούτῳ
1228 2824 1272 2883 δ’
1316 2826 1469 2883 ἐκεῖν’
1514 2816 1580 2897 ἦν
1623 2850 1682 2884 π.
1746 2849 1799 2886 σ.
1863 2830 1972 2885 Sed

407 2920 711 2996 oportebat
755 2916 931 2988 ἐκεῖ,
962 2918 1073 2987 ib),
1124 2914 1278 2993 apud
1323 2916 1560 2974 Inseros.
1618 2914 1692 2976 V.
1737 2938 1769 2973 2
1836 2942 1861 2968 «ι
1923 2918 1976 2974 ἐν

408 3015 568 3065 πᾶσιν
621 3006 831 3080 ἀγαθοῖς
874 3005 1295 3082 proverbialem
1340 3006 1593 3061 colorem
1645 3005 1853 3076 habet3
1897 3008 1972 3063 cf.

408 3099 455 3152 Τ
456 3099 759 3172 heopomp.
781 3097 893 3171 ap.
934 3095 1222 3169 Hephaest.
1266 3111 1324 3168 p.
1367 3092 1464 3163 76,
1496 3101 1568 3164 [ις
1612 3095 1847 3168 Amphis
1878 3113 1974 3169 ap.

407 3187 615 3244 Athen.
642 3183 700 3253 3,
729 3203 792 3260 p.
814 3203 916 3258 99,
946 3181 1221 3252 F35chol.
1243 3181 1492 3241 Acharn.
1522 3181 1691 3240 1025.
1710 3185 1779 3237 V.
1802 3181 1978 3240 36:00}-

410 3293 503 3349 ρας
532 3273 958 3328 Pollux-contra
981 3287 1149 3325 usum
1174 3271 1526 3339 Atticorum3
1556 3288 1614 3329 v,
1640 3271 1888 3329 I’ierson.
1907 3271 1979 3328 ad

408 3363 574 3420 Moer.
611 3379 673 3435 p.
708 3359 841 3425 184.
876 3355 1036 3434 Πλέῳ
1054 3375 1166 3432 pro
1196 3354 1345 3414 πλέοι
1374 3357 1640 3416 Dindors.
1676 3363 1740 3416 V.
1774 3366 1805 3425 Ι,
1837 3381 1976 3417 τον-

410 3449 685 3525 θολυγοῦ
698 3467 866 3516 ντες,
896 3443 1043 3504 ποιὸν
1071 3435 1205 3524 ἦχον
1226 3443 1615 3519 ἀποτελοῦντες,
1632 3449 1883 3510 Eustath.
1904 3449 1980 3508 ad

407 3539 574 3598 Iliad.
599 3555 663 3614 p.
694 3533 866 3612 1095,
892 3534 985 3595 18.
1012 3557 1038 3586 ι
1056 3536 1112 3590 Β
1128 3537 1215 3594 M.
1232 3535 1431 3593 Codex
1448 3539 1494 3593 B
1512 3539 1980 3616 πομφολυγοῖἱντες,

412 3629 615 3687 Pollux
658 3627 1097 3704 τονθορυγοῦντες.
1147 3627 1212 3680 V.
1252 3623 1286 3679 5
1328 3625 1533 3681 ναστῶν
1574 3624 1743 3704 τρύφη
1778 3629 1981 3684 incon-

413 3720 583 3774 cinna
609 3734 723 3771 esse
750 3714 919 3771 sensit
945 3712 1144 3779 Mein.,
1168 3731 1504 3786 comparans
1526 3715 1825 3770 Teleclidis
1842 3719 1982 3771 Am-

410 3807 592 3881 phict.
621 3803 693 3860 fr.
732 3821 787 3871 1,
810 3802 871 3870 8,
900 3819 1065 3874 seqq.
1096 3799 1249 3856 lbid.
1286 3799 1460 3858 codd.
1496 3797 1912 3873 μυστίλαισι.ν.
1945 3805 1981 3859 6

412 3896 491 3949 sic
520 3889 1010 3964 Meinek.,passim
1033 3897 1323 3960 praeeunte
1340 3888 1699 3946 casaubono.
1714 3889 1875 3946 Libri
1898 3893 1982 3949 εὖ·

416 3983 561 4058 μαρῆ
601 3968 727 4053 ἦγεν
766 3973 1021 4050 αὐτόματ’
1056 3975 1131 4039 εἰς
1166 3973 1261 4043 τὴν
1302 3973 1412 4035 ἔνθ.
1449 3978 1520 4033 V.
1570 3977 1606 4033 8
1647 3977 1851 4034 Pollux
1896 4001 1978 4039 τε.

416 4073 485 4124 V.
548 4087 585 4141 9
636 4067 716 4122 sic
760 4065 999 4139 Pollux;
1042 4065 1249 4122 Athen.
1300 4060 1543 4129 σίζοντες.
1596 4063 1669 4122 V.
1734 4083 1801 4120 ιο
1850 4067 1982 4122 libri

414 4155 669 4232 εὐτρεπῆ,
715 4152 873 4227 quod
914 4153 1162 4208 correxit
1204 4153 1587 4210 HemsterhuS.
1634 4153 1706 4208 ad
1746 4155 1980 4210 Luciani

414 4245 561 4300 Dial.
609 4261 755 4299 mor.
820 4259 914 4299 ιο.
960 4243 1031 4298 V.
1095 4239 1164 4294 13
1220 4236 1455 4317 σχελίδες
1518 4241 1711 4298 attice.
1772 4239 1980 4299 Pollux

418 4339 625 4408 (quem
662 4351 719 4391 v.
758 4332 929 4388 etiam
964 4349 1020 4400 2,
1056 4327 1201 4403 191)
1242 4328 1505 4400 σκελίδες,
1551 4331 1711 4404 quod
1756 4331 1982 4405 pridem

418 4421 791 4480 emendarunt
814 4421 921 4476 viri
942 4419 1120 4476 docti.
1144 4421 1312 4476 Hunc
1332 4437 1557 4475 versum
1574 4429 1632 4476 et
1653 4430 1982 4495 sequentem

524 4651 699 4707 quum
724 4633 949 4706 possim,
979 4635 1129 4690 sicut
1152 4652 1275 4692 sum
1292 4677 1309 4703 ,
1324 4652 1456 4694 nare
1473 4637 1539 4694 ad
1562 4641 1877 4696 Tartarum!

529 4739 577 4778 a.
611 4719 757 4793 Quid
785 4723 953 4792 igitur
977 4721 1145 4792 dices,
1176 4723 1222 4778 si
1244 4722 1450 4795 reliqua
1480 4727 1847 4796 compereris?

530 4816 789 4881 praeterea
810 4807 956 4864 enim
988 4807 1095 4864 assi
1122 4807 1303 4878 turdi,
1328 4811 1549 4882 opipare
1576 4813 1815 4883 apparati
1832 4853 1845 4877 ‚

526 4913 587 4954 os
612 4895 1081 4954 circumvolabant
1098 4937 1114 4964 ,
1140 4906 1421 4968 precantes
1446 4905 1510 4952 ut
1530 4895 1951 4968 deglutiremur,

422 4995 489 5042 25,
525 4986 631 5044 sub
654 4985 849 5060 myrtis
874 4987 1263 5058 anemonisque
1286 4983 1454 5052 susm3

528 5088 805 5148 pomaque
822 5073 1053 5148 pulchra
1079 5071 1308 5146 pulchro
1338 5087 1467 5126 cum
1492 5071 1749 5144 adspectu

526 5179 687 5234 super
717 5169 906 5234 caput,
930 5178 962 5217 e
985 5159 1159 5216 nihilo
1184 5175 1445 5230 suspensa
1472 5165 1632 5224 uata3

527 5256 578 5302 et
605 5249 797 5319 puellae
824 5248 1028 5304 amictu
1056 5263 1087 5303 e
1122 5245 1242 5318 pilis
1268 5243 1452 5319 plexo,
1482 5260 1658 5316 nuper

1386 440 1791 501 COMOEDlAE
1834 438 2169 498 VETEms
2211 438 2626 513 RELIQUIAE.

2059 573 2244 627 attulit
2273 574 2478 630 Athen.
2510 577 2678 631 etiam
2705 574 2762 645 3,
2785 594 2843 649 p.
2871 578 2972 651 96,
2999 582 3058 633 Α.
3096 580 3156 635 V.
3195 585 3256 643 14
3285 578 3560 635 πινακίσκιον

2059 661 2284 717 Pollux.
2318 665 2385 721 V.
2425 661 2494 717 15
2531 659 2743 731 ἥδιστον
2772 664 2930 739 ἅτμ.,
2955 665 3096 721 dure
3115 666 3380 742 producta
3411 670 3562 742 prima

2058 749 2272 823 syllaba
2307 768 2321 806 ε
2348 768 2525 824 quare
2555 751 2821 807 Dindorf.
2852 752 3222 829 ἀπατμίζοντα.
3247 758 3312 815 V.
3355 776 3412 827 ¹7
3453 778 3562 833 χαυ-

2059 834 2235 893 νότατ’
2282 835 2504 895 ἐπέκειτ’
2551 838 2636 895 ἐπ’
2687 836 2924 915 αἱμύλων
2981 842 3197 897 Pollux.
3240 845 3304 900 V.
3363 843 3423 897 18
3456 846 3564 900 libri

2059 922 2285 1001 γάλακτι
2303 970 2321 1001 ,
2361 928 2522 1001 quod
2549 926 2727 985 officit
2767 930 2985 1001 versui3
3023 942 3178 988 recte
3203 932 3447 991 Dindorf.
3483 932 3563 1009 γά-

2061 1014 2202 1070 λατι.
2257 1015 2462 1071 Pollux
2515 1015 2834 1092 μεμιγμένος
2879 1038 2991 1094 pro
3031 1038 3270 1077 κατανεν.
3305 1024 3367 1079 V.
3414 1040 3474 1095 19
3523 1024 3565 1078 ἐν

2061 1122 2182 1160 κατ.
2206 1099 2508 1174 λεκάναισι,
2537 1110 2594 1159 in
2607 1110 2824 1181 patinis
2848 1104 3237 1178 iufundIbulls,
3254 1109 3292 1167 i.
3317 1126 3366 1166 e.
3391 1113 3569 1184 magni·

2063 1190 2260 1247 tudine
2297 1190 2822 1262 infundibulorum,
2865 1211 3044 1268 germ.
3099 1200 3154 1249 e’n
3201 1194 3570 1252 tricheemeuen

2062 1280 2386 1340 Schfissebae.
2409 1282 2628 1339 Similia
2645 1278 2793 1347 κύλιξ
2813 1278 3118 1359 ἀρύστιχος,
3145 1279 3317 1340 κώθων
3343 1282 3570 1354 λεπάστη,

2063 1366 2225 1447 φιάλη
2255 1366 2521 1440 λεπάστη,
2555 1388 2650 1445 ap.
2684 1367 3071 1444 Phrynichum
3089 1412 3106 1441 ,
3147 1372 3538 1449 Theopompum
3557 1417 3570 1441 ‚

2064 1458 2562 1534 Anaxandridem,
2592 1458 2794 1514 Athen.
2821 1476 2877 1527 α,
2901 1476 2959 1532 p.
2991 1460 3122 1530 131,
3150 1458 3229 1535 C;
3261 1478 3426 1535 10,p.
3457 1467 3570 1526 424,

2065 1546 2145 1617 C3
2183 1566 2208 1602 1
2225 1566 2276 1620 1,
2302 1568 2362 1623 p.
2395 1546 2536 1619 485,
2557 1548 2620 1619 C,
2649 1565 2776 1621 quae
2797 1548 2972 1605 Mein.
3007 1549 3350 1623 comparavit
3368 1549 3433 1605 ad
3457 1552 3570 1606 Cra-

2064 1636 2170 1693 tin.
2197 1636 2354 1696 Cbir.
2395 1636 2489 1693 13.
2519 1635 2662 1698 1130<
2685 1634 2851 1713 (Ath.
2884 1654 2946 1705 τι,
2974 1654 3036 1711 p.
3071 1634 3167 1708 57,
3189 1640 3272 1707 Α,
3299 1637 3348 1708 3,
3367 1656 3424 1711 p.
3451 1638 3570 1710 105,

2067 1721 2166 1797 E),
2192 1724 2482 1778 colostrum
2505 1722 2636 1798 (seu
2651 1720 3068 1801 colam-ambi.
3115 1742 3170 1781 e.
3197 1724 3428 1800 primum
3453 1724 3522 1780 lac
3549 1744 3574 1779 a

2063 1819 2252 1884 partu.
2291 1810 2506 1866 Plinius
2533 1812 2608 1868 H.
2638 1811 2714 1869 N.
2759 1828 2855 1886 11,
2885 1817 2988 1881 41,
3017 1810 3118 1885 96,
3153 1810 3227 1869 de
3264 1812 3437 1868 bubus
3466 1833 3477 1867 :
3503 1815 3578 1867 Ex

2064 1903 2250 1971 primo
2280 1900 2424 1953 lacte
2449 1917 2673 1973 semper
2707 1918 2748 1953 a
2781 1911 2956 1974 partu
2995 1901 3232 1955 colostra
3251 1901 3418 1974 fiunt,
3445 1921 3572 1975 quae,

2065 1990 2177 2042 nisi
2209 1986 2583 2043 mlmisceatur
2617 2006 2770 2062 aqua
2784 2031 2797 2055 ,
2835 1992 2893 2042 in
2919 1993 3165 2062 pumicis
3193 1991 3398 2045 modum
3423 2002 3582 2043 coeunt
3643 2024 3658 2039 .

2064 2076 2309 2143 daritim·
2339 2086 2398 2132 et
2422 2075 2520 2147 28,
2550 2094 2612 2150 9,
2649 2076 2722 2131 32
2751 2092 2768 2131 ε
2799 2077 2902 2131 Est
2919 2088 3107 2131 autem
3133 2078 3358 2133 colos-tra
3375 2082 3581 2151 primae

2053 2176 2232 2239 partu
2254 2170 2558 2239 spongiam
2575 2166 2826 2219 densitas
2851 2166 3036 2223 Iactis.
3055 2164 3186 2238 Quo
3207 2167 3383 2223 minus
3404 2167 3582 2222 miran—

2068 2252 2206 2309 dum
2237 2270 2358 2308 mse
2393 2251 2820 2327 ait'Schweigh.
2851 2248 2990 2309 πύου
3023 2251 3257 2329 τόμους
3283 2251 3476 2333 (frusta
3499 2274 3580 2308 c·-

2067 2340 2262 2415 lostri)
2309 2342 2404 2397 hic
2445 2342 2906 2399 commemorari.
2937 2342 3005 2401 V.
3037 2360 3112 2401 αι
3145 2342 3401 2399 mendose
3439 2342 3582 2398 codd.

2067 2430 2140 2493 ὥς
2163 2427 2300 2506 ἔχετ’
2329 2428 2403 2494 εἷς
2423 2426 2511 2485 τὸν
2542 2426 2611 2489 Τ.
2639 2428 2758 2485 Nec
2780 2430 2984 2485 melius
3011 2448 3072 2488 v,
3108 2431 3205 2507 23,
3227 2428 3377 2489 ὀπταὶ
3403 2428 3582 2506 κίχλαι,

2068 2519 2157 2573 vel
2200 2514 2360 2574 ὀπταὶ
2400 2514 2490 2573 καὶ
2533 2514 2748 2594 κίχλαι,
2793 2513 2896 2593 γὰρ
2925 2516 3222 2595 ἀνάβραστ’
3261 2518 3416 2595 (cod.
3457 2524 3498 2574 A
3531 2516 3587 2581 εἰς

2071 2601 2416 2683 ἀναὸρᾶσεις,
2437 2606 2512 2663 al.
2537 2600 2878 2683 ἀναὸροίσεις,
2895 2602 3250 2683 ἀνάδραστ’),
3271 2607 3492 2663 Pollucis
3509 2605 3584 2661 ed.

2069 2711 2162 2768 pr.
2180 2693 2230 2751 ὀ.
2252 2714 2307 2752 κ.
2333 2690 2422 2749 ἐπὶ
2441 2690 2548 2756 τοῖς
2567 2690 2614 2749 δ’
2635 2688 2958 2770 ἀναὸροιστ’.
2977 2694 3120 2766 Quae
3134 2696 3366 2751 correxi.
3385 2692 3586 2751 Meinek.

2071 2778 2172 2859 γὰρ
2223 2782 2294 2845 εἰς
2339 2777 2628 2859 ἅνοίὸραστ’
2667 2781 2786 2857 ἠρτ.
2817 2782 2888 2839 V.
2941 2781 3016 2836 26
3053 2809 3080 2833 «ι
3135 2779 3211 2838 τὰ
3248 2780 3407 2840 καλὰ
3441 2803 3486 2837 τ.
3529 2802 3590 2851 κ.,

2071 2880 2138 2924 ut
2179 2868 2334 2944 apud
2375 2869 2544 2925 Phot.
2581 2879 2638 2925 et
2676 2867 2838 2928 said.
2868 2887 2925 2928 V.
2961 2868 3128 2928 Κακὰ
3157 2870 3330 2928 κακῶν
3364 2870 3590 2927 Diocles:

2074 2958 2272 3017 Πλυνεῑ
2295 2978 2354 3014 τε
2384 2953 2452 3013 τὰ
2474 2953 2616 3014 κακὰ
2637 2957 2742 3013 τῶν
2771 2958 2948 3014 κακῶν
2981 2957 3060 3033 (i.
3091 2979 3144 3020 e.
3170 2957 3236 3016 τὰ
3263 2956 3470 3016 κάκιστα
3487 2999 3504 3032 ,
3521 2957 3594 3011 vel

2073 3043 2301 3102 κάκιστα
2335 3043 2800 3120 adverbialiter),
2839 3056 2900 3102 et
2938 3047 3346 3124 Aristophanes
3379 3049 3432 3102 in
3455 3064 3597 3118 argu-

2073 3145 2267 3190 mento
2311 3135 2551 3190 metrico
2589 3133 2741 3189 Pluti
2785 3135 2890 3190 τῶν
2932 3133 3148 3212 ἀγαθῶν
3192 3133 3406 3213 τάγαθά.
3447 3134 3597 3207 Vulgo

2073 3219 2387 3298 ἐκρέμαντο.
2443 3225 2513 3280 V.
2577 3239 2650 3292 27
2707 3219 2940 3294 οὖθενὸς,
3000 3223 3192 3281 sonna
3237 3224 3594 3282 recentiorum.

2072 3310 2342 3367 Dindorf.
2371 3319 2430 3366 et
2461 3311 2639 3370 Mein.
2663 3308 2887 3374 οὐδενός.
2911 3308 2982 3370 V.
3019 3313 3100 3369 28
3136 3337 3163 3364 α
3195 3308 3479 3390 ἁμπεχόναι
3511 3303 3598 3383 τρί-

2074 3418 2274 3475 χαπτοι
2287 3409 2418 3454 sunt
2437 3400 2675 3456 amictus
2692 3417 2725 3455 e
2739 3400 2870 3475 pilis
2885 3400 3066 3476 plexi,
3089 3401 3163 3458 de
3177 3401 3378 3476 quibus
3389 3401 3597 3471 interpp.

2076 3487 2340 3564 Hesychii
2365 3507 2424 3544 v.
2448 3483 2756 3565 Τρίχαπτον
2778 3499 2834 3544 et
2853 3491 3178 3548 Hemsterh.
3207 3489 3281 3546 ad
3299 3489 3498 3545 Polluc.
3527 3503 3600 3551 ιο,

2078 3575 2176 3634 32.
2213 3597 2240 3626 a·
2265 3577 2354 3631 M.
2385 3577 2546 3632 Libri
2575 3595 2634 3635 v,
2673 3593 2752 3650 29
2793 3573 2888 3645 516.
2919 3574 3010 3633 καὶ
3059 3575 3128 3634 τὰ
3161 3575 3286 3657 ῥόδα
3318 3597 3443 3646 κεκ.,
3473 3575 3602 3630 inso-

2077 3665 2258 3721 lenter
2284 3675 2553 3739 correpto
2577 3660 2644 3719 τὰ
2665 3676 2798 3720 ante
2821 3664 2871 3744 ῥ.
2897 3665 3108 3721 Ortum
3129 3666 3351 3722 videtur
3372 3661 3455 3721 καὶ
3475 3681 3502 3718 ο
3523 3660 3606 3734 syl·

2076 3753 2205 3808 laba
2229 3773 2319 3808 σαι
2335 3795 2351 3822 ,
2371 3763 2428 3808 et
2444 3773 2502 3808 τε
2519 3753 2784 3808 haustum
2807 3771 2842 3808 a
2863 3773 2923 3809 κε
2945 3755 3122 3810 simili
3139 3757 3350 3812 vicino.
3385 3753 3452 3812 V.
3476 3751 3538 3806 30
3561 3758 3607 3802 et

2079 3843 2146 3898 31
2195 3842 2330 3897 citat
2383 3843 2550 3898 etiam
2583 3843 2785 3898 Pollux
2833 3862 2938 3914 ιο,
2970 3843 3071 3914 75.
3115 3849 3184 3905 V.
3225 3843 3298 3900 32
3339 3845 3414 3898 ita
3449 3839 3602 3897 Dobr.

2075 3928 2226 3987 Λᾶν.
2266 3947 2325 4002 2,
2362 3948 2424 4003 p.
2476 3927 2611 3984 313.
2659 3929 2822 3985 Libri
2865 3925 3085 3994 ἕκαστος
3127 3931 3173 3987 εἰ
3209 3952 3265 4008 φ.
3295 3952 3401 3998 τις,
3425 3931 3479 3983 in
3511 3945 3607 3998 quo

2075 4019 2250 4076 Mein.
2295 4015 2550 4076 ἑκάστων.
2590 4022 2658 4074 V.
2707 4019 2781 4075 33
2829 4021 3002 4096 vulgo
3032 4017 3182 4087 εὗθὺς
3220 4017 3272 4088 ἐξ
3297 4021 3347 4078 ἀ.
3374 4039 3454 4090 π.,
3477 4014 3609 4092 quod

2077 4124 2324 4163 correxi.

2157 4333 2320 4390 Idem
2353 4331 2446 4404 15,
2487 4351 2545 4408 p.
2579 4331 2719 4402 685,
2752 4336 2824 4402 A,
2851 4333 2953 4388 ubi
2983 4333 3058 4390 de
3085 4333 3300 4391 florum
3327 4330 3615 4389 nominibus

2081 4422 2322 4495 disserit,
2353 4423 2534 4476 allatis
2557 4421 2896 4494 quibusdam
2921 4423 3180 4479 versibus
3203 4443 3272 4479 ex
3297 4423 3465 4476 Persis
3490 4417 3612 4472 Phe-

2179 4637 2610 4710 juveneseentes,
2633 4637 2968 4710 conchisque
2991 4639 3154 4704 rasiS,

2081 4732 2149 4782 30
2190 4725 2378 4798 plenos
2399 4725 2598 4782 calices
2621 4726 2764 4798 nigri
2799 4725 2909 4781 vini
2933 4725 3150 4783 odorati

2187 4811 2514 4869 hauriebant
2549 4829 2644 4884 per
2679 4811 3092 4870 infundibulum
3121 4813 3192 4869 iis
3213 4813 3310 4884 qui
3343 4811 3617 4952 bib-{regam-

2187 4992 2368 5059 Atque
2393 4987 2590 5045 horum
2609 4996 2744 5062 quot
2761 4987 2960 5061 aliquis
2979 4987 3198 5060 singula
3225 4901 3532 5126 οοιιιοάἓῗὲ
3551 4977 3618 5115 vel

2425 5099 2436 5111 ·
3457 5087 3470 5124 ι
3535 5080 3584 5120 ra
3609 5105 3619 5120 .

2183 5161 2350 5235 dupla
2363 5161 2566 5222 fiebant
2581 5163 2850 5236 extemplo
2865 5179 3050 5220 rursus
3059 5178 3231 5234 quam
3251 5075 3620 5218 initioisuerant·
