3809 5850
1462 393 1989 459 mmmmm.

3225 408 3341 459 403

256 528 341 597 ἐὰν
370 530 605 625 σαπροὺς
629 521 857 621 κομιδῇ
896 520 937 594 δ
942 530 967 593 ὲ
989 581 1009 617 ,
1042 522 1279 607 παίζειν
1320 529 1426 595 καὶ
1450 533 1680 621 γελᾶν;
1770 534 1992 607 deritae,
2009 532 2334 611 olympiade
2355 554 2378 591 1
2397 536 2640 609 molari,
2657 537 2984 617 magistrum
2995 554 3343 593 commemo-

176 631 208 703 5
251 634 547 705 τούναντίον
575 634 687 729 γὰρ
710 640 831 701 πᾶν
862 627 935 701 ἔδ
938 660 991 700 ει
1012 636 1257 713 τούτους
1289 644 1543 723 ποιεῖν,

249 745 338 811 τὸν
362 746 457 836 μὲν
469 746 679 837 γελᾶν,
712 742 817 809 τὸν
845 733 905 808 δ’
930 742 1126 833 ἕτερον
1153 737 1438 832 οἰμώζειν
1460 740 1681 837 μακρά.

170 872 312 925 Versu
336 888 367 925 2
387 870 509 926 libri
532 863 845 943 συνάγοντα.
866 868 1129 925 Correxit
1145 867 1379 927 Grotius
1410 871 1677 944 Excerpt.

168 974 219 1029 p.
251 956 364 1014 631.
390 958 448 1013 V.
492 962 525 1023 Ι.
558 956 641 1011 ita
674 955 992 1030 Schweigh.
1024 966 1083 1011 et
1108 956 1310 1030 PorS.;
1341 956 1475 1013 libri
1501 968 1685 1013 metro

170 1044 348 1101 violato
390 1040 439 1101 δὲ
472 1063 595 1118 κομ.
625 1044 696 1103 V.
728 1042 766 1099 6
806 1068 833 1094 ι
869 1042 1001 1101 eod.
1043 1043 1087 1101 C
1114 1038 1342 1123 μακρὰν,
1378 1054 1445 1099 ut
1482 1045 1685 1124 Athen.

172 1148 223 1205 p.
251 1130 367 1209 385,
388 1132 449 1204 C,
474 1130 617 1189 dixit
636 1127 847 1210 μακρὰν
868 1126 1096 1209 χαίρειν.
1116 1154 1141 1180 ο
1158 1132 1247 1191 Μ.

448 1276 762 1339 cxxx1v.
806 1240 1349 1339 ΦΙΛΟΚΤΗΤΗΣ.

228 1415 435 1471 numm
462 1414 535 1472 de
562 1415 667 1471 hac
704 1414 896 1471 fibula
918 1414 1261 1481 monemus,
1286 1425 1343 1471 ot
1369 1414 1444 1471 ad
1468 1414 1527 1473 Φ
1545 1376 1703 1471 tm}

166 1520 244 1555 τιν
268 1503 487 1575 spectari
526 1513 693 1579 putat
736 1522 751 1557 ε
790 1500 951 1576 quod
976 1502 1155 1559 verbo
1182 1502 1307 1577 jam
1338 1502 1691 1561 indicaverat

162 1588 353 1645 Grotius
378 1592 505 1647 Exc.
534 1609 599 1665 p.
640 1590 779 1649 632.

223 1688 447 1745 Stobaeus
482 1689 683 1747 Floril.
736 1685 881 1763 115,
938 1684 1043 1762 15,
1092 1700 1152 1745 et
1218 1690 1485 1745 Arsenius
1527 1691 1683 1748 viel.

161 1792 207 1847 p.
236 1775 353 1847 430,
377 1794 501 1833 cum
524 1778 791 1833 lemmate
812 1772 1141 1854 Ἀντιφάνους
1159 1777 1218 1834 ἐκ
1242 1773 1603 1847 Φιλοκτήτου.

239 1888 399 1980 Σοφόν
431 1891 500 1983 γέ
531 1886 633 1956 τοί
654 1915 719 1956 τι
758 1888 905 1981 πρὸς
940 1889 1011 1956 τὸ
1050 1891 1353 1973 βουλεύειν
1382 1890 1514 1979 ἔχει

232 1994 294 2059 τὸ
316 2006 487 2088 γῆρας
505 2044 527 2080 ,
560 2000 643 2073 ὡς
673 1986 751 2070 δὴ
780 1990 966 2061 πόλλ’
1000 1986 1128 2061 ἰδόν
1146 2020 1215 2062 τε
1241 1994 1344 2062 καὶ
1372 1996 1585 2065 παθόν.

489 2171 776 2233 CXXXV.
820 2171 1299 2233 ΦΙΔΟΜΗΤΩΡ.

225 2304 404 2365 Athen.
429 2306 485 2378 3,
507 2326 569 2385 Ρ.
608 2326 746 2379 100,
771 2309 823 2363 D
856 2326 870 2362 ι
910 2302 1227 2381 μνημονεύει
1254 2299 1347 2375 τῆς
1370 2304 1574 2387 μήτρας
1598 2304 1689 2367 καὶ

162 2382 273 2451 'Ar-c.
300 2394 347 2450 iv
370 2394 703 2475 Φιλομήτορι
724 2392 889 2461 οὕτως
904 2438 924 2468 ,

238 2495 528 2603 ἔμμητρον
556 2510 665 2579 ἐὰν
710 2508 749 2603 ᾗ
787 2510 861 2577 τὸ
898 2509 1101 2596 ξύλον,
1134 2507 1406 2595 βλάστην
1434 2510 1592 2603 ἔχει.

233 2616 589 2708 Μητρόπολίς
617 2620 785 2684 ἐστιν
802 2616 939 2707 οὐχὶ
964 2616 1353 2709 Πατρόπολις
1380 2616 1579 2693 πόλις.

235 2724 451 2815 Μήτραν
466 2725 625 2801 τινὲς
644 2730 959 2790 πωλοῦσιν
972 2714 1225 2796 ἥδιστον
1246 2724 1416 2815 κρέας
1436 2756 1445 2764 ·

234 2834 451 2922 Μητρᾶς
482 2836 515 2897 ὁ
542 2830 705 2907 Χῖός
748 2833 878 2895 ἐστι
913 2839 1003 2916 τῷ
1031 2824 1213 2921 δήμῳ
1240 2826 1428 2920 φίλος.

164 2947 339 3009 Horum
386 2959 673 3014 sententiae
726 2975 846 3012 non
894 2957 1202 3026 eohaerent,
1272 2963 1690 3033 proptereaque

162 3043 337 3096 tantum
378 3049 699 3121 composita
728 3063 846 3102 esse
886 3044 1211 3114 videantur,
1251 3055 1319 3099 ut
1356 3062 1490 3099 usus
1528 3043 1687 3099 verbi

163 3122 300 3204 μήτρα
320 3141 370 3188 et
393 3133 463 3190 ab
493 3153 564 3192 eo
589 3137 911 3193 ductorum
928 3133 1348 3205 ostenderetur-3
1367 3132 1468 3189 sed
1488 3151 1691 3190 vereor

164 3221 213 3263 ut
233 3221 447 3287 genuina
472 3224 605 3279 sint.
645 3248 675 3274 ι
700 3225 793 3280 De
812 3217 951 3300 ξύλῳ
980 3218 1237 3298 ἕμμήτρῳ
1262 3221 1383 3276 dixi
1408 3221 1483 3277 ad
1500 3221 1688 3278 Theo-

166 3301 263 3356 criti
302 3305 457 3380 Idy-11.
504 3309 607 3383 25,
644 3329 796 3386 209.
843 3312 913 3368 V.
952 3327 986 3366 2
1029 3309 1232 3386 addidi
1266 3306 1450 3379 πόλις,
1490 3320 1549 3366 et
1580 3329 1689 3384 pro

164 3387 429 3465 μητρόπολις
455 3409 511 3454 et
534 3395 871 3477 πατρόπολις
897 3397 1095 3472 scripsi
1126 3394 1467 3474 Μητρόπολις
1494 3408 1553 3452 et
1574 3397 1689 3456 Πα-

166 3472 377 3550 τρόπολις.
430 3485 782 3561 Μεενυροὶεε
834 3484 1009 3541 urbes
1049 3494 1459 3563 commemorat
1497 3485 1690 3560 plures

162 3561 425 3638 Stephanus
443 3574 775 3649 Byzant.*p.
804 3569 941 3642 557,
970 3589 1213 3645 quarum
1229 3571 1609 3628 celeberrimae
1634 3575 1691 3627 in

164 3649 308 3722 Lydia
340 3671 393 3714 et
428 3653 681 3740 Phrygia
712 3661 839 3720 sitae
866 3669 1049 3718 erant.
1078 3663 1165 3718 De
1193 3660 1371 3736 Lydia
1397 3679 1456 3717 ν.
1488 3673 1701 3742 praeter·

163 3739 273 3796 alios
296 3747 529 3806 AElianus
552 3755 629 3808 H.
652 3756 735 3812 A.
772 3750 869 3819 16,
906 3748 1013 3819 38;
1036 3749 1111 3806 de
1142 3749 1413 3825 Phrygia,
1438 3752 1499 3806 in
1533 3751 1691 3823 cujus

162 3825 326 3888 vicinia
379 3838 687 3898 Alcibiadis
746 3838 1075 3913 sepulcrum
1124 3839 1265 3904 suit,
1324 3839 1533 3898 Athen.
1590 3841 1689 3910 13,
1738 3848 1747 3912 Ι

164 3927 209 3984 P·
248 3913 373 3993 574,
406 3927 473 3985 F.
530 3931 601 3988 V.
656 3935 693 3996 t,
757 3926 1025 4006 Μητρᾶς,
1070 3928 1130 3987 h.
1187 3945 1255 3987 e..
1302 3925 1692 4007 Μητρόδωρος,

164 4005 318 4077 scripsi
334 4029 429 4083 pro
450 4015 611 4080 edito
634 4015 877 4094 Μήτρας
900 4035 915 4071 2
939 4036 994 4074 v.
1022 4015 1210 4090 Etym.
1230 4019 1307 4076 M.
1332 4036 1393 4092 Ρ.
1414 4018 1526 4085 234
1546 4059 1564 4092 ,
1592 4038 1689 4088 20,

166 4089 323 4153 Arcad-
362 4101 441 4159 De
465 4115 687 4165 aceent.
713 4123 781 4182 p.
814 4122 916 4174 21,
968 4103 1057 4162 18.
1105 4106 1418 4180 Incertum,
1450 4106 1576 4180 quis
1610 4109 1687 4162 si-

165 4179 428 4248 gnificetur.
476 4192 887 4249 Metrodorum
930 4192 1161 4263 Chium,
1204 4193 1525 4250 Anaxarchi
1572 4195 1689 4250 Ab·

176 4291 1392 4320 ,Ἢ

220 4348 289 4402 sin
310 4361 475 4411 autem
493 4357 855 4415 vehementer
880 4365 1083 4431 putres,
1096 4358 1275 4431 jocari
1292 4373 1356 4415 ae
1372 4358 1589 4415 ridere?

170 4433 195 4483 ⁵
223 4449 409 4505 Prorsus
424 4445 567 4502 enim
585 4447 873 4504 contrario
896 4445 1061 4504 modo
1086 4445 1186 4504 hos
1206 4461 1368 4518 agere
1386 4447 1692 4520 oportebat,

220 4530 272 4578 ut
289 4526 407 4584 alter
430 4530 635 4590 rideret
648 4573 667 4602 ‚
697 4533 845 4590 ulter
864 4532 1270 4590 lamentaretur.

586 4622 1089 4680 PHILOCTETES
1113 4624 1215 4690 (Ρ).

170 4691 447 4768 &pientiam
466 4708 749 4781 quandam
775 4709 847 4766 ud
869 4709 1265 4768 consulendum
1284 4707 1449 4767 habet

172 4793 375 4848 *⁰0⁰¹OE
392 4833 409 4860 ι
433 4804 497 4851 ut
512 4813 637 4870 quae
656 4794 811 4856 sane'
825 4799 996 4858 multa
1023 4806 1077 4855 et
1095 4797 1288 4856 viderit
1305 4807 1361 4856 et
1384 4815 1540 4872 passa
1566 4799 1657 4855 sit.

606 4889 891 4944 MATRIS
926 4889 1197 4946 AMANS.

174 4953 481 5026 Medullosum
506 4973 552 5028 εἰ
572 4983 658 5030 est
682 4975 895 5048 lignum
913 5017 931 5042 ,
959 4975 1123 5032 habet
1144 4990 1389 5047 germen.

178 5039 441 5124 Metropolis
463 5059 595 5120 urbs
628 5079 747 5120 non
777 5071 865 5120 eet
886 5049 1203 5136 Paitropolis.

182 5129 409 5197 Matricem
436 5155 563 5203 sunt
591 5149 687 5221 qui
720 5148 959 5206 vendant
992 5166 1091 5223 pro
1117 5167 1281 5208 earne
1304 5149 1642 5208 suavissima.

186 5214 341 5282 Meu-'ns
357 5231 511 5292 Chius
534 5237 723 5310 populi
756 5235 963 5294 anneus
990 5247 1086 5295 est.

1772 634 1863 679 rat
1898 625 2071 700 Diog.
2101 622 2287 680 Laert.
2329 641 2390 696 9,
2435 642 2526 693 10,
2573 623 2675 679 ubi
2721 642 2778 683 v.
2819 624 3128 709 Menagius.
3159 624 3347 682 -Alius

1774 708 2138 767 Metrodorus
2183 711 2355 767 Chius
2381 711 2625 767 habetur
2649 712 2706 767 in
2735 712 2903 766 titulo
2931 708 3087 784 apud
3108 710 3342 767 Boeckh.

1772 798 1838 856 C.
1869 796 1914 853 1.
1945 816 2006 873 2,
2032 815 2090 871 p.
2122 815 2261 872 201,
2306 815 2401 854 2ο.
2427 822 2453 847 υ
2477 799 2529 853 E
2553 798 2638 857 Μ.
2675 798 2836 855 Idem
2861 816 2919 856 v.
2959 816 2981 851 1
3013 793 3074 852 ἂν
3107 786 3164 873 ᾖ.
3359 792 3364 801 “

2132 944 2448 1005 cxxxvl.
2504 944 2988 1005 ΦΙΛΟΠΑἸὮΡ.

1864 1120 1889 1148 ι
1918 1094 2349 1173 Philopatorem
2375 1101 2549 1155 latine
2571 1100 2884 1157 reddidisse
2907 1100 3133 1156 videtur
3149 1102 3348 1176 Turpi-

1775 1185 1914 1255 lius,
1957 1184 2120 1259 cujus
2145 1187 2566 1262 Philopatorem
2605 1188 2906 1263 aliquoties
2941 1201 3350 1245 commemorat

1777 1273 1998 1329 Nonius
2015 1314 2035 1347 ,
2055 1274 2166 1329 nisi
2191 1275 2238 1331 is
2264 1274 2561 1351 Posidippi
2590 1278 3014 1353 Philopatorem
3032 1279 3306 1351 expressit
3331 1298 3344 1332 :

1775 1379 1829 1420 v.
1866 1362 2058 1419 Bothii
2086 1363 2310 1439 Fragm-
2339 1365 2500 1421 Com.
2535 1363 2632 1423 lat.
2661 1383 2722 1438 p.
2759 1382 2860 1437 91.
2893 1386 2918 1412 υ
2949 1365 3126 1430 Mein,

1858 1488 2063 1545 Athen.
2096 1488 2190 1560 13,
2217 1509 2282 1565 p.
2319 1488 2434 1565 559
2454 1532 2471 1561 ,
2493 1492 2545 1546 D
2573 1508 2586 1547 :
2617 1486 2754 1546 Ἀντ.
2782 1490 2834 1546 ἐν
2854 1486 3190 1567 Φιλοπάτορι
3277 1514 3282 1521 -

1870 1645 1932 1685 α.
1964 1614 2278 1713 Γεγάμηκε
2294 1610 2511 1693 δήπου.
2530 1622 2590 1703 β.
2609 1619 2691 1686 Τί
2711 1620 2782 1685 σὺ
2794 1622 2988 1713 λέγεις
3011 1643 3030 1703 ;
3049 1620 3305 1693 'ozi-news.
3321 1646 3350 1696 ς

1874 1724 2244 1818 γεγάμηκεν,
2277 1722 2341 1791 ὃν
2365 1727 2482 1819 ἐγὼ
2511 1720 2712 1803 ζῶντα
2739 1724 3184 1819 περιπατοῦντά
3211 1752 3279 1793 τε

1872 1834 2237 1916 κατε’λιπον;

1778 1977 1954 2030 Versu
1985 1992 2010 2029 1
2043 1975 2120 2031 sic
2145 1974 2328 2031 Dobr.
2360 1973 2594 2031 Advers.
2623 1994 2657 2031 2
2677 2016 2696 2045 ,
2726 1994 2788 2050 Ρ.
2825 1974 2964 2041 341.
2994 1976 3154 2031 Libri
3195 1974 3258 2033 Γ.
3295 1972 3345 2034 ὃ.

1778 2056 1843 2119 σὺ
1873 2057 1926 2116 τί
1951 2060 2006 2119 λ.
2033 2060 2146 2117 Sed
2161 2062 2363 2117 inutile
2381 2102 2398 2130 ,
2421 2079 2602 2135 neque
2625 2064 2890 2119 usitatum
2909 2104 2926 2137 ,
2952 2075 3038 2119 est
3065 2060 3128 2121 σὺ
3153 2065 3212 2119 in
3238 2064 3352 2121 hac

1780 2148 2058 2228 formula,
2099 2166 2206 2204 nec
2239 2166 2375 2205 raro
2399 2143 2464 2204 σὺ
2493 2162 2552 2207 et
2577 2146 2660 2208 σοὶ
2688 2150 2924 2207 confusa
2964 2169 2978 2206 :
3024 2170 3078 2207 v.
3107 2170 3243 2209 ann.
3277 2151 3354 2209 ad

1786 2236 1956 2295 Iliad.
1989 2256 2048 2311 9,
2089 2235 2228 2307 438,
2258 2238 2437 2311 Soph.
2480 2238 2672 2312 Antig.
2707 2256 2842 2315 197,
2881 2240 3120 2313 ipsaque
3148 2259 3196 2296 οι
3229 2252 3288 2296 et
3322 2262 3352 2297 υ

1780 2326 2061 2397 permixta
2083 2323 2279 2381 videas
2307 2322 2497 2383 AEsch.
2528 2324 2672 2381 Cho.
2723 2332 2822 2397 24,
2863 2326 3016 2381 Pluti
3067 2344 3202 2397 112,
3235 2337 3354 2389 etc.

1780 2412 1983 2467 Scribo
2006 2413 2160 2468 enim
2186 2411 2232 2470 Γ
2232 2431 2311 2487 εγ.
2347 2410 2515 2482 δήπου
2543 2409 2663 2470 σοί.
2713 2414 2768 2489 β.
2801 2410 2875 2471 Τί
2899 2410 3100 2489 λέγεις,
3141 2420 3354 2489 Aptum

1779 2498 1873 2555 hic
1923 2500 2200 2559 familiare
2237 2498 2319 2559 σοὶ
2359 2501 2706 2565 encliticam.
2758 2510 2800 2550 α’
2825 2502 3096 2561 Similiter
3127 2500 3356 2577 jocatur

1780 2590 1974 2646 nescio
2003 2592 2130 2664 quis
2157 2590 2314 2666 apud
2338 2592 2596 2649 Eustath.
2635 2609 2696 2669 Ρ.
2735 2588 2911 2663 1552,
2943 2592 3070 2650 init.
3100 2608 3118 2650 z
3145 2593 3252 2649 τῶν
3278 2614 3356 2657 τις

1782 2676 2026 2733 παλαιῶν
2055 2674 2227 2757 φίλον,
2266 2675 2389 2756 χθὲς
2417 2674 2512 2755 μὲν
2540 2675 2737 2754 ἄζυγα,
2779 2676 3009 2757 σήμερον
3052 2676 3108 2738 δὲ
3148 2678 3356 2757 γυναικὶ

1782 2762 2053 2821 ἰκδοθέντα
2070 2807 2087 2836 ,
2125 2764 2515 2843 οἰκτισάμενος,
2568 2766 2763 2844 Οἵμοι,
2797 2764 2926 2847 ἔφη,
2967 2770 3091 2847 χθὲς
3130 2766 3246 2839 ἔζηί
3282 2770 3355 2833 ὡς

1781 2849 1934 2920 δῆθεν
1960 2849 2189 2931 σήμερον
2215 2852 2452 2921 τεθνεώς.
2481 2880 2505 2907 ι
2525 2858 2576 2912 Ε
2599 2858 2686 2912 Μ.
2706 2858 2773 2914 V.
2797 2874 2831 2912 2
2860 2853 2918 2913 τὲ
2941 2857 3168 2915 addidit
3189 2858 3354 2933 Kop·
3407 2872 3416 2883 ¹

1777 2940 1950 3016 piers.
1985 2942 2223 3000 Observ.
2255 2961 2316 3019 p.
2341 2941 2439 3015 57.

2197 3075 2549 3136 cxxxvn.
2596 3076 2938 3138 ΦΙΛΩΤΙΣ.

1859 3193 2067 3275 Athen.
2117 3225 2212 3290 14,
2251 3238 2315 3294 p.
2356 3219 2492 3293 662,
2529 3223 2574 3276 Β
2603 3239 2620 3278 :
2650 3217 2788 3280 Ἀντ.
2819 3219 2873 3276 ἐν
2916 3218 3210 3289 Φιλώτιδι,
3257 3219 3354 3291 τὴν

1782 3303 1965 3385 σοφίαν
2003 3306 2108 3362 τῶν
2134 3305 2396 3385 μαγείρων
2416 3303 2731 3386 ἐμφανίζων,
2759 3303 2916 3386 φησὶν

1878 3465 1945 3506 α.
1980 3441 2208 3504 Οὐκοῦν
2233 3438 2306 3505 τὸ
2338 3438 2444 3529 μὲν
2471 3429 2852 3532 γλαυκίδιον,
2879 3441 3078 3531 ὥσπερ
3096 3435 3348 3527 ἄλλοτε,

1878 3541 2044 3634 ἕψειν
2074 3547 2134 3610 ἐν
2167 3543 2337 3638 ἅλμῃ
2361 3543 2537 3636 φημί.
2565 3548 2628 3628 β.
2647 3545 2738 3611 Τὸ
2765 3537 2836 3609 δὲ
2856 3539 3228 3636 λαὸροὶκιονς

1878 3677 1942 3719 α.
1979 3645 2195 3717 ὀπτᾶν
2228 3653 2394 3719 ὅλον.
2428 3654 2487 3735 β.
2523 3651 2647 3717 Τὸν
2682 3650 2942 3743 γαλεόν;
2983 3672 3048 3718 α.
3093 3643 3174 3716 Ἐν
3209 3656 3355 3718 ὑπο-

3061 3754 3354 3849 τρίμματι

1880 3856 2110 3940 ζέσθαι.
2142 3867 2202 3947 β.
2237 3863 2327 3929 Τὸ
2361 3856 2801 3956 δ’·ἐγχέλειον;
2834 3887 2898 3928 α.
2939 3853 3128 3946 hec,
3161 3863 3358 3959 ὀρίγα-

1786 4067 1827 4139 5
1880 4069 2060 4165 ὕδωρ.
2105 4079 2165 4160 β.
2206 4071 2259 4142 ὸ
2293 4076 2580 4169 γόγγρος;
2625 4103 2684 4145 α.
2725 4077 2983 4149 Ταύτόν.
3031 4080 3095 4162 β.
3135 4071 3190 4144 121
3230 3997 3360 4163 νὲάῖ

2899 4210 3028 4270 τις;
3063 4212 3125 4256 α.
3159 4187 3356 4254 Χλότ.

2240 4380 2252 4394 ·
2289 4368 2548 4424 PATRlS
2593 4369 2858 4424 AMANS.

1789 4464 1837 4504 a.
1866 4451 2106 4507 Uxorem
2129 4465 2260 4507 sane
2277 4451 2376 4508 tibi
2400 4450 2574 4508 duxit.
2597 4451 2653 4509 b.
2677 4451 2820 4523 Quid
2843 4453 2925 4510 ais
2941 4456 2966 4508 ἓ
2992 4469 3179 4512 revera

1789 4553 2016 4594 uxorem
2040 4537 2224 4605 duxit,
2243 4554 2409 4613 quem
2437 4555 2540 4612 ego
2561 4540 2834 4598 viventem
2863 4549 2918 4596 et
2933 4541 3302 4600 ambulantem

1787 4623 2020 4698 reliqui?

2391 4713 2743 4770 PHILOTlS.

1858 4813 1910 4854 a.
1941 4797 2114 4869 igitur
2130 4798 2448 4870 glauculum
2466 4839 2482 4868 ‚
2507 4797 2754 4865 malias,

1858 4884 1916 4939 in
1934 4885 2108 4942 muria
2129 4885 2290 4958 coqui
2301 4885 2490 4957 Jubeo.
2506 4885 2563 4941 b.
2583 4887 2820 4942 Parvum
2835 4893 3021 4942 autem
3039 4883 3315 4944 labi-neem
3333 4891 3358 4942 Ξ·

1858 4987 1910 5026 a.
1939 4973 2124 5028 Assari
2142 4979 2344 5030 totum.
2370 4972 2426 5028 b.
2448 4971 2682 5030 Galeum
2700 4974 2724 5026 Ρ
2745 4986 2796 5028 a.
2825 4973 2895 5028 Iu
2913 4971 3040 5043 jnrc

1858 5057 2142 5114 serve-lieri.
2171 5057 2226 5115 b.
2258 5061 2332 5115 E·
2353 5057 2710 5130 anguillulam
2725 5059 2750 5110 ?
2771 5073 2823 5114 a.
2843 5057 2956 5121 Sal,
2977 5056 3285 5128 origanum,
3417 5115 3426 5122 ,

1787 5153 1818 5200 5
1858 5161 2074 5216 nquam.
2123 5145 2174 5201 b.
2214 5149 2461 5216 conger?
2497 5161 2547 5200 a.
2589 5143 2796 5199 Eodem
2837 5140 3021 5198 modo.
3072 5141 3126 5198 b.
3169 5147 3316 5201 Ratis
3333 5149 3358 5200 Ρ

2891 5299 2896 5302 ¹
3017 5233 3096 5296 [a.
3132 5233 3345 5290 llerbae.

3061 5335 3088 5373 2
3105 5338 3131 5372 ι.
