3809 5850
485 456 602 505 348

1505 443 1777 504 MEDlAE
1820 441 2236 503 coMOEmAE
2278 442 2689 515 RELIQmAE.

478 578 804 653 ponendum
828 578 900 631 sit
919 574 1199 644 ἀναδῦναι,
1231 593 1409 648 quum
1432 574 1601 650 bene,
1631 576 1804 631 immo
1825 576 2043 643 melius,
2141 573 2369 631 τοιοῦτόν
2419 594 2533 630 τινα
2574 561 2708 629 εἶναι
2752 569 2847 641 τὴν
2888 568 3026 627 ἰδέαν
3078 570 3113 641 ἢ
3162 572 3230 637 ὥς
3274 596 3422 657 φησιν
3458 572 3571 635 'Am
3610 579 3649 633 ἓν

477 666 683 721 habeat
707 662 984 732 ἀναῧῆναι.

1033 774 1129 831 vl.
1177 772 1484 831 ΑΙΟΛΟΣ.

565 927 588 953 ιι
623 904 773 957 AE'oli
799 919 924 974 quae
949 904 1100 956 ratio
1129 900 1334 969 fuerit,
1362 902 1496 957 satis
1527 898 1609 977 (Ρ)
1639 900 1933 957 ostendere
1961 904 2049 956 vi-

477 990 686 1045 dentur
707 988 910 1045 fabulae
929 988 1270 1063 fragmenta,
1295 1008 1421 1062 quae
1443 990 1688 1044 servavit
1709 989 1916 1047 Athen.
1951 1008 2043 1069 io,

477 1097 539 1150 p.
574 1084 681 1151 44,
712 1078 789 1145 C,
821 1088 880 1133 et
916 1095 1008 1145 12,
1040 1095 1101 1151 p.
1147 1074 1285 1145 552,
1328 1078 1373 1133 F
1407 1097 1420 1131 ι
1457 1095 1706 1151 quorum
1743 1078 1904 1150 prius
1932 1078 2045 1133 Eu·

477 1163 683 1237 ripidei
714 1163 1012 1231 dramatis,
1041 1164 1114 1219 ab
1151 1166 1534 1240 Aristophane
1567 1165 1832 1238 exagitati
1852 1204 1870 1234 ,
1911 1166 2045 1219 imi-

479 1252 750 1306 tationem
769 1252 1058 1321 continet3
1083 1270 1138 1306 v.
1171 1254 1440 1310 Valcken.
1473 1252 1550 1308 ad
1587 1252 1872 1325 Euripidis
1901 1254 2047 1326 Hip·

475 1338 598 1411 pol.
630 1338 806 1408 1303,
834 1349 892 1394 et
913 1339 986 1394 de
1017 1339 1381 1396 AEolosicone
1416 1340 1666 1415 Comici,
1695 1357 1812 1414 qua
1849 1338 2047 1395 fabula

479 1426 704 1481 AEolum
733 1425 1022 1501 Euripidis
1059 1427 1190 1483 data
1220 1446 1396 1502 opera
1425 1429 1661 1498 luserat,
1679 1427 1944 1484 Grauert.
1984 1428 2047 1483 in

477 1515 673 1587 Museo
717 1514 903 1574 Rhen.
949 1514 1249 1571 Niebuhrii
1284 1516 1401 1572 vol.
1449 1534 1482 1571 α
1503 1556 1522 1585 ,
1556 1534 1616 1590 p.
1647 1514 1723 1571 50
1751 1526 1810 1571 et
1837 1520 1972 1589 499.
2012 1538 2037 1565 υ

478 1606 633 1664 ΕΜ.

1243 1722 1266 1757 1

555 1813 764 1869 Athen.
801 1832 894 1882 ιο,
925 1832 986 1888 p.
1019 1820 1158 1885 444,
1198 1814 1242 1870 C
1271 1833 1284 1868 ε
1313 1813 1368 1869 ἐν
1407 1810 1461 1869 δὲ
1492 1811 1668 1893 Αἰόλῳ
1713 1796 2043 1885 διαὸάλλων,

477 1894 576 1954 ὅσα
607 1896 749 1956 δεινὰ
770 1897 1088 1979 πράττουσιν
1115 1901 1165 1957 οῖ
1191 1896 1350 1958 πλέον
1378 1897 1634 1972 πίνοντες,

573 2023 919 2115 Μακαρεὺς,
951 2024 1134 2112 ἔρωτι
1165 2032 1288 2091 τῶν
1319 2024 1671 2116 ὁμοσπόρων
1709 2030 1849 2115 μιᾶς

572 2127 822 2220 πληγεὶς
843 2178 862 2212 ,
901 2131 1054 2205 τέως
1087 2130 1196 2219 μὲν
1223 2130 1539 2220 ἐπεκράτει
1565 2140 1676 2209 τῆς
1707 2134 2008 2222 συμφορᾶς
2026 2179 2048 2213 ,

570 2236 814 2327 κατεῖχέ
841 2230 888 2301 θ’
922 2234 1100 2301 αὐτόν
1117 2256 1132 2271 ·
1163 2230 1298 2300 εἶτα
1330 2230 1696 2328 παραλαὸών
1723 2260 1875 2302 ποτε

571 2335 727 2405 οἶνον
757 2341 1117 2433 στρατηγὸν,
1151 2338 1214 2417 ὃς
1252 2342 1426 2430 μόνος
1466 2341 1698 2418 θνητοῖς
1730 2338 1866 2434 ἄγει

479 2440 518 2509 5
571 2450 680 2521 τὴν
716 2446 950 2537 τόλμαν
979 2446 1059 2524 εἰς
1082 2446 1156 2511 τὸ
1184 2446 1401 2538 πρόσθε
1424 2458 1530 2523 τῆς
1561 2442 1891 2533 εὐὸουλίας,

574 2554 804 2643 νύκτωρ
834 2550 1098 2629 ἀναστὰς
1135 2553 1344 2643 ἔτυχεν
1376 2550 1457 2618 ὧν
1488 2548 1793 2621 ἐὲούλετο.
1825 2560 1852 2583 “

477 2704 500 2730 ι
529 2680 714 2735 Ducta
750 2680 868 2735 haec
900 2679 1170 2735 videntur
1205 2698 1236 2735 e
1277 2680 1522 2754 prologo
1559 2679 1888 2754 comoediae,
1930 2698 2046 2756 qua

475 2778 646 2841 pocta
695 2768 972 2841 expressit
1008 2766 1162 2823 haud
1202 2766 1372 2824 dubie
1421 2768 1712 2841 Euripidis
1756 2768 2004 2825 fabulam
2023 2810 2041 2839 ‚

475 2852 637 2925 cujus
676 2864 1074 2930 argumentum
1101 2854 1380 2911 contineri
1407 2853 1565 2911 dicas
1592 2855 1828 2911 Sostrati
1861 2856 2045 2911 verbis

475 2963 508 2999 e
534 2943 684 2999 libro
710 2963 744 2999 α
773 2945 1287 3020 Tyrrhenicorum,
1313 2945 1543 3000 servatis
1579 2963 1613 3000 a
1639 2945 1866 3000 Stobaeo
1901 2945 2042 3002 Flo-

475 3032 562 3086 ril.
601 3032 701 3106 64,
739 3029 812 3087 35
851 3051 866 3088 :
917 3029 1105 3097 Αἴολος
1147 3032 1250 3088 τῶν
1287 3029 1424 3088 κατὰ
1461 3029 1760 3110 Τυρρηνίαν
1801 3030 2044 3108 βασιλεὺς

473 3116 646 3176 τόπων
676 3117 828 3196 ἔσχεν
857 3117 910 3186 ἐξ
931 3116 1210 3198 Ἀμφιθέας
1237 3116 1520 3198 θυγατέρας
1542 3117 1595 3186 ἓξ
1612 3163 1629 3191 ,
1656 3117 1856 3176 καὶτὸν
1887 3118 2041 3177 αὐτὸν

474 3204 696 3284 ἀριθμὸν
725 3204 955 3285 ἀρρένων
995 3205 1224 3279 παίδων,
1251 3196 1326 3264 ὧν
1365 3208 1394 3264 ὁ
1438 3205 1795 3286 πρεσὸὗτατος
1838 3208 2045 3266 Μακα-

477 3291 592 3369 ρεὺς
643 3292 894 3364 Κανάκης
929 3296 1023 3364 τῆς
1067 3295 1294 3373 ἀδελφῆς
1346 3293 1605 3373 ἐρασθεὶς,
1649 3293 1900 3352 &caicato
1946 3291 2041 3364 τὴν

472 3378 872 3460 προειρημένην.
906 3380 1095 3448 Αἴολος
1117 3379 1206 3454 δὲ,
1238 3379 1358 3461 περὶ
1380 3379 1578 3440 τούτων
1623 3379 1836 3459 μαθὼν,
1860 3384 1927 3460 τῇ
1955 3385 2043 3440 θυ-

473 3466 625 3546 γατρὶ
654 3465 795 3548 ξίφος
827 3465 1088 3547 ἔπεμψεν·
1115 3473 1149 3540 ἡ
1181 3467 1235 3526 δὲ
1277 3471 1348 3536 ὣς
1395 3468 1550 3546 νόμον
1581 3469 1854 3545 (jussum)
1885 3467 2042 3537 δεξα-

475 3555 606 3630 μένη
633 3553 722 3613 τὸν
745 3554 956 3633 σίδηρον
985 3555 1150 3627 αὑτὴν
1171 3557 1365 3616 ἀνεῖλε.
1397 3555 1684 3635 Μακαρεὺς
1703 3555 1786 3634 δὲ,
1816 3555 1904 3614 τὸν
1924 3579 2042 3634 γεν-

471 3641 704 3714 νήσαντα
745 3642 1284 3724 προεξιλεωσάμενος,
1313 3643 1538 3721 ἔδραμεν
1574 3648 1644 3710 εἷς
1671 3643 1758 3703 τὸν
1785 3643 2040 3721 θάλαμον,

471 3729 634 3808 εὑρὼν
671 3728 726 3788 δὲ
765 3728 860 3801 τὴν
905 3730 1260 3808 ἀγαπωμένην
1289 3734 1748 3812 αἱμορραγοῧσαν,
1779 3735 1856 3812 τῷ
1895 3733 2041 3815 αὗτῷ

471 3816 603 3896 ξίφει
633 3814 722 3875 τὸν
761 3815 872 3896 βίον
911 3817 1249 3899 περιέγραψε.
1301 3824 1431 3876 Duo
1475 3822 1697 3896 priores
1743 3839 1937 3878 versus
1970 3842 2040 3879 ex

469 3908 598 3981 ipso
625 3906 898 3980 Euripide
926 3907 1226 3964 adscivisse
1267 3909 1548 3963 comicum
1577 3926 1694 3962 non
1735 3909 2039 3982 improba-

471 3995 600 4049 bilis
628 3992 954 4064 conjectura
977 4005 1060 4048 est
1087 3995 1443 4050 Valckenarii
1481 3997 1611 4050 loco
1653 3997 1748 4052 cit.
1783 4020 1806 4044 υ
1845 3997 2028 4053 Mein.

469 4086 536 4138 V.
565 4088 597 4146 4
620 4081 818 4150 θνητῶν
840 4081 972 4139 cod.
1002 4086 1140 4139 Ven.

1227 4198 1280 4234 2.

550 4290 707 4346 Idem
747 4310 840 4361 ια,
875 4311 936 4367 p.
977 4289 1115 4362 552,
1155 4289 1198 4348 F
1244 4313 1258 4347 ε
1299 4293 1479 4371 πολλῷ
1518 4283 1606 4350 οὗν
1635 4292 1847 4353 κάλλιόν
1885 4295 2031 4367 ἐστι,

2147 660 2325 738 Αἰόλῳ
2342 704 2359 732 ,

2236 813 2331 821 -
2363 783 2589 839 Τοῦτον
2636 771 2735 839 οὖν

2236 869 2276 943 δ
2280 884 2319 943 ι’
2360 878 2740 971 οἰνοφλυγίαν
2770 877 2871 943 καὶ
2902 877 3099 971 ποίχος
3138 888 3245 944 τοῦ
3274 882 3529 972 σώματος

2240 984 2372 1050 aiax.
2388 984 2419 1049 ὸ
2438 1010 2470 1049 ν
2500 989 2751 1049 καλοῦσι
2782 982 3005 1061 πάντες
3030 988 3395 1077 οὑπιχώριοι.

2136 1108 2366 1186 Spectat
2386 1110 2503 1166 lnaec
2532 1108 2789 1167 Eustath.
2823 1107 2900 1165 ad
2925 1107 3130 1183 Odyss.
3160 1127 3224 1184 p.
3270 1108 3413 1175 1646
3434 1150 3449 1178 ,
3484 1117 3557 1176 14.

2642 1266 2747 1326 vl.
2792 1264 3197 1327 ΑΚΕΣΤΡΙΑ.

2223 1422 2247 1447 α
2282 1399 2497 1455 Atticos
2526 1393 2805 1473 ἄκέστριαν
2834 1401 3123 1452 sar-tricem
3150 1395 3353 1453 dixisse
3381 1396 3515 1471 (non
3532 1398 3651 1469 θερε-

2134 1480 2386 1561 πεύτριαν
2413 1482 2726 1539 secundnm
2750 1484 2937 1557 Etym.
2962 1484 3042 1539 M.
3060 1502 3123 1559 p.
3150 1490 3249 1554 47,
3277 1482 3413 1557 44),
3440 1484 3649 1556 intelligi·

2138 1582 2230 1627 tur
2256 1587 2289 1626 e
2312 1571 2525 1627 Lexico
2545 1568 2787 1627 Bekkeri
2810 1572 3029 1627 Anecd.
3050 1590 3115 1647 p.
3146 1570 3283 1642 364,
3302 1571 3337 1627 8
3356 1571 3435 1644 (et
3458 1570 3645 1629 Bachm.

2144 1676 2195 1727 1,
2219 1676 2283 1732 p.
2316 1654 2443 1731 53),
2461 1652 2774 1713 Ἀκέσασθαι
2796 1654 2890 1713 καὶ
2918 1653 3109 1715 ἀκέσαι
3141 1654 3560 1715 εἰᾶσεσθαι··δθεν
3578 1652 3647 1711 καὶ

2136 1744 2186 1801 οῖ
2214 1741 2437 1803 Ἀττικοὶ
2460 1740 2557 1812 τὴν
2574 1740 2843 1820 ἠπήτριαν
2868 1741 2983 1802 dxc
2992 1764 3111 1822 στρ
3126 1764 3227 1801 ιαν
3253 1744 3648 1803 mmmmm

2138 1834 2444 1907 Dionysius
2472 1832 2633 1891 Eust.
2661 1831 2734 1888 ad
2758 1831 2953 1907 Odyss.
2982 1850 3047 1907 p.
3094 1832 3272 1903 1647,
3306 1830 3399 1903 58,
3429 1844 3481 1889 et
3500 1835 3643 1905 Etym.

2136 1921 2214 1976 Μ.
2241 1940 2306 1997 p.
2341 1920 2439 1991 46,
2468 1918 2593 1985 34:
2629 1915 2906 1997 Ἀκέστρια
2942 1917 3036 1976 καὶ
3078 1917 3336 1992 ἀκεστὴς,
3368 1917 3445 1985 οὓς
3468 1921 3543 1975 νῦν
3567 1916 3647 1997 ῥά-

2136 2027 2273 2073 πτας
2297 2007 2534 2067 καλοῦσι.
2572 2002 2678 2085 χρὴ
2718 2002 2776 2065 δὲ
2800 2002 3026 2079 εἰδέναι,
3060 2006 3136 2072 ὣς
3170 2007 3221 2063 οῖ
3244 2004 3449 2063 παλαιοὶ
3470 2000 3647 2081 γυναιξὶν

2136 2093 2367 2173 ἐχρῶντο
2388 2094 2459 2161 εἰς
2479 2090 2675 2159 ταύτας
2695 2088 2791 2157 τὰς
2808 2090 3057 2171 ἐργασίας
3070 2134 3089 2164 ,
3114 2090 3255 2151 καθὰ
3271 2092 3359 2152 καὶ
3376 2096 3456 2151 νῦν
3472 2090 3643 2153 Σκύθαι.

2136 2182 2407 2239 Mendose
2431 2182 2734 2239 Erotianus
2759 2180 2942 2239 Gloss‚
2968 2182 3255 2257 Hippocr.
3285 2202 3345 2258 p.
3368 2202 3437 2253 70
3461 2199 3476 2239 ε
3502 2182 3542 2238 οἱ
3558 2177 3646 2235 ’Az-

2140 2270 2277 2329 τικοὶ
2303 2268 2397 2335 τὰς
2418 2266 2635 2350 ραφίδας
2654 2266 2930 2348 ἀκεστρίας
2948 2268 3157 2349 (scrib.
3184 2268 3456 2347 ὢιὲστρας)
3474 2268 3648 2326 καλοῦσι

2145 2356 2293 2437 παρὰ
2340 2356 2401 2415 τὸ
2455 2356 2584 2435 (τὰς
2628 2354 2907 2435 ἀκεστρίας
2937 2358 3157 2435 Both.)
3200 2360 3427 2415 ἀκεῖσθαι
3466 2354 3543 2412 καὶ
3573 2356 3647 2429 (ὣς

2142 2446 2347 2523 Both.)
2368 2446 2489 2522 ὗγιᾶ
2510 2452 2675 2503 ποιεῖν
2690 2442 2758 2502 τὰ
2775 2441 2987 2521 ἱμάτια.
3004 2446 3271 2519 (Bachm.
3289 2444 3487 2504 Anecd.
3504 2445 3584 2501 Gr.
3604 2462 3643 2511 1,

2134 2556 2196 2610 p.
2236 2534 2333 2604 53,
2362 2530 2610 2599 Ἀκέστας
2636 2550 2654 2591 z
2686 2530 2995 2612 ἶατροός....
3020 2528 3267 2591 Ἀκεσταί
3294 2550 3309 2591 :
3348 2532 3395 2589 οῖ
3417 2528 3477 2587 τὰ
3503 2528 3645 2605 {mitta

2135 2620 2435 2699 ἀκειόμενοι.
2465 2620 2713 2701 Ξενοφῶν
2738 2619 2980 2698 (Cyrop.
3017 2640 3071 2693 1,
3102 2620 3159 2692 6,
3194 2620 3283 2692 16,
3308 2618 3535 2677 ubiedd.
3554 2616 3641 2672 sere

2132 2706 2361 2788 ἠπηταί)
2396 2735 2424 2761 ι
2469 2706 2649 2788 ὥσπερ
2693 2706 2921 2783 ἱματίων
2964 2704 3230 2787 ῥαγέντων
3287 2704 3383 2765 εἶσί
3416 2728 3528 2769 τινες
3555 2706 3645 2760 ‹ixe-

2134 2796 2277 2856 σταί.
2304 2823 2330 2849 n
2360 2800 2431 2855 Et
2464 2816 2521 2870 2,
2560 2817 2623 2873 p.
2654 2796 2765 2869 337
2798 2816 2813 2851 ε
2853 2794 2933 2855 ὅτι
2962 2795 3199 2876 ἀκέστρα
3225 2798 3260 2865 ἡ
3290 2792 3460 2874 βελόνη
3494 2794 3522 2861 ἡ
3555 2787 3645 2864 μεί-

2135 2888 2255 2959 ζων,
2283 2884 2348 2957 ἣν
2391 2887 2483 2942 νῦν
2516 2882 2869 2964 σακκορᾶφιον
2906 2884 3188 2957 καλοῦσιν,
3215 2894 3323 2941 etc.
3353 2880 3531 2954 Both.)
3560 2880 3640 2935 so-

2133 2976 2369 3051 phronis
2400 2975 2638 3030 mimum
2666 2975 3003 3050 inscriptum
3032 2969 3330 3052 Ἀκέστριαι
3351 2984 3640 3028 commemo-

2133 3064 2281 3119 ravit
2316 3063 2687 3136 Etymologus
2712 3079 2773 3135 p.
2806 3067 2948 3136 490,
2984 3079 3057 3116 ιο
3086 3081 3099 3115 :
3129 3057 3348 3118 καθόλου
3369 3055 3419 3115 δὲ
3442 3053 3541 3118 τοὺς
3560 3075 3641 3108 πω·

2136 3147 2356 3214 λοῦντοίς
2391 3169 2443 3204 τι
2481 3145 2751 3218 καπήλους
2786 3144 2989 3225 ἔλεγον.
3022 3143 3138 3204 ἔστι
3165 3143 3256 3204 καὶ
3292 3141 3427 3222 παρὰ
3452 3143 3639 3219 Σώφρονι

2135 3237 2187 3294 ἐν
2217 3231 2557 3314 Ἀκεστρίαις.
2591 3259 2617 3286 ι
2646 3235 2700 3289 Ε
2720 3235 2810 3292 M.

2893 3383 2916 3420 1

2213 3480 2421 3536 Athen.
2452 3497 2514 3553 9,
2543 3497 2605 3553 p.
2636 3487 2771 3547 402,
2806 3479 2861 3534 D
2888 3497 2903 3536 ι
2932 3473 3001 3534 τὰ
3032 3474 3092 3534 δὲ
3124 3472 3273 3555 παρὰ
3294 3480 3394 3539 τοῖς
3423 3467 3637 3546 κωμῳδιο-

2134 3565 2301 3632 ποιοῖς
2324 3563 2583 3642 λεγόμενα
2604 3565 2788 3622 δεῖπνα
2810 3561 3032 3634 ἡδίστην
3049 3559 3217 3633 ἀκοὴν
3242 3558 3448 3640 παρέχει
3467 3559 3552 3620 τοῖς
3566 3548 3637 3609 ὧσὶ

2136 3655 2335 3730 μᾶλλον
2358 3649 2392 3724 ἢ
2418 3656 2483 3730 τῇ
2508 3652 2768 3734 φάρυγγι,
2802 3649 2986 3730 ὥσπερ
3018 3649 3087 3710 τὰ
3120 3648 3247 3730 παρ’
3274 3643 3531 3726 Ἀντιφάνει
3567 3637 3634 3712 μὲν

2135 3743 2187 3798 ἐν
2218 3739 2492 3820 Ἀκεστρίᾳ

2232 3882 2295 3922 α.
2326 3849 2538 3949 Κρεοὶδ
2546 3883 2607 3923 ια
2632 3855 2795 3932 τίνος
2809 3845 3011 3928 ἥδιστ’
3026 3851 3100 3920 ἂν
3128 3852 3372 3936 ἐσθίοις,
3403 3853 3456 3934 β.
3474 3845 3635 3917 Τίνο;;

2232 3963 2311 4041 εἰς
2346 3967 2648 4030 εὐτέλειαν
2674 3969 2796 4028 τῶν
2826 3955 3151 4052 προὲοἱτων
3186 3961 3314 4052 μὲν,
3332 3953 3411 4034 οἷς
3437 3955 3511 4020 ἔνι

2231 4065 2377 4158 μήτ’
2407 4069 2571 4162 ἔρια,
2610 4069 2766 4158 μήτε
2796 4066 2983 4160 τυρός.
3016 4092 3078 4134 α.
3115 4061 3295 4159 Ᾱρνὸς
3317 4113 3335 4149 ,
3366 4061 3596 4152 φίλτατε.

2234 4177 2294 4258 β.
2332 4173 2471 4240 Τῶν
2503 4164 2563 4239 δ’
2605 4165 2880 4268 αἰγιδίων
2920 4168 3080 4237 κατὰ
3117 4169 3306 4253 ταῦθ’,
3335 4164 3373 4232 ἃ
3405 4169 3475 4256 μὴ
3505 4155 3635 4248 τυρὸν

3134 4281 3145 4288 “
3489 4288 3629 4331 ποιει.

1111 4459 1390 4516 AEOLUS.

1224 4552 1275 4600 1.

535 4631 840 4698 Μεσοτευε,
867 4644 1052 4686 amore
1069 4630 1232 4687 unius
1253 4645 1500 4688 sororum

538 4721 678 4772 ictus
695 4757 710 4782 ,
739 4717 1002 4790 tantisper
1032 4718 1252 4792 quidem
1277 4719 1566 4793 superabat
1586 4719 1953 4777 calamitatem
1978 4759 1993 4785 ‚

537 4818 704 4875 seque
724 4803 1026 4873 continuit3
1051 4805 1178 4863 dein
1196 4804 1441 4862 adhibito
1476 4805 1752 4879 quondam
1879 4865 1886 4872 ,

541 4889 663 4945 vino
685 4889 825 4946 duce
839 4931 855 4958 ‚
889 4893 1035 4962 quod
1055 4893 1235 4950 solum
1261 4893 1572 4950 mortalium
1592 4885 1874 4951 audacia'm

467 4981 501 5030 5
533 4991 864 5047 praecurrere
886 4975 1018 5034 facit
1052 4979 1200 5036 bono
1231 4978 1455 5036 consilio
1469 5021 1484 5047 ‚

537 5069 696 5119 nocte
715 5077 944 5136 surgens
973 5063 1203 5140 adeptus
1234 5073 1314 5122 est
1358 5066 1504 5139 quod
1533 5067 1705 5124 voluit

1235 5157 1283 5206 2.

469 5266 532 5274 -—
569 5235 730 5291 Hunc
768 5237 932 5312 igitur

2199 4467 2423 4533 propter
2443 4459 2787 4515 vinositatem
2810 4465 2865 4515 et
2893 4457 3125 4515 obesum
3147 4467 3340 4526 corpus

2132 4569 2157 4596 α
2190 4555 2367 4604 utrem
2390 4567 2417 4594 ι
2444 4551 2641 4602 vocant
2666 4559 2861 4601 omnes
2885 4542 3180 4614 indigenae.

2730 4631 3082 4688 SARTRIX.

2200 4823 2251 4868 a.
2280 4807 2577 4878 cujusnam
2620 4724 2953 4862 carunculzis
3002 4799 3345 4859 libentissime
3390 4783 3631 4943 ξοιέἰῗιῗζζ

2200 4979 2423 5038 vilitatis
2444 4995 2607 5038 causa
2633 4980 2819 5038 ovium
2838 4978 3062 5052 quidem
3084 5017 3104 5046 ‚
3144 4973 3337 5048 quibus
3423 5053 3433 5064 .
3486 5051 3497 5060 -

2200 5085 2380 5143 neque
2402 5069 2527 5126 lana
2544 5077 2627 5125 est
2642 5083 2818 5142 neque
2845 5081 3060 5124 caseus.
3078 5081 3131 5122 a.
3156 5061 3315 5134 Agni,
3337 5061 3585 5114 canssume-

2202 5155 2254 5210 b.
2303 5155 2668 5227 similiterque
2708 5170 3021 5228 caprarum,
3064 5165 3187 5224 ‘¹¹¹ae
3212 5159 3408 5205 cascum
3432 5129 3618 5292 affinin-
