3809 5850
1638 348 1990 411 MACHON.

208 501 299 549 10
348 482 457 548 τὸν
489 478 603 573 γὰρ
628 481 885 573 γεωργὸν
912 478 1014 545 καὶ
1042 480 1147 545 τὸν
1175 480 1435 573 ἔμπορον
1470 490 1679 560 κακοῖς
1702 534 1720 568 ,

354 588 475 680 ἐγὼ
502 584 571 652 δὲ
612 583 724 662 τὰς
745 579 1071 675 προσόδους
1098 581 1293 662 καλὰς
1324 586 1555 676 μεθύων
1583 596 1766 653 ποιῶ·

352 686 537 757 ἔπειθ’
566 690 741 757 ἔωθεν
773 687 1077 783 περιάγεις
1097 694 1207 764 τὴν
1232 691 1523 777 λήκυθον,

354 794 841 887 καταμανθάνων
871 798 1151 863 τοῦλαιον
1168 823 1181 838 ·
1210 801 1366 863 ὥστε
1395 800 1724 891 περιφέρειν

349 902 675 993 ὡρολόγιον
704 894 864 979 δόξει
888 926 982 978 τις
1001 952 1020 987 ,
1057 902 1195 994 οὐχὶ
1220 903 1499 975 λήκυθον.

200 1050 405 1102 Versus
430 1045 539 1111 3·et
558 1047 775 1111 4etiam
802 1045 861 1101 in
876 1046 1330 1119 Synexapatonte
1350 1048 1564 1121 posuit.
1593 1049 1771 1103 Versu

206 1152 229 1188 1
269 1135 470 1210 scripsi
494 1132 741 1215 ἄφρονας.
772 1132 931 1193 Libri
952 1133 1163 1190 mendo
1186 1135 1457 1208 mirabili,
1488 1134 1587 1191 sed
1612 1134 1775 1191 facile

192 1223 559 1297 explicando,
588 1218 873 1301 σώφρονας.
904 1224 974 1279 V.
1006 1220 1037 1276 3
1070 1248 1093 1271 ιι
1124 1219 1213 1279 τὸν
1241 1221 1521 1301 φρόνιμον,
1550 1230 1773 1298 sapien·

194 1316 365 1369 tiam.
400 1312 711 1385 Compar-es
752 1309 1189 1384 Thucydideurn
1219 1311 1565 1367 vocabulum
1604 1314 1633 1369 ὃ
1662 1334 1767 1370 πα·

192 1394 448 1473 ράλογος,
500 1407 558 1452 et
603 1396 632 1453 ὁ
673 1395 865 1461 ἄτοπος
904 1398 963 1452 in
1002 1398 1304 1453 Menandri
1340 1400 1587 1457 Monost.
1636 1398 1770 1475 339.

193 1485 302 1557 (V.
337 1484 373 1539 8
404 1482 537 1540 dedi
553 1484 714 1561 αὑτῷ.
730 1484 945 1541 vitiose
970 1485 1104 1539 libri
1132 1484 1315 1557 αὐτοῦ,
1341 1504 1449 1542 nec
1467 1497 1619 1543 recte
1640 1489 1770 1544 Do-

194 1571 385 1627 braeus
404 1571 587 1630 αὖτοῦ.
609 1574 679 1629 V.
704 1590 729 1627 1
746 1590 769 1627 ι
794 1572 1010 1641 malim,
1036 1573 1369 1629 melioribus
1388 1574 1654 1643 numeris,
1673 1595 1771 1631 κα·

194 1657 295 1725 λὰς
312 1656 539 1736 μεθύων.
562 1659 763 1735 Both.)
784 1665 851 1720 V.
880 1661 946 1719 13
960 1660 1378 1735 καταμανθάνων
1396 1657 1654 1731 τοῦλαιον,
1676 1664 1771 1717 de·-

199 1752 440 1823 le'genter
462 1751 785 1824 explorans,
819 1752 979 1824 quod-
1001 1756 1059 1805 in
1086 1752 1343 1824 ampulla
1375 1756 1538 1823 inest,
1567 1753 1769 1808 oleum.

200 1842 353 1914 Apte
381 1846 679 1913 comparat
700 1837 1019 1914 Schweigh.
1044 1840 1395 1913 epigramma
1435 1856 1527 1915 ap.
1562 1840 1766 1896 Athen.

198 1932 251 1993 4,
282 1945 348 2001 p.
384 1924 526 1996 162,
556 1930 630 1998 A,
670 1926 729 1979 in
752 1943 871 1999 quo
896 1925 1227 2002 philosophi
1259 1926 1623 2001 appellantur
1652 1924 1771 2002 βλε-

190 2010 440 2081 πέλαιοι,
471 2023 528 2069 et
556 2014 871 2087 Epictetum
898 2014 1041 2073 Diss.
1089 2033 1141 2083 1,
1178 2020 1278 2083 αὴ,
1316 2032 1405 2082 ιι,
1428 2014 1488 2069 in
1512 2012 1770 2088 philoso-

190 2102 301 2175 phi
342 2102 531 2173 cynici
575 2098 926 2174 supellectile
961 2112 1505 2159 commemorantem
1548 2100 1771 2172 λήκυθον

192 2184 509 2264 καὶ-πήραν.
532 2190 601 2245 V.
637 2196 707 2255 14
727 2188 1006 2264 ὡρολόγιον
1029 2190 1281 2265 intellige
1308 2190 1646 2259 viatorium,
1670 2210 1769 2247 seu

188 2276 445 2349 pensile,
498 2277 689 2350 qualia
734 2275 877 2332 dicit
916 2278 1205 2335 Vitruvius
1244 2298 1305 2353 9,
1343 2297 1402 2353 9.
1456 2276 1773 2334 Paciaudus

190 2364 457 2417 Menum.
486 2358 810 2437 Peloponn.
848 2382 901 2436 1,
930 2383 993 2439 p.
1020 2362 1117 2435 52,
1142 2376 1471 2441 opportune
1492 2368 1765 2422 Hercula-

188 2451 382 2504 nensis
399 2449 599 2506 solaris
622 2450 922 2524 admonet,
952 2450 1117 2525 cujus
1136 2472 1357 2514 summa
1383 2465 1467 2515 est
1486 2473 1613 2515 cum
1640 2472 1773 2519 mn-

186 2538 352 2613 pulla
386 2538 599 2596 olearia
617 2539 952 2601 similitudo.
985 2564 1009 2591 n
1041 2542 1091 2597 E
1117 2543 1205 2600 M.

960 2685 1011 2719 2.

276 2772 487 2828 Athen.
520 2793 575 2845 7,
618 2792 681 2849 p.
718 2792 865 2851 279,
895 2774 939 2833 C
980 2796 993 2831 ε
1022 2772 1112 2833 καὶ
1150 2776 1205 2831 ἐν
1241 2776 1319 2855 τῷ
1348 2772 1668 2857 Ἀνδροφόνῳ
1710 2774 1765 2834 δὲ

187 2856 604 2940 ἐπιγραφομένῳ
655 2862 683 2917 ὁ
725 2862 879 2929 αὐτὸς
930 2860 1148 2938 Βάτων,
1195 2862 1472 2932 διαπαίξας
1516 2864 1635 2922 τινὰ
1661 2867 1767 2923 τῶν

186 2947 441 3004 ἐπιεικῶν
470 2946 787 3028 φιλοσόφων,
816 2949 1047 3031 ἐπιφέρει

296 3081 451 3165 Εξὸν
484 3082 718 3180 γυναῖκ’
735 3093 959 3182 ἔχοντα
987 3097 1383 3162 κατακεῖσθαι
1402 3099 1598 3172 καλ-ἡν
1618 3091 1645 3180 ,’

294 3194 401 3262 καὶ
428 3191 682 3264 Λεσὸίου
708 3191 963 3290 χυτρῖδε
986 3195 1315 3290 λαμέοίνειν
1344 3193 1455 3268 δύο
1476 3251 1497 3287 ,

295 3308 327 3368 ὀ
358 3303 635 3394 φρόνιμός
664 3306 792 3370 ἐστι
818 3314 997 3370 τοῦτο
1015 3355 1034 3389 ,
1064 3316 1249 3374 τοῦτο
1274 3307 1569 3401 τάγαθόν.

267 3403 627 3503 Ἐπίκουρος
663 3410 833 3504 ἔλεγε
866 3412 1038 3479 ταῦθ’
1074 3409 1115 3478 ἃ
1147 3423 1245 3481 νῦν
1267 3417 1388 3507 ἐγὼ
1425 3417 1615 3507 λέγω.

192 3509 235 3581 5
298 3514 375 3581 Εἰ
402 3525 613 3581 τοῦτον
643 3511 791 3595 ἔζων
818 3516 1042 3596 πάντες
1061 3570 1079 3602 ,
1100 3517 1164 3585 ὃν
1190 3522 1313 3613 ἐγὼ
1333 3514 1419 3598 ζῶ
1440 3569 1458 3606 ,
1494 3518 1623 3604 βίον
1646 3567 1665 3604 ,

294 3616 421 3687 οὔτ’
451 3617 671 3698 ἄτοπος
690 3620 761 3696 ἧν
792 3617 865 3687 ἂν
890 3624 1031 3691 οὔτε
1066 3625 1277 3718 μοιχὸς
1308 3617 1445 3692 οὐδὲ
1486 3623 1590 3703 εἷς.

192 3764 271 3821 V.
308 3763 343 3819 3
374 3765 455 3820 sic
478 3765 742 3836 casaub.;
774 3769 930 3824 τοῦτο
956 3765 1185 3844 τάγαθὸν
1208 3769 1375 3846 BCP3
1402 3769 1541 3826 τοῦτ’
1566 3769 1653 3846 ἀγ.
1690 3769 1763 3830 Α.

187 3855 349 3908 τοῦτο
389 3851 527 3910 τοῦτ’
559 3854 648 3929 ἀγ.
682 3853 799 3912 VL.
845 3858 1021 3912 Versu
1050 3857 1087 3912 6
1114 3857 1344 3914 Grotius
1377 3878 1391 3913 :
1428 3881 1451 3906 α
1477 3876 1597 3914 non
1628 3859 1770 3916 mihi

188 3941 449 4012 videtur,
482 3942 641 4016 quod
680 3943 1019 4000 Casaubono
1058 3945 1283 4020 placet,
1334 3945 1523 4002 dicere
1568 3957 1767 4020 poeta,

186 4029 405 4084 sublati
423 4030 648 4086 honesti
673 4041 731 4086 et
770 4031 1055 4088 inhonesti
1093 4033 1422 4089 discrimine
1451 4033 1608 4088 nulla
1638 4032 1765 4089 fore

188 4127 465 4190 peecata,
493 4116 628 4190 sed,
658 4119 707 4172 si
736 4119 913 4193 ipsius
946 4121 1185 4176 consilio
1226 4131 1525 4178 uterentur
1552 4123 1763 4192 ceteri,

188 4215 499 4260 contentos
520 4205 641 4260 fore
668 4207 952 4280 permissis
978 4209 1389 4283 voluptatibus.
1412 4234 1437 4258 υ

196 4379 267 4429 10
304 4371 603 4444 agricolam
634 4373 779 4430 enim
807 4382 863 4431 et
887 4383 1249 4434 mercatorem
1277 4375 1469 4445 laedis3

304 4473 409 4530 ego
434 4466 618 4516 autem
643 4459 945 4518 inebriatus
964 4455 1259 4532 'magnifico
1284 4462 1509 4520 reditus.

304 4547 451 4600 Tum
480 4559 639 4602 mane
664 4547 961 4618 ampullam
994 4547 1319 4620 circumagis
1341 4589 1355 4615 ,

222 4641 241 4656 ·
306 4630 495 4688 oleum
522 4631 843 4704 explorans,
872 4641 937 4689 ut
958 4632 1305 4705 horologium

302 4725 361 4774 te
384 4717 739 4776 circumferre
755 4761 771 4788 ‚
797 4735 909 4776 non
931 4721 1231 4794 ampullam
1248 4764 1263 4792 ,
1290 4722 1489 4796 aliquis
1512 4731 1681 4794 putet.

955 4811 1008 4862 2.

268 4892 459 4962 Quum
484 4890 646 4948 liceat
677 4891 955 4950 mulierem
994 4903 1275 4952 venustam
1311 4897 1515 4952 tenenti
1548 4911 1768 4954 accum-

265 4987 324 5034 οι
350 4978 533 5035 Βοιὼίἰ
564 4982 681 5034 vini
706 4979 901 5036 ollulas
920 4979 1059 5040 duas
1090 4981 1292 5039 habere
1314 5025 1330 5054 ,
1582 4983 1763 5052 [bere.

274 5066 563 5138 prudentis
590 5065 696 5122 hoc
714 5076 799 5124 est
818 5108 834 5134 ,
867 5067 970 5124 hoc
996 5067 1226 5126 bonum.

273 5153 545 5227 Epicurus
570 5151 785 5210 dicebat
813 5151 959 5221 haec,
982 5169 1108 5226 quae
1143 5170 1294 5212 nunc
1326 5169 1428 5228 ego
1453 5156 1592 5214 dico.

3319 375 3430 426 685

2348 487 2454 547 111.
2509 490 2956 553 ΕΥΕΡΓΕΤΑΙ.

1947 662 2150 719 Athen.
2189 669 2282 731 14,
2321 682 2379 739 p.
2425 664 2570 733 662,
2602 666 2645 722 C
2695 686 2704 719 :
2760 664 3016 742 ἀοιδίμων
3047 668 3090 726 δ’
3127 669 3434 750 ὀψαρτυτῶν

1862 744 2096 822 ὀνόματα
2123 748 2403 827 καταλέγει
2425 750 2612 811 Βάτων
2639 754 2691 811 ἐν
2725 754 3037 832 Εὐεργέταις
3065 754 3250 834 οὕτως,

1969 920 2051 989 Εὖ
2076 921 2160 1016 γ’,
2193 920 2242 989 ὦ
2262 920 2513 998 Σιδόνηῖ
2554 924 2667 1004 τὰς
2699 930 2919 1006 νύκτας
2947 934 3013 995 οὐ
3042 924 3430 1023 καθεύδομεν,

1965 1020 2094 1095 οὐδ’
2121 1030 2606 1124 ἀνατετροίμμεθ’
2637 1083 2655 1115 ,
2681 1032 2848 1101 ἀλλὰ
2872 1036 3090 1103 καίεται
3119 1038 3340 1130 λύχνος
3361 1088 3379 1122 ,

1961 1135 2062 1199 καὶ
2091 1131 2325 1219 βιὸλίον
2363 1141 2426 1204 ἐν
2455 1147 2589 1216 ταῖς
2627 1140 2835 1232 χερσὶ,
2868 1142 2974 1207 καὶ
3007 1140 3425 1236 φροντίζομεν,

1959 1239 2023 1307 τί
2043 1240 2254 1333 Σόφων
2281 1246 2713 1332 καταλέλοιπ’,
2743 1246 2780 1318 ἢ
2815 1246 2912 1325 τίς
2943 1254 3090 1339 ἡμῖν
3120 1244 3388 1327 Ᾰκτίδης
3493 1306 3512 1317 .

1871 1341 1909 1412 5
1962 1351 1992 1411 ό
2024 1352 2169 1423 Χῖος
2191 1397 2210 1431 ,
2236 1348 2273 1421 ἢ
2303 1342 2682 1442 Τυνδάριχος
2715 1357 2747 1417 ὁ
2776 1354 3095 1430 Σικυώνιος
3117 1404 3150 1440 7

1963 1446 1998 1523 ἢ
2039 1452 2404 1544 Ζωπυρῖνος,
2455 1458 2514 1538 β.
2537 1456 2730 1533 Αὐτὸς
2759 1460 3003 1549 εὕρηκας
3033 1450 3102 1525 δὲ
3133 1462 3199 1527 τί
3215 1485 3234 1545 ;

1964 1581 2029 1623 α.
2078 1553 2176 1623 Τὰ
2231 1561 2499 1652 μέγιστ’·
2557 1564 2774 1631 ἐπώσει
2818 1574 3016 1633 ταῦτα
3061 1568 3197 1643 τοὺς
3225 1568 3434 1640 τεθνη-

3219 1675 3430 1749 κότας,

1864 1821 2178 1879 Commode
2197 1820 2491 1883 Porsonus
2513 1827 2784 1885 indicavit
2801 1828 3027 1892 Polluc.
3053 1834 3112 1903 6,
3130 1852 3204 1903 70
3225 1851 3241 1891 τ
3263 1833 3435 1891 πολλὰ

1863 1907 1913 1965 δ’
1950 1906 2012 1967 ἂν
2059 1907 2140 1982 εἴη
2170 1914 2274 1970 τῶν
2306 1910 2426 1991 περὶ
2455 1911 2550 1985 τὴν
2591 1914 2870 1988 ἡδυντικὴν
2900 1918 3184 1978 σκευασίαν
3226 1919 3434 1989 ἀνεξευ-

1866 1998 1972 2074 ρεῒν
2001 1999 2062 2055 ἐκ
2089 2001 2192 2056 τῶν
2235 2001 2618 2079 ὀψοποιητικῶν
2644 2005 3076 2083 συγγραμμάτων
3109 2008 3434 2069 Πανταλέον-

1864 2106 1980 2154 τος,
2038 2086 2129 2143 καὶ
2179 2086 2474 2157 Μιθαίκου,
2523 2090 2614 2149 καὶ
2644 2090 2982 2171 Ζωπυρίνου,
3017 2094 3109 2153 καὶ
3157 2095 3433 2175 Σόφωνος,

1865 2173 1956 2231 καὶ
1981 2172 2344 2252 Ἡγησίππου,
2375 2176 2464 2234 καὶ
2493 2176 2778 2255 Παξᾶμου,
2810 2180 2901 2238 καὶ
2931 2180 3271 2243 Ἐπαινέτου·
3304 2210 3432 2246 cuv-

1866 2265 2139 2339 αριθμοῑτο
2175 2263 2219 2320 δ’
2261 2262 2324 2320 ἂν
2369 2264 2569 2331 τούτοις
2607 2264 2956 2345 Ἡρακλείδης
2998 2293 3054 2329 τε
3091 2276 3118 2330 ὃ
3153 2274 3430 2353 Συρακοῦ·

1867 2372 1974 2415 σιος
1991 2394 2008 2423 ,
2033 2352 2124 2410 καὶ
2149 2351 2475 2432 Τυνδάριχος
2509 2358 2538 2413 6
2565 2354 2882 2433 Σικυώνιος,
2915 2357 3006 2416 καὶ
3035 2360 3436 2435 Σιμωνακτίδης

1866 2432 1894 2498 ὃ
1917 2440 2062 2509 Χῖος,
2088 2439 2180 2498 καὶ
2209 2442 2444 2507 Γλαῦκος
2457 2446 2498 2499 «ὁ
2527 2444 2725 2523 Λοκρὸς
2741 2486 2758 2516 ,
2780 2446 3154 2525 ὀψοποιητικῆς
3180 2470 3433 2528 πραγμα-

1866 2526 2007 2594 τείας
2019 2527 2284 2609 σοφισταί.
2297 2533 2369 2591 V.
2391 2552 2415 2588 1
2434 2528 2634 2605 Σιὸύνη
2643 2533 2873 2593 videtur
2881 2554 3058 2594 scrvae
3070 2556 3282 2595 nonten
3297 2558 3432 2611 esse,

1866 2636 1993 2693 quae
2030 2622 2537 2681 vinumattulerit.
2574 2624 2646 2680 V.
2693 2641 2727 2679 a
2759 2624 3042 2681 librorum
3091 2630 3430 2703 scripturam

1867 2706 2308 2787 ἀναγεγράμμεθα
2327 2709 2406 2765 sic
2429 2710 2674 2785 explicat
2699 2713 2986 2769 Porsonus
3005 2715 3162 2771 Misc.
3185 2733 3244 2789 p.
3273 2722 3385 2787 247
3412 2736 3427 2774 ε

1868 2800 2094 2849 nomina
2108 2808 2296 2851 nostru
2306 2816 2415 2851 non
2418 2798 2659 2871 publicis
2668 2800 2879 2857 tabulis
2892 2798 3084 2871 infom
3103 2804 3435 2859 etsimilibus

1868 2884 2006 2938 locis
2035 2888 2304 2959 inscre'pta
2322 2896 2470 2955 sunt,
2500 2890 2644 2943 sicut
2666 2890 2901 2944 aliorum
2925 2908 3238 2964 coquorum.
3261 2892 3434 2964 Quod

1864 2971 2005 3028 nihil
2030 2972 2102 3028 ad
2120 2989 2262 3031 rem.
2296 2973 2506 3048 Scripsi
2573 2974 3008 3054 ἀνατετράμμεθα
3023 3019 3040 3046 ,
3077 2981 3324 3034 volutari
3345 2999 3432 3034 so-

1868 3062 2041 3116 lemus
2093 3061 2150 3115 in
2195 3061 2344 3116 lecto
2397 3061 2702 3120 insomnes.
2755 3063 2980 3119 Ibidem
3019 3064 3154 3120 libri
3199 3063 3426 3127 καίεται.

1868 3153 1934 3206 V.
1977 3147 2010 3204 3
2052 3150 2132 3203 ita
2167 3167 2289 3206 nos.
2327 3148 2487 3204 Libri
2529 3145 2730 3225 βιὸλίον
2771 3156 2885 3216 ταῖς
2921 3148 3091 3228 χερσί.
3146 3153 3432 3213 Porsonus

1869 3233 2028 3314 βιὸλΡ
2056 3235 2110 3292 ἐν
2139 3256 2190 3295 τ.
2218 3257 2276 3312 χ.
2315 3240 2382 3294 V.
2424 3245 2456 3303 4
2481 3237 2610 3292 libri
2638 3239 2717 3293 sic
2743 3237 2859 3294 fere
2893 3235 2978 3296 ετί
3018 3237 3175 3318 σοφὸν
3199 3241 3430 3299 καταλέ-

1864 3324 2040 3380 λοιπεν
2073 3319 2211 3391 ἢτίς
2243 3324 2395 3396 ἡμῶν
2436 3321 2669 3392 ἀκτίδης.
2715 3325 2864 3381 Bene
2909 3328 3146 3383 Porson.
3198 3325 3426 3407 Σόφων,

1866 3413 2121 3468 restituto
2165 3413 2338 3485 coqui
2365 3413 2598 3467 nomine
2634 3413 2767 3467 satis
2797 3422 2962 3473 noto.
2995 3413 3108 3470 Sed
3137 3416 3264 3489 quis
3284 3434 3429 3491 pro-

1869 3499 1968 3555 bet
2002 3499 2366 3568 inusitatum,
2417 3497 2576 3572 quod
2613 3498 2876 3555 obtrudit
2924 3496 3162 3557 Polluce
3198 3514 3430 3560 auctore

1865 3583 2328 3662 Σημωνακτίδηςῖ
2370 3585 2611 3643 Codices
2647 3583 2919 3661 Ἀκτίδης,
2960 3607 3171 3645 nomen
3213 3593 3430 3648 verosi-

1862 3675 2029 3750 mile,
2067 3673 2222 3750 apud
2259 3675 2402 3730 alios
2440 3673 2627 3730 adhuc
2651 3693 2769 3732 non
2789 3677 3108 3736 inventum.
3146 3677 3276 3734 Hoc
3303 3687 3428 3734 tuto

1862 3759 2360 3837 acceperimus.·V.
2387 3759 2420 3818 5
2448 3759 2772 3841 Τυνδάριχος
2799 3782 2932 3820 cum
2944 3765 3199 3824 Polluce.
3221 3766 3424 3822 Porso·

1860 3871 1967 3908 nus
1985 3871 2092 3928 pro
2112 3847 2453 3930 Τυνδαρικός.
2483 3853 2602 3927 Ego
2626 3854 2884 3928 suspicor
2896 3867 3128 3929 poetam
3148 3855 3432 3928 scripsisse

1861 3937 2172 4018 Τυνδάρεος.
2208 3944 2275 3999 V.
2317 3941 2353 3996 6
2396 3941 2528 3996 libri
2555 3937 2876 4019 Ζωπύρινος.
2923 3943 3098 3999 Versu
3134 3941 3170 3996 8
3201 3943 3434 4000 Batonis

1861 4050 2091 4088 manum
2127 4049 2232 4088 nos
2272 4031 2565 4108 agnovisse
2605 4026 2969 4089 confidimus.
3013 4031 3333 4106 Legebatur
3369 4053 3426 4090 α.

1861 4116 1947 4178 Τὰ
1997 4117 2242 4194 μέγιστα.
2297 4117 2349 4197 β.
2399 4115 2554 4178 Πόσα
2620 4118 2970 4194 (Schweigh.
3019 4113 3179 4195 ποῖα)
3239 4121 3427 4178 ταῦτα.

1862 4229 1919 4264 α.
1958 4203 2098 4274 Τοὺς
2123 4209 2263 4266 τεθν.

1862 4383 1896 4435 5
1936 4377 1992 4434 Si
2015 4375 2177 4445 hanc,
2207 4391 2372 4448 quam
2393 4391 2494 4448 ego
2524 4377 2671 4444 vivo,
2699 4376 2864 4432 vitam
2885 4391 3077 4434 omnes
3100 4377 3357 4445 viverent,

1929 4479 2108 4536 neque
2134 4464 2352 4535 ineptus
2379 4478 2548 4534 neque
2571 4461 2823 4518 moechus
2847 4462 3136 4534 quisquam
3162 4471 3319 4520 esset.

2273 4623 2278 4628 ⁸
2458 4551 2814 4606 BENEFICI.

1930 4653 1981 4693 a.
2013 4639 2166 4708 Euge
2182 4677 2198 4704 ‚
2221 4636 2452 4710 Sibynel
2479 4643 2667 4694 noctes
2693 4650 2810 4691 non
2839 4633 3176 4702 dormimus,

1929 4737 2034 4777 nec
2061 4723 2392 4790 volutamur,
2420 4721 2516 4778 sed
2543 4735 2836 4778 accensum
2860 4729 2944 4776 est
2967 4720 3178 4786 lumen,

1931 4815 1987 4863 et
2009 4807 2142 4863 liber
2171 4808 2232 4864 in
2253 4807 2510 4864 manibus
2528 4849 2544 4874 ,
2571 4808 2985 4880 cogitamusque
2999 4846 3016 4870 .

1931 4892 2063 4966 quid
2106 4893 2329 4964 Sophon
2367 4894 2678 4966 reliquerit,
2709 4892 2822 4959 vel,
2847 4893 2970 4964 quis
3005 4890 3164 4948 nobis
3204 4890 3274 4946 sit
3317 4896 3422 4946 Ac·

1868 4988 1895 5038 5
1933 4981 2130 5048 Chius,
2155 4990 2252 5038 aut
2275 4980 2655 5054 Tyndarichus
2678 4979 2964 5053 Sicyonius
2982 5019 3000 5046 ,
3265 4977 3428 5047 [tides

1937 5079 2032 5127 aut
2057 5071 2379 5144 Zopyrinus.
2397 5069 2735 5128 b..lnvenisti
2757 5076 2942 5126 autem
2965 5067 3164 5140 tuipse
3187 5066 3428 5139 aliquid?

1936 5173 1987 5214 a.
2025 5159 2262 5214 Maxima
2295 5177 2307 5213 :
2334 5158 2455 5216 haec
2481 5159 2700 5229 adfigent
2737 5165 3006 5214 mortuos.
