3809 5850
361 473 472 522 25⁴

425 595 560 696 ’Τῷ
597 611 864 702 στόματί
889 636 989 675 τοι
1021 611 1128 674 τὸν
1155 610 1370 675 κύαθον
1397 601 1504 674 ὧδ’
1531 607 1841 700 εἰληφότος
1861 659 1879 694 ,

354 757 522 812 quum
546 742 720 810 igitur
734 741 816 790 ori
831 735 1096 810 cyathum
1113 740 1196 791 sic
1217 737 1570 804 admovisset,
1591 737 1710 794 scil.
1731 734 1933 792 Phaon

355 827 417 882 in
443 826 731 881 convivio.
755 823 852 900 Τῷ
875 821 1102 898 στόματι
1121 823 1342 878 dictum
1363 842 1474 898 pro
1493 820 1622 901 πρὸς
1643 819 1703 879 τὸ
1733 819 1931 897 στόμα,

355 924 422 968 ut
459 913 752 986 Aristoph.
796 912 1004 969 Avium
1052 910 1198 982 1577
1251 929 1265 967 :
1298 907 1510 987 δέχεσθε
1550 907 1639 967 τὸν
1682 906 1933 988 τύραννον

355 996 550 1063 ὀλὸίοις
575 997 782 1073 δόμοις,
819 1017 927 1072 pro
957 997 1028 1062 εἷς
1057 995 1264 1060 ὀλὸίους
1305 997 1512 1072 δόμους,
1543 1009 1654 1054 etc.
1686 999 1804 1068 δίε,
1825 1017 1932 1073 pe-

357 1088 562 1142 culiari
605 1087 784 1144 modo
832 1087 1212 1162 elegantiore,
1245 1098 1312 1142 ut
1351 1087 1594 1143 decebat
1633 1097 1933 1144 venustum

353 1194 642 1246 juvenem.

1117 1289 1175 1348 6.

439 1402 674 1459 Photius
707 1421 770 1478 p.
829 1407 968 1473 4οο,
1033 1423 1084 1477 1,
1135 1400 1416 1482 Παρουσία
1461 1423 1478 1462 2
1524 1399 1732 1480 λέγεται
1776 1400 1939 1468 οὕτως

360 1488 450 1550 ἐπὶ
476 1493 604 1638 τῆξ)
595 1492 702 1548 τῶν
729 1487 1003 1570 παρόντων
1034 1489 1308 1570 δαψιλείας
1329 1532 1347 1563 ,
1379 1491 1452 1560 ὥς
1479 1489 1572 1549 καὶ
1610 1490 1664 1549 ἐν
1687 1492 1764 1571 τῷ
1787 1490 1940 1551 Πλά·

361 1601 520 1644 τωνος
609 1619 626 1636 .

457 1687 540 1770 ὡς
566 1691 671 1758 καὶ
695 1702 792 1758 νῦν
823 1693 1046 1785 ἔχομεν
1074 1692 1420 1786 παρουσίας.

360 1819 450 1878 καὶ
483 1819 617 1879 πολύ
648 1821 787 1879 ἐστιν
821 1818 910 1878 ἐπὶ
934 1819 1122 1878 τούτου
1168 1819 1295 1900 παρ’
1318 1822 1513 1888 αὐτοῖς.
1555 1825 1751 1881 Voluit
1779 1819 1941 1880 Ἀττι-

360 1917 487 1975 κοῖς.
517 1911 730 1967 Eadem
755 1910 959 1967 Suidas
1001 1911 1062 1966 h.
1095 1930 1181 1981 ι,
1230 1911 1334 1967 ubi
1369 1931 1479 1986 pro
1516 1909 1707 1969 Φάωνι
1737 1913 1945 1988 legitur

363 1997 638 2069 Φαίδωνι,
667 1998 742 2054 de
761 1985 882 2071 quo
905 2017 965 2058 v,
1003 1999 1250 2056 dicenda
1277 2000 1353 2058 ad
1380 2001 1451 2058 fr.
1487 2018 1575 2059 ιο.
1609 2025 1634 2050 α
1661 1999 1746 2057 Cf.
1775 2001 1939 2074 wyt-

363 2087 630 2146 tenbach.
662 2085 738 2144 ad
760 2086 1014 2145 Platonis
1045 2087 1238 2149 Phaed.
1271 2107 1332 2164 p.
1359 2086 1475 2146 265
1490 2132 1506 2160 ,
1528 2099 1584 2146 et
1602 2091 1844 2146 Person.
1865 2088 1945 2146 ad

365 2175 631 2233 Medeam
665 2174 814 2252 139,
849 2195 1010 2236 num.
1037 2196 1149 2234 111.
1181 2201 1208 2229 n
1235 2179 1328 2237 M.

445 2397 728 2470 Harpocr.
764 2414 826 2470 p.
867 2415 962 2467 17,
1009 2305 1586 2454 16:7’320212200012
1625 2397 1808 2462 κοινῶς
1843 2393 1943 2472 μὲν

367 2481 430 2539 τὸ
455 2482 752 2560 ἀρνεῖσθαι,
781 2480 924 2548 ἰδίως
949 2479 1006 2540 δὲ
1033 2479 1123 2539 ἐπὶ
1149 2483 1254 2540 τῶν
1297 2480 1436 2540 κατὰ
1475 2479 1594 2548 τοὺς
1621 2481 1826 2560 γάμους
1851 2481 1945 2540 καὶ

366 2566 435 2678 τρὶ
463 2566 738 2649 ἀφροδίσια
772 2567 1072 2647 λέγεται....
1107 2569 1217 2630 Πλ.
1246 2568 1356 2646 Φ.,
1395 2566 1703 2650 Μένανδρος
1739 2569 1947 2630 Σικυω-

367 2679 482 2736 VHp·

1133 2770 1188 2827 8.

447 2883 699 2944 Grnmm.
717 2883 959 2941 Bekkeri
987 2881 1204 2942 Anecd.
1227 2901 1289 2958 p.
1309 2881 1445 2957 459,
1471 2893 1527 2939 et
1542 2882 1745 2939 Suidas
1765 2898 1780 2941 :
1799 2879 1947 2953 Ἄτη·

372 2961 586 3050 ρότατον
618 2990 634 3032 t
663 2969 835 3050 Σφηξὶ
859 2971 1110 3049 (1252),
1140 2971 1252 3030 Πλ.
1281 2968 1327 3027 δ’
1355 2970 1410 3028 ἐν
1439 2970 1524 3031 Φ.
1548 2970 1784 3049 ἀτηρία
1799 2994 1843 3037 ς.

449 3195 804 3271 Phrynichus
833 3202 1050 3272 Appar.
1079 3198 1250 3273 soph.
1271 3214 1336 3271 p.
1359 3194 1462 3271 23,
1492 3214 1588 3268 ια,
1611 3194 1794 3254 Ἀκτα
1811 3197 1947 3255 eviii·

371 3307 538 3343 σαι.
523 3304 538 3319 ·
571 3282 818 3360 σημαίνει
847 3282 944 3360 μὲν
971 3282 1032 3342 τὸ
1067 3284 1303 3365 ύψῶσαι,
1335 3280 1430 3341 καὶ
1469 3283 1694 3362 ἐπᾶραι,
1721 3283 1812 3341 καὶ
1850 3306 1951 3361 με·

369 3370 687 3451 τεωρίσαι...
727 3370 996 3451 Αἰσχύλος
1019 3370 1218 3450 (Ειιιιι.
1254 3370 1440 3448 36)«
1412 3370 1643 3429 «οὐκέτ’
1674 3368 1951 3429 ἀκταίνωυ

371 3464 642 3537 (imnum
669 3459 806 3538 μήτε
830 3484 872 3535 μ
873 3458 1172 3519 ’ἀκταίνειν
1193 3456 1426 3518 στάσιν·
1446 3455 1464 3540 J
1489 3458 1618 3540 φησὶ
1637 3458 1951 3541 βαρυτόνως,

371 3540 480 3608 οἷον
518 3548 689 3611 οὐκέτ’
724 3551 904 3631 ὀρθοῦν
929 3548 1164 3627 δύναμαι
1189 3545 1442 3659 ἐμαυτήν.
1470 3550 1578 3609 Πλ.
1608 3552 1662 3608 ἐν
1688 3554 1765 3630 τῷ
1797 3550 1949 3611 Φαί-

371 3639 496 3697 δωνι
521 3640 722 3719 (sic)‘
694 3664 766 3707 ως
791 3638 898 3699 ἀπὸ
921 3636 1346 3720 περισπωμένου.
1378 3640 1696 3697 Meinekius
1732 3638 1949 3700 Φάωνι.

1114 3782 1208 3820 10.

452 3877 643 3934 Schol.
670 3876 963 3951 Aristoph.
985 3875 1143 3932 Pluti
1177 3894 1289 3951 ¹79
1331 3896 1344 3930 ε
1373 3872 1612 3953 ἐμφαίνει
1643 3872 1698 3933 δὲ
1725 3872 1816 3933 καὶ
1843 3876 1949 3934 Πλ.

372 3964 426 4020 ἐν
448 3965 525 4041 τῷ
549 3960 804 4041 Φαίδρῳ,
825 3958 1258 4040 ἑπτακαιδεκάτῳ
1283 3960 1385 4019 ἔτει
1405 3960 1619 4039 ὕστερον
1645 3960 1950 4040 διδαχθέντι

372 4048 460 4107 ἐπὶ
487 4048 763 4114 Διοκλέους
780 4092 799 4120 ,
821 4050 891 4115 ὡς
911 4046 1102 4125 μηκέτι
1129 4048 1293 4117 αὖτ’ἧς
1316 4046 1596 4127 (Laidos)
1616 4045 1795 4121 οὔσης,
1823 4052 1952 4108 Ηοο

371 4149 598 4195 secutus
623 4138 868 4194 Meinek.
893 4139 1042 4194 nist.
1067 4138 1194 4193 crit.
1223 4136 1387 4196 Com.
1415 4154 1476 4210 p.
1522 4136 1656 4210 187,
1680 4156 1813 4193 cum
1839 4138 1952 4208 hic,

375 4237 496 4281 tum
525 4225 596 4281 fr.
629 4244 652 4280 1
670 4244 723 4294 1,
757 4220 947 4281 Φάωνι
974 4224 1178 4297 reponi
1208 4222 1382 4295 jussit·
1406 4242 1517 4297 pro
1545 4220 1772 4303 Φαίδρῳ
1794 4236 1852 4280 et
1878 4224 1952 4281 de

373 4314 624 4370 confusis
659 4313 948 4370 interdum
981 4313 1312 4369 nominibus
1339 4312 1567 4381 Phaon,
1611 4312 1868 4369 Phoedon
1897 4325 1953 4370 et

373 4402 648 4458 Pleoedrus
676 4401 939 4456 adhiberi
980 4417 1018 4455 a
1061 4399 1313 4456 Barkero
1368 4410 1564 4456 notata
1605 4401 1666 4455 in
1717 4402 1759 4457 F
1763 4400 1953 4456 riede-

373 4490 566 4546 manni
597 4490 835 4549 Miscell.
865 4490 994 4545 crit.
1033 4506 1093 4564 ιι,
1125 4508 1179 4565 1,
1206 4509 1264 4564 p.
1298 4486 1395 4545 55.
1433 4489 1545 4546 Sed
1567 4490 1820 4564 primum
1843 4508 1951 4545 au—

375 4579 616 4635 diendus
663 4588 746 4635 est
790 4580 1074 4651 Harpocr.
1121 4594 1179 4634 v.
1219 4570 1356 4641 Ναῒς
1389 4594 1406 4635 :
1451 4573 1765 4651 μνημονεύει
1793 4578 1954 4647 αὐτῆς

375 4664 652 4740 (Laidos)
681 4661 771 4721 καὶ
793 4661 1166 4743 Ἀριστοφάνης
1196 4664 1250 4721 ἐν
1273 4665 1349 4741 τῷ
1377 4660 1626 4743 Πλούτῳ,
1659 4665 1714 4722 ἓν
1739 4653 1786 4743 ᾧ
1813 4664 1953 4742 λέγει

457 4776 592 4855 Ἰ·“ρᾶ
619 4776 666 4835 δ’
703 4772 835 4843 Λαῒς
861 4777 919 4835 οὖ
949 4774 1036 4835 διὰ
1059 4774 1118 4835 σὲ
1147 4776 1481 4850 Φιλωνίδου,

1355 459 1767 519 COMOEDlAE
1805 457 2137 519 vss'rssms
2176 459 2595 533 RELlQUlAE.

2023 610 2282 687 γραπτέον
2306 606 2469 682 Ναῒς,
2494 609 2584 667 καὶ
2608 611 2667 668 οὗ
2700 607 2852 676 Λαΐς.
2892 611 2979 669 Cf.
3010 623 3205 670 annot.
3252 615 3327 669 ad
3364 615 3519 672 hunc
3562 621 3597 676 l.

2024 700 2084 752 in
2110 709 2303 757 nostra
2330 701 2421 760 ed.
2446 701 2667 756 Comici
2706 703 2819 758 vol.
2858 707 2913 772 4,
2946 720 3007 776 p.
3042 722 3063 758 1
3082 701 3173 760 15.
3200 703 3423 760 Deinde
3450 707 3599 762 adeo

2025 788 2315 846 dissimilia
2350 801 2482 845 sunt
2504 791 2735 846 nomina
2762 787 2999 870 Φαῖδρος
3018 802 3075 846 et
3100 788 3287 863 Φάων,
3312 805 3377 848 ut
3406 799 3601 869 potius

2028 874 2245 952 duplici
2272 878 2441 934 titulo
2478 877 2723 934 Phaonis
2759 888 2818 934 et
2855 876 3079 936 Phaedri
3101 878 3293 936 fabula
3328 881 3601 958 inscripta

2027 983 2145 1020 esse
2188 965 2479 1036 videatur3
2531 965 2919 1042 conjiciasque
2962 967 3378 1042 probabiliter,
3432 969 3601 1027 Phae-
3714 991 3716 998 ·

2028 1053 2200 1110 drum
2260 1056 2609 1131 appellatum
2663 1057 2833 1112 fuisse
2886 1058 3076 1129 illum,
3132 1060 3233 1132 qui
3278 1059 3600 1117 adulterum

1895 1203 1909 1217 ⁸
2028 1145 2317 1202 Phaonem
2339 1145 2617 1202 interfecit
2643 1164 2659 1200 τ
2690 1165 2747 1202 v.
2782 1145 2857 1204 fr.
2892 1163 2985 1205 ιι.

2766 1291 2857 1329 11.

2114 1387 2349 1444 Antiatt.
2376 1405 2437 1462 p.
2466 1387 2567 1463 93,
2596 1387 2692 1458 30,
2724 1387 3135 1466 ἐπιτροπεῖν
3166 1407 3181 1447 :
3214 1388 3331 1446 ἀντὶ
3370 1394 3467 1448 τοῦ
3490 1392 3607 1448 ἐπι·

2031 1474 2321 1550 τροπεύειν.
2364 1475 2473 1534 Πλ.
2519 1473 2763 1556 Φαίδρῳ.
2794 1480 3053 1534 Fortasse
3090 1480 3267 1553 igitur
3294 1480 3463 1536 Plato
3498 1501 3608 1536 co-
3718 1455 3720 1458 Α

2031 1563 2297 1620 moediam
2320 1565 2679 1641 inscripserat
2700 1563 2871 1623 Φάων
2890 1563 2927 1636 ἢ
2944 1565 3179 1643 Φαῖδρος
3192 1609 3209 1637 ,
3234 1579 3611 1643 vemet-atque

2033 1653 2253 1722 Phaon,
2281 1645 2429 1710 liber
2458 1655 2691 1710 istarum
2712 1665 2907 1710 rerum
2933 1666 2991 1712 et
3010 1673 3267 1712 successu
3298 1658 3609 1733 impuden-

2035 1741 2147 1796 tior
2189 1741 2397 1811 sactus,
2430 1759 2489 1798 se
2517 1741 2813 1819 objurgari
2852 1761 2887 1799 a
2914 1746 3121 1800 marito
3140 1785 3159 1814 ‚
3192 1745 3351 1800 velut
3388 1745 3611 1825 ἐπιτρο-

2034 1828 2279 1904 πεύοντι,
2326 1831 2815 1905 quemadmodum
2862 1834 3059 1889 similis
3100 1834 3198 1890 ille
3241 1835 3505 1891 moribus
3554 1838 3611 1890 in

2034 1918 2319 1974 comoedia
2382 1919 2569 1975 Colini
2650 1920 3019 1978 d'Harleville
3090 1939 3125 1978 a
3206 1923 3377 1978 nobis
3450 1941 3615 1980 versa

2040 2006 2130 2083 (v.
2160 2009 2379 2063 Neuere
2394 2007 2778 2084 Scbauspae'ele,
2812 2009 2929 2066 vol.
2959 2027 3011 2080 1,
3041 2027 3103 2083 p.
3146 2007 3247 2064 151
3274 2008 3293 2083 )
3324 2025 3341 2066 τ

2118 2119 2265 2176 Was
2284 2119 2475 2174 scltoen
2498 2125 2598 2189 ist,
2628 2117 2733 2175 hat
2751 2123 2866 2174 ein
2888 2118 3072 2176 Reclz
3088 2131 3112 2173 t
3130 2117 3443 2192 aufmee‘ne
3468 2123 3613 2175 Hul-

3296 2211 3614 2284 ‹ligungem
3724 2180 3726 2194 ι

2782 2339 2873 2378 12.

2116 2460 2365 2516 Gramm.
2397 2460 2645 2517 Cramer-i
2668 2461 2884 2518 Anecd.
2918 2459 3106 2519 Oxon.
3136 2467 3195 2530 4,
3227 2477 3292 2535 p.
3322 2459 3485 2519 310:
3530 2463 3623 2536 με’-

2038 2569 2235 2623 μνηται
2285 2551 2379 2605 τοῦ
2424 2546 2676 2624 ὀνόματος
2712 2545 2729 2627 (
2748 2569 2783 2623 γ
2800 2568 2827 2627 ρ
2844 2570 2876 2605 α
2890 2569 2929 2623 μ
2943 2569 2984 2623 μ
3000 2569 3077 2604 ατ
3094 2569 3112 2603 ι
3125 2545 3201 2604 κό
3214 2571 3237 2613 ς
3259 2547 3279 2623 )
3314 2546 3623 2628 Μένανδρος

2040 2636 2093 2693 ἓν
2121 2634 2508 2710 Πωλουμένοις,
2529 2634 2620 2693 καὶ
2648 2637 2760 2695 Πλ.
2782 2637 2836 2693 ἐν
2854 2631 3067 2714 Φοίδῳ.
3088 2637 3423 2712 suspicatur
3440 2639 3617 2694 Mein.

2042 2725 2186 2783 nist.
2232 2727 2360 2781 crit.
2408 2726 2572 2784 Com.
2620 2743 2683 2800 p.
2734 2723 2845 2779 188
2860 2723 3215 2800 ,legendum
3256 2742 3375 2780 esse
3418 2736 3524 2780 aut
3568 2725 3623 2782 ἔν

2040 2812 2233 2872 Φάωνι
2260 2824 2359 2868 aut
2376 2813 2430 2869 ἐν
2456 2809 2713 2888 Φιλήόῳ,
2734 2822 2803 2868 ut
2821 2813 3171 2888 intelligatur
3196 2811 3469 2868 Philebus
3494 2815 3625 2870 Pla·

2042 2903 2264 2959 tonicus
2290 2920 2351 2978 p.
2392 2901 2460 2958 18
2496 2904 2571 2973 D,
2606 2901 2709 2959 ubi
2736 2903 2923 2977 agitur
2952 2900 3024 2958 de
3050 2898 3211 2979 τέχνῃ
3240 2905 3619 2979 γραμματικῇ.

2040 2992 2179 3066 Quae
2198 3010 2333 3050 sane
2350 2992 2689 3049 verosimilis
2710 3002 2794 3047 est
2809 2991 3017 3047 comici
3043 3000 3101 3046 et
3120 2990 3453 3065 philosophi
3476 3012 3625 3067 per-

2042 3084 2317 3152 mutatio;
2357 3082 2676 3155 eodemque
2704 3080 2873 3137 traho
2902 3078 3243 3137 Phaedonem
3272 3082 3539 3155 positum
3572 3082 3629 3136 in

2042 3190 2104 3227 re
2127 3172 2351 3227 ludicra
2375 3190 2487 3245 pro
2512 3170 2763 3228 Phaone.
2784 3168 2866 3227 Cf.
2887 3160 3059 3226 etiam
3082 3170 3447 3225 lucer-torum
3474 3170 3547 3227 fr.
3572 3170 3627 3225 3.

2055 3334 2574 3392 INCERTARUM
2618 3330 2983 3389 PLATONIS
3020 3328 3582 3389 COMOEDIARUM

2596 3422 3071 3480 FRAGMENTA.

2124 3688 2457 3744 Plutarchus
2482 3688 2749 3746 Tbemist.
2778 3705 2908 3763 cap.
2940 3684 3012 3743 32
3038 3704 3055 3747 t
3081 3684 3341 3763 Διόδωρος
3362 3690 3397 3745 δ
3433 3710 3643 3767 περιη-

2048 3772 2212 3853 γητὴς
2232 3776 2287 3833 ἐν
2306 3782 2411 3841 τοῖς
2442 3774 2577 3854 Περὶ
2606 3777 2709 3833 τῶν
2734 3773 3026 3851 μνημάτων
3056 3774 3359 3853 εἶρηκεν....
3390 3774 3478 3834 ὅτι
3514 3778 3641 3853 περὶ

2044 3863 2131 3923 τὸν
2155 3863 2343 3939 λιμένα
2380 3866 2471 3922 τοῦ
2516 3864 2860 3945 Πειραιῶς...
2900 3862 3093 3943 κρηπίς
3130 3864 3271 3921 ἔστιν
3310 3863 3643 3941 εὐμεγέθης,

2044 3951 2136 4012 καὶ
2155 3952 2213 4010 τὸ
2228 3950 2351 4033 περὶ
2381 3951 2543 4023 αὐτὴν
2564 3949 2849 4030 βωμοειδὲς
2873 3950 3034 4032 τάφος
3054 3956 3145 4009 τοῦ
3164 3951 3635 4025 Θεμιστοκλέους.

2044 4040 2208 4101 οἴεται
2236 4038 2291 4099 δὲ
2328 4040 2419 4099 καὶ
2458 4040 2725 4101 Πλάτωνα
2768 4038 2855 4097 τὸν
2882 4037 3118 4117 κωμικὸν
3148 4040 3293 4117 αύτῷ
3338 4048 3645 4123 μαρτυρεῖν

2045 4132 2097 4189 ἐν
2122 4127 2319 4195 τούτοις
2336 4152 2353 4166 ·

2142 4240 2198 4312 ὸ
2228 4244 2329 4323 σὸς
2356 4238 2427 4311 δὲ
2465 4240 2693 4336 τύμὲος
2722 4247 2783 4309 ἐν
2814 4249 2983 4329 καλῷ
3014 4244 3405 4335 κεχωσμένος

2144 4360 2271 4429 τοῖς
2304 4351 2583 4444 ἐμπόροις
2612 4352 2931 4444 πρόσρησις
2966 4352 3144 4416 ἔσται
3177 4362 3509 4441 πανταχοῦ
3534 4402 3555 4434 ,

2142 4462 2276 4537 τοὺς
2312 4460 2681 4537 ἐκπλέοντάς
2712 4456 2769 4525 τ’
2800 4456 3189 4533 εἰσπλέοντάς
3214 4453 3272 4521 τ’
3300 4453 3563 4543 ὄψεται,

2142 4566 2431 4658 χώπόταν
2466 4562 2759 4657 ἅμιλλ’·ἷι
2802 4572 2927 4632 τῶν
2956 4572 3122 4644 νεῶν,
3160 4560 3473 4629 Θεάσεται.

2046 4718 2071 4745 κ
2119 4692 2211 4750 Ad
2266 4696 2562 4749 Helladem
2628 4693 2875 4750 fabulam
2923 4692 3208 4749 referebat
3250 4686 3637 4749 Sintenisius.

503 4824 520 4837 .
571 4838 582 4857 ⁴
649 4800 672 4835 ε
1465 4798 1482 4813 ·
2046 4785 2224 4839 Versu
2260 4780 2291 4837 3
2340 4781 2477 4842 fort.
2532 4782 2643 4857 leg.
2694 4778 2779 4846 οὓς
2818 4780 2971 4838 ἕκπλ.
3012 4784 3083 4838 V.
3126 4788 3157 4848 4
3204 4774 3391 4851 ἅμιλλ’
3432 4768 3473 4855 ᾗ
3524 4800 3645 4855 pro

1129 4952 1183 5001 6.

2048 4966 2443 5023 mercatoribus
2468 4966 2711 5023 affamen
2732 4968 2833 5023 erit
2860 4964 3183 5023 omnimode
3200 5004 3219 5031 ,

377 5065 448 5077 -
471 5036 552 5091 Ut
576 5035 740 5091 etiam
767 5048 914 5089 nunc
929 5046 1120 5089 sumus
1143 5032 1400 5089 omnibus
1423 5032 1641 5089 abunde
1669 5034 1947 5091 instructi.
2045 5054 2419 5125 solventesque
2442 5062 2499 5109 et
2524 5052 2915 5125 adnavigantes
2938 5050 3168 5114 videbit,

745 5146 849 5201 Ex
889 5146 1221 5202 INCERTlS
1259 5146 1583 5201 FABULIS.

380 5324 534 5378 Tuus
557 5328 740 5379 autem
775 5336 838 5377 ex
867 5327 1110 5377 structus
1131 5237 1258 5393 {ipio
1283 5318 1404 5375 loeo
1433 5319 1678 5377 tumulus

2046 5156 2280 5212 cumque
2302 5141 2523 5197 navium
2546 5148 2631 5197 est
2653 5148 2961 5205 certamen,
2990 5138 3043 5193 id
3064 5136 3383 5209 conspiciet.

2046 5235 2064 5295 (
2096 5233 2171 5284 De
2212 5227 2594 5286 Themistoclis
2640 5227 2852 5285 tumulo
2898 5226 3130 5283 Athenis
3170 5225 3316 5279 eirea
3350 5224 3639 5279 Pir-areum

3382 5310 3593 5379 [dicta.
3628 5331 3639 5370 ι
