<?xml version="1.0" encoding="UTF-8"?>
<!DOCTYPE html PUBLIC "-//W3C//DTD XHTML 1.0 Transitional//EN"
    "http://www.w3.org/TR/xhtml1/DTD/xhtml1-transitional.dtd">
<html xmlns="http://www.w3.org/1999/xhtml" xml:lang="en" lang="en">
 <head>
  <title>
</title>
<meta http-equiv="Content-Type" content="text/html;charset=utf-8" />
  <meta name='ocr-system' content='tesseract 3.04.00' />
  <meta name='ocr-capabilities' content='ocr_page ocr_carea ocr_par ocr_line ocrx_word'/>
</head>
<body>
  <div class='ocr_page' id='page_1' title='image "./poetarumcomicor01hunzgoog_0437.png"; bbox 0 0 3809 5850; ppageno 0'>
   <div class='ocr_carea' id='block_1_1' title="bbox 1393 415 1900 478">
    <p class='ocr_par' dir='ltr' id='par_1_1' title="bbox 1393 415 1900 478">
     <span class='ocr_line' id='line_1_1' title="bbox 1393 415 1900 478; baseline -0.006 0"><span class='ocrx_word' id='word_1_1' title='bbox 1393 415 1900 478; x_wconf 74' lang='lat' dir='ltr'><strong>ANTlpnANES.</strong></span> 
     </span>
    </p>
   </div>
   <div class='ocr_carea' id='block_1_2' title="bbox 768 549 865 608">
    <p class='ocr_par' dir='ltr' id='par_1_2' title="bbox 768 549 865 608">
     <span class='ocr_line' id='line_1_2' title="bbox 768 549 865 608; baseline 0.014 -3"><span class='ocrx_word' id='word_1_2' title='bbox 768 549 865 608; x_wconf 92' lang='grc'><strong>82.</strong></span> 
     </span>
    </p>
   </div>
   <div class='ocr_carea' id='block_1_3' title="bbox 95 659 1602 914">
    <p class='ocr_par' dir='ltr' id='par_1_3' title="bbox 95 659 1602 914">
     <span class='ocr_line' id='line_1_3' title="bbox 149 659 1602 740; baseline -0.003 -20"><span class='ocrx_word' id='word_1_3' title='bbox 149 664 288 720; x_wconf 77' lang='lat' dir='ltr'><strong>Idem</strong></span> <span class='ocrx_word' id='word_1_4' title='bbox 323 683 380 739; x_wconf 90' lang='lat' dir='ltr'><strong>p.</strong></span> <span class='ocrx_word' id='word_1_5' title='bbox 407 663 502 738; x_wconf 86' lang='lat'><strong>98,</strong></span> <span class='ocrx_word' id='word_1_6' title='bbox 539 661 641 740; x_wconf 92' lang='grc' dir='ltr'><strong>ι5,</strong></span> <span class='ocrx_word' id='word_1_7' title='bbox 685 659 913 732; x_wconf 72' lang='grc' dir='ltr'><strong>Ὶείθη</strong></span> <span class='ocrx_word' id='word_1_8' title='bbox 963 662 1323 732; x_wconf 77' lang='grc' dir='ltr'><strong>πληθυντικως</strong></span> <span class='ocrx_word' id='word_1_9' title='bbox 1368 681 1497 740; x_wconf 79' lang='grc' dir='ltr'><strong>φασι</strong></span> <span class='ocrx_word' id='word_1_10' title='bbox 1527 659 1602 738; x_wconf 73' lang='grc' dir='ltr'><strong>μὴ</strong></span> 
     </span>
     <span class='ocr_line' id='line_1_4' title="bbox 95 740 1600 829; baseline 0 -21"><span class='ocrx_word' id='word_1_11' title='bbox 95 753 173 809; x_wconf 72' lang='grc' dir='ltr'><strong>δεῖν</strong></span> <span class='ocrx_word' id='word_1_12' title='bbox 194 751 362 829; x_wconf 84' lang='grc' dir='ltr'><strong>λέγειν,</strong></span> <span class='ocrx_word' id='word_1_13' title='bbox 391 750 504 810; x_wconf 76' lang='grc' dir='ltr'><strong>ἀλλ’</strong></span> <span class='ocrx_word' id='word_1_14' title='bbox 527 753 721 818; x_wconf 72' lang='grc' dir='ltr'><strong>ἑνικῶς·</strong></span> <span class='ocrx_word' id='word_1_15' title='bbox 761 751 880 809; x_wconf 75' lang='grc' dir='ltr'><strong>ἀλλ’</strong></span> <span class='ocrx_word' id='word_1_16' title='bbox 905 749 1047 811; x_wconf 59' lang='lat' dir='ltr'><strong>’Am</strong></span> <span class='ocrx_word' id='word_1_17' title='bbox 1078 740 1191 808; x_wconf 72' lang='grc' dir='ltr'><strong>εἷπε</strong></span> <span class='ocrx_word' id='word_1_18' title='bbox 1219 751 1600 821; x_wconf 76' lang='grc' dir='ltr'>πληθυντικῶς.</span> 
     </span>
     <span class='ocr_line' id='line_1_5' title="bbox 95 837 983 914; baseline 0.002 -20"><span class='ocrx_word' id='word_1_19' title='bbox 95 843 141 898; x_wconf 75' lang='lat' dir='ltr'><strong>V.</strong></span> <span class='ocrx_word' id='word_1_20' title='bbox 167 839 392 900; x_wconf 78' lang='lat' dir='ltr'><strong>Lobeck.</strong></span> <span class='ocrx_word' id='word_1_21' title='bbox 421 840 494 897; x_wconf 86' lang='lat' dir='ltr'><strong>ad</strong></span> <span class='ocrx_word' id='word_1_22' title='bbox 515 837 730 914; x_wconf 78' lang='lat' dir='ltr'><strong>Phryn.</strong></span> <span class='ocrx_word' id='word_1_23' title='bbox 755 858 818 914; x_wconf 89' lang='lat' dir='ltr'><strong>p.</strong></span> <span class='ocrx_word' id='word_1_24' title='bbox 845 838 983 905; x_wconf 88' lang='grc'><strong>364.</strong></span> 
     </span>
    </p>
   </div>
   <div class='ocr_carea' id='block_1_4' title="bbox 768 966 864 1026">
    <p class='ocr_par' dir='ltr' id='par_1_4' title="bbox 768 966 864 1026">
     <span class='ocr_line' id='line_1_6' title="bbox 768 966 864 1026; baseline 0.021 -2"><span class='ocrx_word' id='word_1_25' title='bbox 768 966 864 1026; x_wconf 87' lang='grc'><strong>83.</strong></span> 
     </span>
    </p>
   </div>
   <div class='ocr_carea' id='block_1_5' title="bbox 149 1092 1732 1172">
    <p class='ocr_par' dir='ltr' id='par_1_5' title="bbox 149 1092 1732 1172">
     <span class='ocr_line' id='line_1_7' title="bbox 149 1092 1732 1172; baseline 0.001 -24"><span class='ocrx_word' id='word_1_26' title='bbox 149 1093 284 1150; x_wconf 83' lang='lat' dir='ltr'><strong>Idem</strong></span> <span class='ocrx_word' id='word_1_27' title='bbox 305 1113 365 1170; x_wconf 90' lang='lat' dir='ltr'><strong>p.</strong></span> <span class='ocrx_word' id='word_1_28' title='bbox 394 1113 526 1165; x_wconf 86' lang='grc' dir='ltr'><strong>ιι2,</strong></span> <span class='ocrx_word' id='word_1_29' title='bbox 559 1102 658 1166; x_wconf 93' lang='grc'><strong>24,</strong></span> <span class='ocrx_word' id='word_1_30' title='bbox 695 1093 1099 1172; x_wconf 85' lang='grc' dir='ltr'><strong>Πτωχεύειν</strong></span> <span class='ocrx_word' id='word_1_31' title='bbox 1133 1115 1147 1151; x_wconf 88' lang='lat'>:</span> <span class='ocrx_word' id='word_1_32' title='bbox 1183 1095 1242 1151; x_wconf 81' lang='grc' dir='ltr'><strong>οὗ</strong></span> <span class='ocrx_word' id='word_1_33' title='bbox 1265 1092 1326 1152; x_wconf 80' lang='grc' dir='ltr'><strong>τὸ</strong></span> <span class='ocrx_word' id='word_1_34' title='bbox 1345 1093 1600 1171; x_wconf 76' lang='grc' dir='ltr'><strong>ἐπαιτεῖν,</strong></span> <span class='ocrx_word' id='word_1_35' title='bbox 1717 1151 1732 1160; x_wconf 70' lang='grc'><strong>,</strong></span> 
     </span>
    </p>
   </div>
   <div class='ocr_carea' id='block_1_6' title="bbox 95 1177 1602 1344">
    <p class='ocr_par' dir='ltr' id='par_1_6' title="bbox 95 1177 1602 1344">
     <span class='ocr_line' id='line_1_8' title="bbox 95 1177 1602 1320; baseline 0.002 -85"><span class='ocrx_word' id='word_1_36' title='bbox 95 1177 195 1320; x_wconf 56' lang='lat' dir='ltr'><strong>&#39;illu</strong></span> <span class='ocrx_word' id='word_1_37' title='bbox 215 1177 268 1238; x_wconf 74' lang='grc' dir='ltr'><strong>τὸ</strong></span> <span class='ocrx_word' id='word_1_38' title='bbox 287 1177 543 1243; x_wconf 75' lang='grc' dir='ltr'><strong>πένεσθαι.</strong></span> <span class='ocrx_word' id='word_1_39' title='bbox 565 1181 706 1242; x_wconf 82' lang='grc' dir='ltr'><strong>Ἀντ.</strong></span> <span class='ocrx_word' id='word_1_40' title='bbox 751 1184 822 1240; x_wconf 87' lang='lat' dir='ltr'><strong>V.</strong></span> <span class='ocrx_word' id='word_1_41' title='bbox 839 1184 1167 1259; x_wconf 68' lang='grc' dir='ltr'><strong>,ΚοΡΡίει-ε.</strong></span> <span class='ocrx_word' id='word_1_42' title='bbox 1196 1183 1437 1242; x_wconf 80' lang='lat' dir='ltr'><strong>Observ.</strong></span> <span class='ocrx_word' id='word_1_43' title='bbox 1467 1184 1602 1258; x_wconf 82' lang='lat' dir='ltr'><strong>phi-</strong></span> 
     </span>
     <span class='ocr_line' id='line_1_9' title="bbox 100 1287 352 1344; baseline 0.02 -22"><span class='ocrx_word' id='word_1_44' title='bbox 100 1287 129 1322; x_wconf 94' lang='lat' dir='ltr'><strong>o</strong></span> <span class='ocrx_word' id='word_1_45' title='bbox 152 1309 162 1325; x_wconf 90' lang='lat'><strong>.</strong></span> <span class='ocrx_word' id='word_1_46' title='bbox 187 1287 236 1344; x_wconf 89' lang='lat' dir='ltr'><strong>p.</strong></span> <span class='ocrx_word' id='word_1_47' title='bbox 262 1287 352 1327; x_wconf 77' lang='lat'><strong>21.</strong></span> 
     </span>
    </p>
   </div>
   <div class='ocr_carea' id='block_1_7' title="bbox 714 1381 923 1439">
    <p class='ocr_par' dir='ltr' id='par_1_7' title="bbox 714 1381 923 1439">
     <span class='ocr_line' id='line_1_10' title="bbox 714 1381 923 1439; baseline 0.005 -2"><span class='ocrx_word' id='word_1_48' title='bbox 714 1381 814 1439; x_wconf 83' lang='lat'><strong>83.</strong></span> <span class='ocrx_word' id='word_1_49' title='bbox 860 1382 923 1438; x_wconf 81' lang='lat' dir='ltr'><strong>b.</strong></span> 
     </span>
    </p>
   </div>
   <div class='ocr_carea' id='block_1_8' title="bbox 95 1507 1606 2025">
    <p class='ocr_par' dir='ltr' id='par_1_8' title="bbox 95 1507 1606 2025">
     <span class='ocr_line' id='line_1_11' title="bbox 145 1507 1602 1588; baseline 0.003 -26"><span class='ocrx_word' id='word_1_50' title='bbox 145 1507 279 1564; x_wconf 82' lang='lat' dir='ltr'><strong>Idem</strong></span> <span class='ocrx_word' id='word_1_51' title='bbox 299 1527 356 1583; x_wconf 98' lang='grc' dir='ltr'><strong>Ρ.</strong></span> <span class='ocrx_word' id='word_1_52' title='bbox 381 1508 512 1584; x_wconf 89' lang='lat'>116,</span> <span class='ocrx_word' id='word_1_53' title='bbox 535 1509 596 1580; x_wconf 88' lang='grc'><strong>8,</strong></span> <span class='ocrx_word' id='word_1_54' title='bbox 622 1509 849 1569; x_wconf 74' lang='grc' dir='ltr'><strong>Χολᾶν</strong></span> <span class='ocrx_word' id='word_1_55' title='bbox 881 1530 894 1565; x_wconf 88' lang='grc'>;</span> <span class='ocrx_word' id='word_1_56' title='bbox 920 1507 1236 1588; x_wconf 80' lang='grc' dir='ltr'><strong>ὀργίζεσθαι.</strong></span> <span class='ocrx_word' id='word_1_57' title='bbox 1259 1507 1402 1569; x_wconf 77' lang='grc' dir='ltr'><strong>Ἀντ.</strong></span> <span class='ocrx_word' id='word_1_58' title='bbox 1434 1535 1458 1561; x_wconf 76' lang='grc' dir='ltr'><strong>α</strong></span> <span class='ocrx_word' id='word_1_59' title='bbox 1485 1509 1602 1569; x_wconf 83' lang='lat' dir='ltr'><strong>Xo-</strong></span> 
     </span>
     <span class='ocr_line' id='line_1_12' title="bbox 95 1596 1606 1676; baseline 0.003 -28"><span class='ocrx_word' id='word_1_60' title='bbox 95 1596 162 1649; x_wconf 63' lang='lat' dir='ltr'><strong>kiv</strong></span> <span class='ocrx_word' id='word_1_61' title='bbox 181 1608 254 1652; x_wconf 83' lang='lat' dir='ltr'><strong>est</strong></span> <span class='ocrx_word' id='word_1_62' title='bbox 277 1599 606 1676; x_wconf 74' lang='grc' dir='ltr'>μελαγχολᾶν</span> <span class='ocrx_word' id='word_1_63' title='bbox 637 1599 794 1674; x_wconf 78' lang='lat' dir='ltr'><strong>apud</strong></span> <span class='ocrx_word' id='word_1_64' title='bbox 822 1601 1147 1656; x_wconf 78' lang='lat' dir='ltr'><strong>Stratonem</strong></span> <span class='ocrx_word' id='word_1_65' title='bbox 1169 1599 1426 1657; x_wconf 68' lang='lat' dir='ltr'><strong>Phoenic.</strong></span> <span class='ocrx_word' id='word_1_66' title='bbox 1461 1619 1520 1670; x_wconf 92' lang='lat'><strong>7,</strong></span> <span class='ocrx_word' id='word_1_67' title='bbox 1548 1609 1606 1655; x_wconf 88' lang='lat' dir='ltr'><strong>et</strong></span> 
     </span>
     <span class='ocr_line' id='line_1_13' title="bbox 95 1684 1598 1762; baseline 0.003 -26"><span class='ocrx_word' id='word_1_68' title='bbox 95 1684 357 1757; x_wconf 81' lang='lat' dir='ltr'><strong>Epicratem</strong></span> <span class='ocrx_word' id='word_1_69' title='bbox 373 1689 584 1762; x_wconf 80' lang='lat' dir='ltr'><strong>Dyspr.</strong></span> <span class='ocrx_word' id='word_1_70' title='bbox 607 1707 662 1758; x_wconf 86' lang='lat'><strong>7.</strong></span> <span class='ocrx_word' id='word_1_71' title='bbox 687 1687 860 1762; x_wconf 85' lang='lat' dir='ltr'><strong>Apud</strong></span> <span class='ocrx_word' id='word_1_72' title='bbox 885 1687 1180 1745; x_wconf 83' lang='lat' dir='ltr'><strong>Moschum</strong></span> <span class='ocrx_word' id='word_1_73' title='bbox 1206 1688 1394 1745; x_wconf 88' lang='lat' dir='ltr'><strong>Carm.</strong></span> <span class='ocrx_word' id='word_1_74' title='bbox 1426 1707 1450 1742; x_wconf 86' lang='lat'>1</span> <span class='ocrx_word' id='word_1_75' title='bbox 1465 1729 1480 1758; x_wconf 90' lang='lat'>,</span> <span class='ocrx_word' id='word_1_76' title='bbox 1506 1706 1598 1757; x_wconf 85' lang='grc' dir='ltr'><strong>ιο,</strong></span> 
     </span>
     <span class='ocr_line' id='line_1_14' title="bbox 95 1771 1604 1854; baseline 0.003 -30"><span class='ocrx_word' id='word_1_77' title='bbox 95 1771 193 1825; x_wconf 78' lang='lat' dir='ltr'><strong>olim</strong></span> <span class='ocrx_word' id='word_1_78' title='bbox 217 1773 492 1847; x_wconf 83' lang='lat' dir='ltr'><strong>legebatur</strong></span> <span class='ocrx_word' id='word_1_79' title='bbox 523 1771 592 1843; x_wconf 82' lang='grc' dir='ltr'><strong>ἢν</strong></span> <span class='ocrx_word' id='word_1_80' title='bbox 617 1771 672 1830; x_wconf 77' lang='grc' dir='ltr'><strong>δὲ</strong></span> <span class='ocrx_word' id='word_1_81' title='bbox 699 1775 836 1854; x_wconf 71' lang='grc' dir='ltr'>χαλᾷ</span> <span class='ocrx_word' id='word_1_82' title='bbox 867 1772 980 1839; x_wconf 88' lang='grc' dir='ltr'><strong>νόος</strong></span> <span class='ocrx_word' id='word_1_83' title='bbox 1007 1772 1150 1831; x_wconf 75' lang='grc' dir='ltr'><strong>ἐστὶν</strong></span> <span class='ocrx_word' id='word_1_84' title='bbox 1179 1772 1462 1852; x_wconf 79' lang='grc' dir='ltr'><strong>ἀνάμερος,</strong></span> <span class='ocrx_word' id='word_1_85' title='bbox 1500 1775 1604 1830; x_wconf 89' lang='lat' dir='ltr'><strong>ubi</strong></span> 
     </span>
     <span class='ocr_line' id='line_1_15' title="bbox 95 1859 1598 1938; baseline 0.003 -25"><span class='ocrx_word' id='word_1_86' title='bbox 95 1869 204 1914; x_wconf 75' lang='lat' dir='ltr'><strong>recte</strong></span> <span class='ocrx_word' id='word_1_87' title='bbox 234 1861 361 1916; x_wconf 87' lang='lat' dir='ltr'><strong>mihi</strong></span> <span class='ocrx_word' id='word_1_88' title='bbox 397 1863 704 1918; x_wconf 80' lang='lat' dir='ltr'><strong>restituisse</strong></span> <span class='ocrx_word' id='word_1_89' title='bbox 747 1863 950 1919; x_wconf 80' lang='lat' dir='ltr'><strong>videor</strong></span> <span class='ocrx_word' id='word_1_90' title='bbox 976 1861 1029 1919; x_wconf 75' lang='grc' dir='ltr'><strong>ἐν</strong></span> <span class='ocrx_word' id='word_1_91' title='bbox 1070 1859 1126 1919; x_wconf 74' lang='grc' dir='ltr'><strong>δὲ</strong></span> <span class='ocrx_word' id='word_1_92' title='bbox 1155 1873 1263 1920; x_wconf 86' lang='lat' dir='ltr'><strong>etc.</strong></span> <span class='ocrx_word' id='word_1_93' title='bbox 1307 1862 1395 1923; x_wconf 82' lang='lat' dir='ltr'><strong>Cf.</strong></span> <span class='ocrx_word' id='word_1_94' title='bbox 1429 1865 1598 1938; x_wconf 85' lang='lat' dir='ltr'><strong>Kop-</strong></span> 
     </span>
     <span class='ocr_line' id='line_1_16' title="bbox 95 1948 797 2025; baseline 0.011 -26"><span class='ocrx_word' id='word_1_95' title='bbox 95 1948 216 2017; x_wconf 81' lang='lat' dir='ltr'><strong>piers.</strong></span> <span class='ocrx_word' id='word_1_96' title='bbox 237 1950 271 2007; x_wconf 88' lang='grc'><strong>1.</strong></span> <span class='ocrx_word' id='word_1_97' title='bbox 296 1951 336 2008; x_wconf 87' lang='lat' dir='ltr'><strong>l.</strong></span> <span class='ocrx_word' id='word_1_98' title='bbox 362 1968 423 2025; x_wconf 87' lang='lat' dir='ltr'><strong>p.</strong></span> <span class='ocrx_word' id='word_1_99' title='bbox 450 1951 546 2010; x_wconf 82' lang='grc'><strong>23.</strong></span> <span class='ocrx_word' id='word_1_100' title='bbox 579 1975 607 2000; x_wconf 68' lang='grc' dir='ltr'><strong>ι</strong></span> <span class='ocrx_word' id='word_1_101' title='bbox 631 1951 680 2004; x_wconf 86' lang='grc' dir='ltr'><em>Ε</em></span> <span class='ocrx_word' id='word_1_102' title='bbox 709 1952 797 2006; x_wconf 92' lang='grc' dir='ltr'><strong>Μ.</strong></span> 
     </span>
    </p>
   </div>
   <div class='ocr_carea' id='block_1_9' title="bbox 771 2023 900 2127">
    <p class='ocr_par' dir='ltr' id='par_1_9' title="bbox 771 2023 900 2127">
     <span class='ocr_line' id='line_1_17' title="bbox 771 2023 900 2127; baseline 0.016 -11"><span class='ocrx_word' id='word_1_103' title='bbox 771 2023 900 2127; x_wconf 58' lang='lat' dir='ltr'><strong>81ss</strong></span> 
     </span>
    </p>
   </div>
   <div class='ocr_carea' id='block_1_10' title="bbox 95 2169 1604 2311">
    <p class='ocr_par' dir='ltr' id='par_1_10' title="bbox 95 2169 1604 2311">
     <span class='ocr_line' id='line_1_18' title="bbox 95 2169 1604 2310; baseline 0.003 -87"><span class='ocrx_word' id='word_1_104' title='bbox 95 2169 221 2310; x_wconf 57' lang='grc' dir='ltr'><strong>ἈΠ).</strong></span> <span class='ocrx_word' id='word_1_105' title='bbox 277 2190 370 2241; x_wconf 88' lang='grc' dir='ltr'><strong>ιι,</strong></span> <span class='ocrx_word' id='word_1_106' title='bbox 415 2169 834 2252; x_wconf 84' lang='grc' dir='ltr'><strong>Χρησασθαι</strong></span> <span class='ocrx_word' id='word_1_107' title='bbox 879 2193 893 2228; x_wconf 89' lang='lat'>:</span> <span class='ocrx_word' id='word_1_108' title='bbox 952 2171 1068 2229; x_wconf 79' lang='grc' dir='ltr'><strong>ἀντὶ</strong></span> <span class='ocrx_word' id='word_1_109' title='bbox 1123 2176 1212 2230; x_wconf 78' lang='grc' dir='ltr'><strong>τοῦ</strong></span> <span class='ocrx_word' id='word_1_110' title='bbox 1267 2173 1604 2230; x_wconf 77' lang='grc' dir='ltr'>δανείσασθαι</span> 
     </span>
     <span class='ocr_line' id='line_1_19' title="bbox 128 2277 174 2311; baseline 0 0"><span class='ocrx_word' id='word_1_111' title='bbox 128 2277 174 2311; x_wconf 86' lang='grc' dir='ltr'><strong>ντ</strong></span> 
     </span>
    </p>
   </div>
   <div class='ocr_carea' id='block_1_11' title="bbox 770 2365 868 2423">
    <p class='ocr_par' dir='ltr' id='par_1_11' title="bbox 770 2365 868 2423">
     <span class='ocr_line' id='line_1_20' title="bbox 770 2365 868 2423; baseline 0 -1"><span class='ocrx_word' id='word_1_112' title='bbox 770 2365 868 2423; x_wconf 84' lang='grc'><strong>85.</strong></span> 
     </span>
    </p>
   </div>
   <div class='ocr_carea' id='block_1_12' title="bbox 95 2475 1606 2910">
    <p class='ocr_par' dir='ltr' id='par_1_12' title="bbox 95 2475 1606 2910">
     <span class='ocr_line' id='line_1_21' title="bbox 141 2475 1604 2554; baseline 0.002 -23"><span class='ocrx_word' id='word_1_113' title='bbox 141 2475 358 2536; x_wconf 78' lang='lat' dir='ltr'><strong>Gramm.</strong></span> <span class='ocrx_word' id='word_1_114' title='bbox 389 2479 654 2536; x_wconf 78' lang='lat' dir='ltr'><strong>Bekkeri</strong></span> <span class='ocrx_word' id='word_1_115' title='bbox 689 2478 904 2536; x_wconf 84' lang='lat' dir='ltr'><strong>Anecd.</strong></span> <span class='ocrx_word' id='word_1_116' title='bbox 932 2497 994 2554; x_wconf 90' lang='lat' dir='ltr'><strong>p.</strong></span> <span class='ocrx_word' id='word_1_117' title='bbox 1043 2477 1187 2550; x_wconf 89' lang='grc' dir='ltr'><strong>4ο5,</strong></span> <span class='ocrx_word' id='word_1_118' title='bbox 1219 2477 1316 2549; x_wconf 91' lang='grc'><strong>32,</strong></span> <span class='ocrx_word' id='word_1_119' title='bbox 1343 2475 1604 2536; x_wconf 76' lang='grc' dir='ltr'><strong>Ἀνόκαιον</strong></span> 
     </span>
     <span class='ocr_line' id='line_1_22' title="bbox 97 2560 1604 2647; baseline 0.003 -27.038"><span class='ocrx_word' id='word_1_120' title='bbox 97 2560 196 2637; x_wconf 62' lang='lat' dir='ltr'><strong>[leg.</strong></span> <span class='ocrx_word' id='word_1_121' title='bbox 219 2563 528 2643; x_wconf 77' lang='grc' dir='ltr'><strong>ἀνώγεων,</strong></span> <span class='ocrx_word' id='word_1_122' title='bbox 553 2578 629 2624; x_wconf 83' lang='lat' dir='ltr'><strong>ut</strong></span> <span class='ocrx_word' id='word_1_123' title='bbox 655 2568 978 2624; x_wconf 80' lang='lat' dir='ltr'>observavit</span> <span class='ocrx_word' id='word_1_124' title='bbox 1006 2568 1176 2626; x_wconf 85' lang='lat' dir='ltr'><strong>Mein.</strong></span> <span class='ocrx_word' id='word_1_125' title='bbox 1195 2564 1258 2644; x_wconf 89' lang='grc'><strong>).</strong></span> <span class='ocrx_word' id='word_1_126' title='bbox 1287 2565 1350 2624; x_wconf 80' lang='grc' dir='ltr'><strong>τὸ</strong></span> <span class='ocrx_word' id='word_1_127' title='bbox 1372 2568 1604 2647; x_wconf 81' lang='grc' dir='ltr'><strong>ὑπερῷον</strong></span> 
     </span>
     <span class='ocr_line' id='line_1_23' title="bbox 95 2645 1606 2736; baseline 0.005 -32"><span class='ocrx_word' id='word_1_128' title='bbox 95 2645 258 2724; x_wconf 58' lang='grc' dir='ltr'><strong>νίκημα.</strong></span> <span class='ocrx_word' id='word_1_129' title='bbox 283 2655 521 2736; x_wconf 71' lang='grc' dir='ltr'><strong>Ξενοφῶν</strong></span> <span class='ocrx_word' id='word_1_130' title='bbox 555 2657 618 2712; x_wconf 81' lang='grc' dir='ltr'><strong>ἐν</strong></span> <span class='ocrx_word' id='word_1_131' title='bbox 649 2651 826 2732; x_wconf 80' lang='grc' dir='ltr'><strong>Κύρου</strong></span> <span class='ocrx_word' id='word_1_132' title='bbox 863 2651 1118 2712; x_wconf 73' lang='grc' dir='ltr'><strong>ἀναδάσει</strong></span> <span class='ocrx_word' id='word_1_133' title='bbox 1145 2654 1247 2726; x_wconf 83' lang='grc'><strong>(5,</strong></span> <span class='ocrx_word' id='word_1_134' title='bbox 1282 2661 1338 2726; x_wconf 94' lang='grc'><strong>4,</strong></span> <span class='ocrx_word' id='word_1_135' title='bbox 1367 2656 1494 2730; x_wconf 78' lang='grc'><strong>29),</strong></span> <span class='ocrx_word' id='word_1_136' title='bbox 1513 2654 1606 2712; x_wconf 78' lang='grc' dir='ltr'><strong>καὶ</strong></span> 
     </span>
     <span class='ocr_line' id='line_1_24' title="bbox 95 2737 1606 2822; baseline 0.003 -26.118"><span class='ocrx_word' id='word_1_137' title='bbox 95 2737 166 2792; x_wconf 71' lang='grc' dir='ltr'><strong>τῶν</strong></span> <span class='ocrx_word' id='word_1_138' title='bbox 197 2743 588 2821; x_wconf 77' lang='grc' dir='ltr'><strong>κωμῳδιοποιῶν</strong></span> <span class='ocrx_word' id='word_1_139' title='bbox 619 2743 670 2800; x_wconf 75' lang='grc' dir='ltr'><strong>οἱ</strong></span> <span class='ocrx_word' id='word_1_140' title='bbox 704 2740 826 2821; x_wconf 77' lang='grc' dir='ltr'><strong>περὶ</strong></span> <span class='ocrx_word' id='word_1_141' title='bbox 865 2739 1194 2822; x_wconf 70' lang='grc' dir='ltr'><strong>Ἀντιφάνην.</strong></span> <span class='ocrx_word' id='word_1_142' title='bbox 1223 2743 1442 2802; x_wconf 83' lang='lat' dir='ltr'><strong>Eadem</strong></span> <span class='ocrx_word' id='word_1_143' title='bbox 1473 2741 1606 2801; x_wconf 87' lang='lat' dir='ltr'><strong>Sui-</strong></span> 
     </span>
     <span class='ocr_line' id='line_1_25' title="bbox 95 2822 1316 2910; baseline 0.002 -26"><span class='ocrx_word' id='word_1_144' title='bbox 95 2822 162 2902; x_wconf 58' lang='lat' dir='ltr'><strong>Qas</strong></span> <span class='ocrx_word' id='word_1_145' title='bbox 176 2847 216 2882; x_wconf 80' lang='lat' dir='ltr'><strong>v.</strong></span> <span class='ocrx_word' id='word_1_146' title='bbox 239 2825 487 2908; x_wconf 82' lang='grc' dir='ltr'><strong>Ἀνῶγεων</strong></span> <span class='ocrx_word' id='word_1_147' title='bbox 505 2875 522 2904; x_wconf 94' lang='grc'><strong>,</strong></span> <span class='ocrx_word' id='word_1_148' title='bbox 551 2833 662 2888; x_wconf 81' lang='lat' dir='ltr'><strong>ubi</strong></span> <span class='ocrx_word' id='word_1_149' title='bbox 689 2833 897 2908; x_wconf 81' lang='lat' dir='ltr'><strong>legitur</strong></span> <span class='ocrx_word' id='word_1_150' title='bbox 919 2829 1316 2910; x_wconf 78' lang='grc' dir='ltr'><strong>Ἀριστοφάνην.</strong></span> 
     </span>
    </p>
   </div>
   <div class='ocr_carea' id='block_1_13' title="bbox 761 2958 860 3017">
    <p class='ocr_par' dir='ltr' id='par_1_13' title="bbox 761 2958 860 3017">
     <span class='ocr_line' id='line_1_26' title="bbox 761 2958 860 3017; baseline -0.01 0"><span class='ocrx_word' id='word_1_151' title='bbox 761 2958 860 3017; x_wconf 87' lang='grc'><strong>86.</strong></span> 
     </span>
    </p>
   </div>
   <div class='ocr_carea' id='block_1_14' title="bbox 95 3086 1608 3695">
    <p class='ocr_par' dir='ltr' id='par_1_14' title="bbox 95 3086 1608 3695">
     <span class='ocr_line' id='line_1_27' title="bbox 161 3086 1605 3168; baseline 0.001 -26"><span class='ocrx_word' id='word_1_152' title='bbox 161 3088 294 3146; x_wconf 85' lang='lat' dir='ltr'><strong>Idem</strong></span> <span class='ocrx_word' id='word_1_153' title='bbox 321 3111 380 3167; x_wconf 91' lang='lat' dir='ltr'><strong>p.</strong></span> <span class='ocrx_word' id='word_1_154' title='bbox 413 3092 556 3167; x_wconf 88' lang='grc'><strong>443,</strong></span> <span class='ocrx_word' id='word_1_155' title='bbox 609 3109 716 3163; x_wconf 88' lang='grc'><strong>22,</strong></span> <span class='ocrx_word' id='word_1_156' title='bbox 769 3086 1108 3168; x_wconf 76' lang='grc' dir='ltr'><strong>Ἆρδεύιιν</strong></span> <span class='ocrx_word' id='word_1_157' title='bbox 1147 3090 1274 3168; x_wconf 88' lang='grc' dir='ltr'><strong>παρ’</strong></span> <span class='ocrx_word' id='word_1_158' title='bbox 1318 3086 1605 3166; x_wconf 80' lang='grc' dir='ltr'><strong>Ἀντιφάνει</strong></span> 
     </span>
     <span class='ocr_line' id='line_1_28' title="bbox 95 3174 1600 3256; baseline -0.003 -18"><span class='ocrx_word' id='word_1_159' title='bbox 95 3174 210 3249; x_wconf 53' lang='grc' dir='ltr'><strong>Νίνῳ.</strong></span> <span class='ocrx_word' id='word_1_160' title='bbox 227 3178 278 3233; x_wconf 78' lang='grc' dir='ltr'><strong>ἐκ</strong></span> <span class='ocrx_word' id='word_1_161' title='bbox 297 3185 380 3239; x_wconf 80' lang='grc' dir='ltr'><strong>τοῦ</strong></span> <span class='ocrx_word' id='word_1_162' title='bbox 397 3176 640 3237; x_wconf 78' lang='grc' dir='ltr'><strong>ἐναντίου</strong></span> <span class='ocrx_word' id='word_1_163' title='bbox 661 3175 715 3235; x_wconf 72' lang='grc' dir='ltr'><strong>δὲ</strong></span> <span class='ocrx_word' id='word_1_164' title='bbox 737 3176 1037 3256; x_wconf 80' lang='grc' dir='ltr'><strong>ἀναρδεύειν</strong></span> <span class='ocrx_word' id='word_1_165' title='bbox 1057 3176 1288 3252; x_wconf 77' lang='grc' dir='ltr'><strong>λέγουσι.</strong></span> <span class='ocrx_word' id='word_1_166' title='bbox 1317 3179 1510 3235; x_wconf 82' lang='lat' dir='ltr'>Codex</span> <span class='ocrx_word' id='word_1_167' title='bbox 1540 3176 1600 3234; x_wconf 71' lang='grc' dir='ltr'><strong>ἐκ</strong></span> 
     </span>
     <span class='ocr_line' id='line_1_29' title="bbox 95 3262 1608 3345; baseline 0.005 -29"><span class='ocrx_word' id='word_1_168' title='bbox 95 3265 153 3316; x_wconf 73' lang='grc' dir='ltr'><strong>τοῦ</strong></span> <span class='ocrx_word' id='word_1_169' title='bbox 170 3262 370 3325; x_wconf 81' lang='grc' dir='ltr'><strong>ἐναντίου</strong></span> <span class='ocrx_word' id='word_1_170' title='bbox 399 3266 454 3325; x_wconf 79' lang='grc' dir='ltr'><strong>δὲ</strong></span> <span class='ocrx_word' id='word_1_171' title='bbox 480 3265 664 3345; x_wconf 80' lang='grc' dir='ltr'><strong>ἄρδειν</strong></span> <span class='ocrx_word' id='word_1_172' title='bbox 693 3266 786 3324; x_wconf 77' lang='grc' dir='ltr'><strong>οὐκ</strong></span> <span class='ocrx_word' id='word_1_173' title='bbox 815 3264 1048 3345; x_wconf 80' lang='grc' dir='ltr'><strong>ἀρδεύειν</strong></span> <span class='ocrx_word' id='word_1_174' title='bbox 1071 3264 1304 3343; x_wconf 82' lang='grc' dir='ltr'><strong>λέγουσι,</strong></span> <span class='ocrx_word' id='word_1_175' title='bbox 1327 3284 1451 3340; x_wconf 80' lang='lat' dir='ltr'><strong>quae</strong></span> <span class='ocrx_word' id='word_1_176' title='bbox 1478 3267 1608 3323; x_wconf 82' lang='lat' dir='ltr'><strong>labe</strong></span> 
     </span>
     <span class='ocr_line' id='line_1_30' title="bbox 95 3348 1604 3425; baseline 0.007 -26"><span class='ocrx_word' id='word_1_177' title='bbox 95 3348 296 3424; x_wconf 68' lang='lat' dir='ltr'><strong>ulspema</strong></span> <span class='ocrx_word' id='word_1_178' title='bbox 322 3374 467 3425; x_wconf 81' lang='lat' dir='ltr'><strong>esse,</strong></span> <span class='ocrx_word' id='word_1_179' title='bbox 500 3373 682 3413; x_wconf 82' lang='lat' dir='ltr'><strong>nemo</strong></span> <span class='ocrx_word' id='word_1_180' title='bbox 709 3353 1064 3425; x_wconf 70' lang='lat' dir='ltr'><strong>infitiabitur,</strong></span> <span class='ocrx_word' id='word_1_181' title='bbox 1093 3356 1178 3411; x_wconf 90' lang='lat' dir='ltr'><strong>De</strong></span> <span class='ocrx_word' id='word_1_182' title='bbox 1201 3376 1236 3411; x_wconf 81' lang='grc' dir='ltr'><strong><em>κ</em></strong></span> <span class='ocrx_word' id='word_1_183' title='bbox 1261 3365 1320 3411; x_wconf 84' lang='lat' dir='ltr'><strong>et</strong></span> <span class='ocrx_word' id='word_1_184' title='bbox 1344 3374 1372 3409; x_wconf 92' lang='grc' dir='ltr'><strong>ν</strong></span> <span class='ocrx_word' id='word_1_185' title='bbox 1403 3354 1604 3410; x_wconf 79' lang='lat' dir='ltr'><strong>confu-</strong></span> 
     </span>
     <span class='ocr_line' id='line_1_31' title="bbox 95 3436 1606 3517; baseline 0.003 -24"><span class='ocrx_word' id='word_1_186' title='bbox 95 3436 140 3491; x_wconf 74' lang='lat' dir='ltr'><strong>u‘s</strong></span> <span class='ocrx_word' id='word_1_187' title='bbox 159 3438 219 3495; x_wconf 83' lang='lat' dir='ltr'><strong>ad</strong></span> <span class='ocrx_word' id='word_1_188' title='bbox 243 3442 306 3501; x_wconf 79' lang='lat' dir='ltr'><strong>fr.</strong></span> <span class='ocrx_word' id='word_1_189' title='bbox 325 3443 434 3515; x_wconf 75' lang='lat'><strong>663</strong></span> <span class='ocrx_word' id='word_1_190' title='bbox 468 3444 542 3501; x_wconf 91' lang='lat' dir='ltr'><strong>de</strong></span> <span class='ocrx_word' id='word_1_191' title='bbox 564 3464 608 3499; x_wconf 81' lang='grc' dir='ltr'><strong>α</strong></span> <span class='ocrx_word' id='word_1_192' title='bbox 628 3453 687 3499; x_wconf 84' lang='lat' dir='ltr'><strong>et</strong></span> <span class='ocrx_word' id='word_1_193' title='bbox 709 3463 770 3499; x_wconf 91' lang='grc' dir='ltr'><strong>ου</strong></span> <span class='ocrx_word' id='word_1_194' title='bbox 813 3454 954 3499; x_wconf 84' lang='lat' dir='ltr'><strong>nota</strong></span> <span class='ocrx_word' id='word_1_195' title='bbox 990 3460 1100 3501; x_wconf 81' lang='lat' dir='ltr'><strong>res,</strong></span> <span class='ocrx_word' id='word_1_196' title='bbox 1135 3442 1326 3498; x_wconf 83' lang='lat' dir='ltr'>Simile</span> <span class='ocrx_word' id='word_1_197' title='bbox 1356 3440 1606 3517; x_wconf 82' lang='grc' dir='ltr'><strong>ἀνάρδευ-</strong></span> 
     </span>
     <span class='ocr_line' id='line_1_32' title="bbox 95 3527 1603 3610; baseline -0.003 -21"><span class='ocrx_word' id='word_1_198' title='bbox 95 3543 162 3589; x_wconf 59' lang='grc' dir='ltr'><strong>ως.</strong></span> <span class='ocrx_word' id='word_1_199' title='bbox 193 3551 212 3577; x_wconf 68' lang='grc' dir='ltr'><strong>α</strong></span> <span class='ocrx_word' id='word_1_200' title='bbox 235 3527 338 3587; x_wconf 82' lang='lat' dir='ltr'><strong>Pro</strong></span> <span class='ocrx_word' id='word_1_201' title='bbox 361 3528 602 3610; x_wconf 77' lang='grc' dir='ltr'><strong>ἀρδεύειν</strong></span> <span class='ocrx_word' id='word_1_202' title='bbox 622 3530 880 3590; x_wconf 83' lang='lat' dir='ltr'><strong>Lobeck.</strong></span> <span class='ocrx_word' id='word_1_203' title='bbox 907 3530 982 3589; x_wconf 84' lang='lat' dir='ltr'><strong>ad</strong></span> <span class='ocrx_word' id='word_1_204' title='bbox 1013 3531 1228 3605; x_wconf 85' lang='lat' dir='ltr'><strong>Phryn.</strong></span> <span class='ocrx_word' id='word_1_205' title='bbox 1253 3548 1312 3605; x_wconf 92' lang='lat' dir='ltr'><strong>p.</strong></span> <span class='ocrx_word' id='word_1_206' title='bbox 1341 3530 1452 3600; x_wconf 87' lang='lat'><strong>763</strong></span> <span class='ocrx_word' id='word_1_207' title='bbox 1478 3549 1603 3586; x_wconf 90' lang='lat' dir='ltr'><strong>cor-</strong></span> 
     </span>
     <span class='ocr_line' id='line_1_33' title="bbox 95 3612 588 3695; baseline 0.01 -23"><span class='ocrx_word' id='word_1_208' title='bbox 95 3612 184 3687; x_wconf 67' lang='lat' dir='ltr'><strong>figit</strong></span> <span class='ocrx_word' id='word_1_209' title='bbox 206 3616 420 3695; x_wconf 76' lang='grc' dir='ltr'><strong>ἀρδείαν.</strong></span> <span class='ocrx_word' id='word_1_210' title='bbox 449 3644 475 3673; x_wconf 74' lang='grc' dir='ltr'><strong>ιι</strong></span> <span class='ocrx_word' id='word_1_211' title='bbox 502 3622 588 3678; x_wconf 86' lang='grc' dir='ltr'><strong>Μ.</strong></span> 
     </span>
    </p>
   </div>
   <div class='ocr_carea' id='block_1_15' title="bbox 735 3732 868 3803">
    <p class='ocr_par' dir='ltr' id='par_1_15' title="bbox 735 3732 868 3803">
     <span class='ocr_line' id='line_1_34' title="bbox 735 3732 868 3803; baseline 0.008 -15"><span class='ocrx_word' id='word_1_212' title='bbox 735 3754 744 3763; x_wconf 91' lang='grc'><em>·</em></span> <span class='ocrx_word' id='word_1_213' title='bbox 774 3732 868 3803; x_wconf 89' lang='lat'><strong>87.</strong></span> 
     </span>
    </p>
   </div>
   <div class='ocr_carea' id='block_1_16' title="bbox 142 3856 1604 3939">
    <p class='ocr_par' dir='ltr' id='par_1_16' title="bbox 142 3856 1604 3939">
     <span class='ocr_line' id='line_1_35' title="bbox 142 3856 1604 3939; baseline 0.004 -28"><span class='ocrx_word' id='word_1_214' title='bbox 142 3856 275 3915; x_wconf 80' lang='lat' dir='ltr'><strong>Idem</strong></span> <span class='ocrx_word' id='word_1_215' title='bbox 297 3880 352 3936; x_wconf 90' lang='lat' dir='ltr'><strong>p.</strong></span> <span class='ocrx_word' id='word_1_216' title='bbox 389 3869 528 3935; x_wconf 82' lang='grc'><strong>427,</strong></span> <span class='ocrx_word' id='word_1_217' title='bbox 556 3882 624 3939; x_wconf 87' lang='grc'><strong>9,</strong></span> <span class='ocrx_word' id='word_1_218' title='bbox 652 3860 884 3923; x_wconf 83' lang='grc' dir='ltr'><strong>Ἀποδι</strong></span> <span class='ocrx_word' id='word_1_219' title='bbox 903 3860 1048 3917; x_wconf 82' lang='grc' dir='ltr'><strong>κεῖν</strong></span> <span class='ocrx_word' id='word_1_220' title='bbox 1084 3877 1100 3920; x_wconf 86' lang='lat'>:</span> <span class='ocrx_word' id='word_1_221' title='bbox 1135 3857 1252 3917; x_wconf 73' lang='grc' dir='ltr'><strong>ἀντὶ</strong></span> <span class='ocrx_word' id='word_1_222' title='bbox 1274 3863 1365 3917; x_wconf 78' lang='grc' dir='ltr'><strong>τοῦ</strong></span> <span class='ocrx_word' id='word_1_223' title='bbox 1409 3858 1604 3917; x_wconf 79' lang='grc' dir='ltr'><strong>ἀπολο-</strong></span> 
     </span>
    </p>
   </div>
   <div class='ocr_carea' id='block_1_17' title="bbox 95 3939 1606 4204">
    <p class='ocr_par' dir='ltr' id='par_1_17' title="bbox 95 3939 1606 4204">
     <span class='ocr_line' id='line_1_36' title="bbox 95 3939 1602 4019; baseline 0.005 -23"><span class='ocrx_word' id='word_1_224' title='bbox 95 3939 260 4011; x_wconf 66' lang='grc' dir='ltr'><strong>γεῖσθαι.</strong></span> <span class='ocrx_word' id='word_1_225' title='bbox 283 3944 436 4016; x_wconf 74' lang='grc' dir='ltr'><strong>οὕτως</strong></span> <span class='ocrx_word' id='word_1_226' title='bbox 457 3946 601 4009; x_wconf 85' lang='grc' dir='ltr'><strong>Ἀντ.</strong></span> <span class='ocrx_word' id='word_1_227' title='bbox 639 3974 664 4001; x_wconf 86' lang='lat'>«</span> <span class='ocrx_word' id='word_1_228' title='bbox 696 3951 789 4007; x_wconf 89' lang='lat' dir='ltr'><strong>Sic</strong></span> <span class='ocrx_word' id='word_1_229' title='bbox 821 3951 994 4007; x_wconf 88' lang='lat' dir='ltr'><strong>etiam</strong></span> <span class='ocrx_word' id='word_1_230' title='bbox 1023 3948 1224 4007; x_wconf 84' lang='lat' dir='ltr'><strong>Suidas</strong></span> <span class='ocrx_word' id='word_1_231' title='bbox 1257 3950 1319 4009; x_wconf 91' lang='lat' dir='ltr'><strong>h.</strong></span> <span class='ocrx_word' id='word_1_232' title='bbox 1351 3968 1446 4018; x_wconf 76' lang='grc' dir='ltr'><strong>ν.;</strong></span> <span class='ocrx_word' id='word_1_233' title='bbox 1482 3948 1602 4019; x_wconf 88' lang='lat' dir='ltr'><strong>sed,</strong></span> 
     </span>
     <span class='ocr_line' id='line_1_37' title="bbox 95 4031 1606 4113; baseline 0.012 -28"><span class='ocrx_word' id='word_1_234' title='bbox 95 4031 246 4101; x_wconf 74' lang='lat' dir='ltr'><strong>quibis</strong></span> <span class='ocrx_word' id='word_1_235' title='bbox 264 4052 387 4092; x_wconf 82' lang='lat' dir='ltr'><strong>usus</strong></span> <span class='ocrx_word' id='word_1_236' title='bbox 414 4046 516 4108; x_wconf 84' lang='lat' dir='ltr'><strong>est,</strong></span> <span class='ocrx_word' id='word_1_237' title='bbox 543 4038 857 4097; x_wconf 82' lang='lat' dir='ltr'><strong>Ruhnken.</strong></span> <span class='ocrx_word' id='word_1_238' title='bbox 893 4040 978 4095; x_wconf 85' lang='lat' dir='ltr'><strong>De</strong></span> <span class='ocrx_word' id='word_1_239' title='bbox 1005 4038 1245 4112; x_wconf 82' lang='lat' dir='ltr'><strong>Antiph.</strong></span> <span class='ocrx_word' id='word_1_240' title='bbox 1278 4056 1338 4113; x_wconf 91' lang='lat' dir='ltr'><strong>p.</strong></span> <span class='ocrx_word' id='word_1_241' title='bbox 1375 4035 1516 4111; x_wconf 79' lang='grc'><strong>248,</strong></span> <span class='ocrx_word' id='word_1_242' title='bbox 1546 4036 1606 4090; x_wconf 73' lang='grc' dir='ltr'><strong>ἱῐὶ</strong></span> 
     </span>
     <span class='ocr_line' id='line_1_38' title="bbox 95 4117 940 4204; baseline 0.018 -37"><span class='ocrx_word' id='word_1_243' title='bbox 95 4117 246 4177; x_wconf 78' lang='lat' dir='ltr'><strong>:odico</strong></span> <span class='ocrx_word' id='word_1_244' title='bbox 269 4122 398 4199; x_wconf 84' lang='lat' dir='ltr'><strong>legit</strong></span> <span class='ocrx_word' id='word_1_245' title='bbox 415 4120 692 4204; x_wconf 82' lang='grc' dir='ltr'><strong>Ἀντιφῶν.</strong></span> <span class='ocrx_word' id='word_1_246' title='bbox 724 4151 752 4176; x_wconf 74' lang='lat'><strong>1·</strong></span> <span class='ocrx_word' id='word_1_247' title='bbox 775 4128 826 4181; x_wconf 84' lang='lat' dir='ltr'><em>E</em></span> <span class='ocrx_word' id='word_1_248' title='bbox 851 4128 940 4182; x_wconf 89' lang='lat' dir='ltr'><strong>M.</strong></span> 
     </span>
    </p>
   </div>
   <div class='ocr_carea' id='block_1_18' title="bbox 771 4252 862 4310">
    <p class='ocr_par' dir='ltr' id='par_1_18' title="bbox 771 4252 862 4310">
     <span class='ocr_line' id='line_1_39' title="bbox 771 4252 862 4310; baseline -0.022 0"><span class='ocrx_word' id='word_1_249' title='bbox 771 4252 862 4310; x_wconf 89' lang='grc'><strong>88.</strong></span> 
     </span>
    </p>
   </div>
   <div class='ocr_carea' id='block_1_19' title="bbox 95 4370 1603 4634">
    <p class='ocr_par' dir='ltr' id='par_1_19' title="bbox 95 4370 1603 4634">
     <span class='ocr_line' id='line_1_40' title="bbox 145 4370 1603 4456; baseline 0.004 -29"><span class='ocrx_word' id='word_1_250' title='bbox 145 4370 348 4433; x_wconf 70' lang='lat' dir='ltr'><strong>photius</strong></span> <span class='ocrx_word' id='word_1_251' title='bbox 387 4380 528 4437; x_wconf 83' lang='lat' dir='ltr'><strong>Lex.</strong></span> <span class='ocrx_word' id='word_1_252' title='bbox 563 4400 628 4456; x_wconf 88' lang='lat' dir='ltr'><strong>p.</strong></span> <span class='ocrx_word' id='word_1_253' title='bbox 665 4378 796 4452; x_wconf 81' lang='lat'>183,</span> <span class='ocrx_word' id='word_1_254' title='bbox 829 4398 932 4451; x_wconf 87' lang='lat'><strong>17,</strong></span> <span class='ocrx_word' id='word_1_255' title='bbox 976 4376 1324 4455; x_wconf 80' lang='grc' dir='ltr'><strong>Κύδαροι;</strong></span> <span class='ocrx_word' id='word_1_256' title='bbox 1357 4374 1603 4455; x_wconf 80' lang='grc' dir='ltr'><strong>πλοιάρια</strong></span> 
     </span>
     <span class='ocr_line' id='line_1_41' title="bbox 95 4450 1602 4549; baseline 0.002 -31"><span class='ocrx_word' id='word_1_257' title='bbox 95 4450 206 4518; x_wconf 64' lang='grc' dir='ltr'><strong>ἷἾα.</strong></span> <span class='ocrx_word' id='word_1_258' title='bbox 229 4466 344 4543; x_wconf 86' lang='grc' dir='ltr'><strong>παρ’</strong></span> <span class='ocrx_word' id='word_1_259' title='bbox 372 4464 664 4549; x_wconf 72' lang='grc' dir='ltr'><strong>Ἀντιφάνει</strong></span> <span class='ocrx_word' id='word_1_260' title='bbox 697 4466 758 4525; x_wconf 82' lang='grc' dir='ltr'><strong>τὸ</strong></span> <span class='ocrx_word' id='word_1_261' title='bbox 796 4466 981 4542; x_wconf 82' lang='grc' dir='ltr'><strong>ὄνομα.</strong></span> <span class='ocrx_word' id='word_1_262' title='bbox 1011 4470 1078 4526; x_wconf 90' lang='lat' dir='ltr'><strong>V.</strong></span> <span class='ocrx_word' id='word_1_263' title='bbox 1123 4470 1374 4542; x_wconf 79' lang='lat' dir='ltr'><strong>interpp.</strong></span> <span class='ocrx_word' id='word_1_264' title='bbox 1411 4467 1602 4521; x_wconf 87' lang='lat' dir='ltr'><strong>Pollu-</strong></span> 
     </span>
     <span class='ocr_line' id='line_1_42' title="bbox 95 4553 1099 4634; baseline 0.008 -25"><span class='ocrx_word' id='word_1_265' title='bbox 95 4559 182 4600; x_wconf 66' lang='lat' dir='ltr'><strong>t¹³¹</strong></span> <span class='ocrx_word' id='word_1_266' title='bbox 193 4555 320 4624; x_wconf 84' lang='grc'><strong>,96,</strong></span> <span class='ocrx_word' id='word_1_267' title='bbox 351 4564 406 4610; x_wconf 87' lang='lat' dir='ltr'><strong>et</strong></span> <span class='ocrx_word' id='word_1_268' title='bbox 434 4556 706 4629; x_wconf 66' lang='lat' dir='ltr'><strong>Haeychii</strong></span> <span class='ocrx_word' id='word_1_269' title='bbox 741 4575 798 4613; x_wconf 83' lang='lat' dir='ltr'><strong>v.</strong></span> <span class='ocrx_word' id='word_1_270' title='bbox 833 4553 1099 4634; x_wconf 76' lang='grc' dir='ltr'><strong>Κύδαρος.</strong></span> 
     </span>
    </p>
   </div>
   <div class='ocr_carea' id='block_1_20' title="bbox 147 4667 1604 4874">
    <p class='ocr_par' dir='ltr' id='par_1_20' title="bbox 147 4667 1546 4874">
     <span class='ocr_line' id='line_1_43' title="bbox 773 4667 871 4744; baseline 0.013 -1"><span class='ocrx_word' id='word_1_271' title='bbox 773 4667 871 4744; x_wconf 85' lang='grc'><strong>89-</strong></span> 
     </span>
     <span class='ocr_line' id='line_1_44' title="bbox 147 4788 1604 4874; baseline 0.008 -32"><span class='ocrx_word' id='word_1_272' title='bbox 147 4788 270 4850; x_wconf 85' lang='lat' dir='ltr'><strong>Ibid.</strong></span> <span class='ocrx_word' id='word_1_273' title='bbox 311 4812 369 4870; x_wconf 85' lang='lat' dir='ltr'><strong>p.</strong></span> <span class='ocrx_word' id='word_1_274' title='bbox 421 4794 582 4873; x_wconf 88' lang='grc'><strong>552,</strong></span> <span class='ocrx_word' id='word_1_275' title='bbox 639 4796 748 4869; x_wconf 91' lang='grc'><strong>25,</strong></span> <span class='ocrx_word' id='word_1_276' title='bbox 793 4795 1151 4857; x_wconf 83' lang='grc' dir='ltr'><strong>Συνέλκειν</strong></span> <span class='ocrx_word' id='word_1_277' title='bbox 1198 4794 1314 4861; x_wconf 78' lang='grc' dir='ltr'><strong>τὰς</strong></span> <span class='ocrx_word' id='word_1_278' title='bbox 1355 4792 1604 4874; x_wconf 70' lang='grc' dir='ltr'><strong>ὀφρῦςε</strong></span> 
     </span>
    </p>
   </div>
   <div class='ocr_carea' id='block_1_21' title="bbox 95 4868 1606 5051">
    <p class='ocr_par' dir='ltr' id='par_1_21' title="bbox 95 4868 1606 5051">
     <span class='ocr_line' id='line_1_45' title="bbox 95 4868 1606 4962; baseline 0.021 -32"><span class='ocrx_word' id='word_1_279' title='bbox 95 4868 172 4929; x_wconf 66' lang='lat' dir='ltr'><strong>foti</strong></span> <span class='ocrx_word' id='word_1_280' title='bbox 197 4884 274 4936; x_wconf 80' lang='grc' dir='ltr'><strong>τοῦ</strong></span> <span class='ocrx_word' id='word_1_281' title='bbox 313 4882 581 4961; x_wconf 80' lang='grc' dir='ltr'><strong>συνάγειν.</strong></span> <span class='ocrx_word' id='word_1_282' title='bbox 611 4882 774 4950; x_wconf 76' lang='grc' dir='ltr'><strong>οὕτως</strong></span> <span class='ocrx_word' id='word_1_283' title='bbox 808 4884 948 4945; x_wconf 78' lang='grc' dir='ltr'><strong>Ἀντ.</strong></span> <span class='ocrx_word' id='word_1_284' title='bbox 987 4882 1302 4961; x_wconf 75' lang='grc' dir='ltr'><strong>«Συνάγειν</strong></span> <span class='ocrx_word' id='word_1_285' title='bbox 1335 4884 1455 4962; x_wconf 73' lang='grc' dir='ltr'><strong>ὀφρ-</strong></span> <span class='ocrx_word' id='word_1_286' title='bbox 1489 4902 1606 4960; x_wconf 66' lang='lat' dir='ltr'><strong>¹1)se</strong></span> 
     </span>
     <span class='ocr_line' id='line_1_46' title="bbox 95 4959 1400 5051; baseline 0.01 -35"><span class='ocrx_word' id='word_1_287' title='bbox 95 4959 188 5017; x_wconf 73' lang='lat' dir='ltr'><strong>Ant.</strong></span> <span class='ocrx_word' id='word_1_288' title='bbox 215 4968 522 5033; x_wconf 82' lang='lat' dir='ltr'><strong>Philotheb.</strong></span> <span class='ocrx_word' id='word_1_289' title='bbox 555 4991 613 5031; x_wconf 89' lang='grc'><strong>2.</strong></span> <span class='ocrx_word' id='word_1_290' title='bbox 651 4976 792 5033; x_wconf 71' lang='lat' dir='ltr'><strong>»M.</strong></span> <span class='ocrx_word' id='word_1_291' title='bbox 817 4976 960 5033; x_wconf 86' lang='lat' dir='ltr'><strong>Item</strong></span> <span class='ocrx_word' id='word_1_292' title='bbox 977 4975 1400 5051; x_wconf 79' lang='lat' dir='ltr'><strong>Aristophanes.</strong></span> 
     </span>
    </p>
   </div>
   <div class='ocr_carea' id='block_1_22' title="bbox 3148 433 3257 481">
    <p class='ocr_par' dir='ltr' id='par_1_22' title="bbox 3148 433 3257 481">
     <span class='ocr_line' id='line_1_47' title="bbox 3148 433 3257 481; baseline 0 -1"><span class='ocrx_word' id='word_1_293' title='bbox 3148 433 3257 481; x_wconf 82' lang='grc'><strong>417</strong></span> 
     </span>
    </p>
   </div>
   <div class='ocr_carea' id='block_1_23' title="bbox 1693 565 3265 915">
    <p class='ocr_par' dir='ltr' id='par_1_23' title="bbox 1693 565 3265 915">
     <span class='ocr_line' id='line_1_48' title="bbox 2432 565 2527 622; baseline -0.011 -18"><span class='ocrx_word' id='word_1_294' title='bbox 2432 565 2527 622; x_wconf 87' lang='lat'><strong>90.</strong></span> 
     </span>
     <span class='ocr_line' id='line_1_49' title="bbox 1772 657 3258 741; baseline 0.001 -25"><span class='ocrx_word' id='word_1_295' title='bbox 1772 659 1862 718; x_wconf 87' lang='lat' dir='ltr'><strong>lb.</strong></span> <span class='ocrx_word' id='word_1_296' title='bbox 1893 679 1955 736; x_wconf 88' lang='grc' dir='ltr'><strong>Ρ.</strong></span> <span class='ocrx_word' id='word_1_297' title='bbox 1988 658 2138 731; x_wconf 83' lang='grc'><strong>605,</strong></span> <span class='ocrx_word' id='word_1_298' title='bbox 2172 678 2271 730; x_wconf 92' lang='grc'><strong>22,</strong></span> <span class='ocrx_word' id='word_1_299' title='bbox 2300 657 2529 740; x_wconf 81' lang='grc' dir='ltr'><strong>Τρίτῳ</strong></span> <span class='ocrx_word' id='word_1_300' title='bbox 2564 658 2675 716; x_wconf 78' lang='grc' dir='ltr'><strong>καὶ</strong></span> <span class='ocrx_word' id='word_1_301' title='bbox 2721 661 3015 741; x_wconf 83' lang='grc' dir='ltr'><strong>τετάρτῳ</strong></span> <span class='ocrx_word' id='word_1_302' title='bbox 3066 659 3211 721; x_wconf 83' lang='grc' dir='ltr'><strong>ἔτει</strong></span> <span class='ocrx_word' id='word_1_303' title='bbox 3244 684 3258 719; x_wconf 75' lang='lat' dir='ltr'>z</span> 
     </span>
     <span class='ocr_line' id='line_1_50' title="bbox 1693 746 3260 828; baseline -0.001 -19"><span class='ocrx_word' id='word_1_304' title='bbox 1693 746 1810 809; x_wconf 78' lang='grc' dir='ltr'><strong>ἅντὶ</strong></span> <span class='ocrx_word' id='word_1_305' title='bbox 1835 751 1929 806; x_wconf 76' lang='grc' dir='ltr'><strong>τοῦ</strong></span> <span class='ocrx_word' id='word_1_306' title='bbox 1964 746 2067 827; x_wconf 81' lang='grc' dir='ltr'><strong>πρὸ</strong></span> <span class='ocrx_word' id='word_1_307' title='bbox 2109 750 2266 828; x_wconf 77' lang='grc' dir='ltr'><strong>τριῶν</strong></span> <span class='ocrx_word' id='word_1_308' title='bbox 2311 748 2403 807; x_wconf 76' lang='grc' dir='ltr'><strong>καὶ</strong></span> <span class='ocrx_word' id='word_1_309' title='bbox 2448 747 2711 826; x_wconf 85' lang='grc' dir='ltr'><strong>τεττάρων</strong></span> <span class='ocrx_word' id='word_1_310' title='bbox 2752 750 2901 806; x_wconf 81' lang='grc' dir='ltr'><strong>ἐτῶν.</strong></span> <span class='ocrx_word' id='word_1_311' title='bbox 2934 750 3094 816; x_wconf 76' lang='grc' dir='ltr'><strong>οὕτως</strong></span> <span class='ocrx_word' id='word_1_312' title='bbox 3122 749 3260 810; x_wconf 85' lang='grc' dir='ltr'><strong>Ἀντ.</strong></span> 
     </span>
     <span class='ocr_line' id='line_1_51' title="bbox 1695 835 3265 915; baseline 0.002 -22.091"><span class='ocrx_word' id='word_1_313' title='bbox 1695 837 1834 893; x_wconf 75' lang='lat' dir='ltr'><strong>«sic</strong></span> <span class='ocrx_word' id='word_1_314' title='bbox 1867 837 2040 894; x_wconf 76' lang='lat' dir='ltr'><strong>etiam</strong></span> <span class='ocrx_word' id='word_1_315' title='bbox 2078 837 2285 894; x_wconf 84' lang='lat' dir='ltr'><strong>Suidas</strong></span> <span class='ocrx_word' id='word_1_316' title='bbox 2307 857 2364 893; x_wconf 80' lang='lat' dir='ltr'><strong>v.</strong></span> <span class='ocrx_word' id='word_1_317' title='bbox 2397 835 2608 915; x_wconf 81' lang='grc' dir='ltr'><strong>Τρίτῳ,</strong></span> <span class='ocrx_word' id='word_1_318' title='bbox 2636 839 2739 894; x_wconf 85' lang='lat' dir='ltr'><strong>ubi</strong></span> <span class='ocrx_word' id='word_1_319' title='bbox 2768 839 2961 896; x_wconf 87' lang='lat' dir='ltr'><strong>eadem</strong></span> <span class='ocrx_word' id='word_1_320' title='bbox 2985 840 3265 914; x_wconf 81' lang='lat' dir='ltr'><strong>leguntur,</strong></span> 
     </span>
    </p>
   </div>
   <div class='ocr_carea' id='block_1_24' title="bbox 1693 920 3261 1090">
    <p class='ocr_par' dir='ltr' id='par_1_24' title="bbox 1693 920 3261 1090">
     <span class='ocr_line' id='line_1_52' title="bbox 1699 920 3261 1001; baseline 0.003 -23.023"><span class='ocrx_word' id='word_1_321' title='bbox 1699 920 2024 1001; x_wconf 76' lang='grc' dir='ltr'><strong>Ἀντιφάνης.</strong></span> <span class='ocrx_word' id='word_1_322' title='bbox 2054 923 2250 983; x_wconf 84' lang='lat' dir='ltr'><strong>Codex</strong></span> <span class='ocrx_word' id='word_1_323' title='bbox 2270 925 2459 982; x_wconf 85' lang='lat' dir='ltr'><strong>Photii</strong></span> <span class='ocrx_word' id='word_1_324' title='bbox 2481 923 2861 1001; x_wconf 50' lang='lat' dir='ltr'><strong>dvtupmunde</strong></span> <span class='ocrx_word' id='word_1_325' title='bbox 2891 927 3131 985; x_wconf 77' lang='lat' dir='ltr'><strong>Person.</strong></span> <span class='ocrx_word' id='word_1_326' title='bbox 3150 925 3261 986; x_wconf 80' lang='grc' dir='ltr'><strong>Ἀν-</strong></span> 
     </span>
     <span class='ocr_line' id='line_1_53' title="bbox 1693 1011 2799 1090; baseline -0.005 -24"><span class='ocrx_word' id='word_1_327' title='bbox 1693 1011 1878 1090; x_wconf 74' lang='grc' dir='ltr'><strong>τιιρῶν.</strong></span> <span class='ocrx_word' id='word_1_328' title='bbox 1914 1035 1938 1060; x_wconf 77' lang='lat'><strong>¹·</strong></span> <span class='ocrx_word' id='word_1_329' title='bbox 1964 1012 2015 1064; x_wconf 78' lang='lat' dir='ltr'><em>E</em></span> <span class='ocrx_word' id='word_1_330' title='bbox 2034 1013 2121 1068; x_wconf 87' lang='lat' dir='ltr'><strong>M.</strong></span> <span class='ocrx_word' id='word_1_331' title='bbox 2782 1049 2799 1060; x_wconf 97' lang='lat'><strong>.</strong></span> 
     </span>
    </p>
   </div>
   <div class='ocr_carea' id='block_1_25' title="bbox 2428 1143 2525 1199">
    <p class='ocr_par' dir='ltr' id='par_1_25' title="bbox 2428 1143 2525 1199">
     <span class='ocr_line' id='line_1_54' title="bbox 2428 1143 2525 1199; baseline 0.01 -18"><span class='ocrx_word' id='word_1_332' title='bbox 2428 1143 2525 1199; x_wconf 87' lang='lat'><strong>91·</strong></span> 
     </span>
    </p>
   </div>
   <div class='ocr_carea' id='block_1_26' title="bbox 1691 1251 3267 1505">
    <p class='ocr_par' dir='ltr' id='par_1_26' title="bbox 1691 1251 3267 1505">
     <span class='ocr_line' id='line_1_55' title="bbox 1773 1251 3267 1332; baseline 0.002 -25"><span class='ocrx_word' id='word_1_333' title='bbox 1773 1253 1862 1307; x_wconf 85' lang='lat' dir='ltr'><strong>lh.</strong></span> <span class='ocrx_word' id='word_1_334' title='bbox 1889 1271 1949 1326; x_wconf 91' lang='lat' dir='ltr'><strong>p.</strong></span> <span class='ocrx_word' id='word_1_335' title='bbox 1988 1251 2132 1327; x_wconf 90' lang='grc'><strong>624,</strong></span> <span class='ocrx_word' id='word_1_336' title='bbox 2172 1253 2266 1322; x_wconf 90' lang='grc' dir='ltr'><strong>ι6,</strong></span> <span class='ocrx_word' id='word_1_337' title='bbox 2292 1265 2351 1308; x_wconf 87' lang='lat' dir='ltr'><strong>et</strong></span> <span class='ocrx_word' id='word_1_338' title='bbox 2376 1255 2602 1324; x_wconf 84' lang='lat' dir='ltr'><strong>Suidas,</strong></span> <span class='ocrx_word' id='word_1_339' title='bbox 2635 1251 3047 1332; x_wconf 80' lang='grc' dir='ltr'><strong>Ὑπέρχολος</strong></span> <span class='ocrx_word' id='word_1_340' title='bbox 3096 1255 3267 1329; x_wconf 85' lang='grc' dir='ltr'><strong>γενό-</strong></span> 
     </span>
     <span class='ocr_line' id='line_1_56' title="bbox 1695 1339 3266 1418; baseline 0.001 -22"><span class='ocrx_word' id='word_1_341' title='bbox 1695 1361 1887 1414; x_wconf 86' lang='grc' dir='ltr'><strong>μενος</strong></span> <span class='ocrx_word' id='word_1_342' title='bbox 1912 1359 1925 1394; x_wconf 92' lang='lat'>:</span> <span class='ocrx_word' id='word_1_343' title='bbox 1952 1339 2065 1399; x_wconf 74' lang='grc' dir='ltr'><strong>ἀντὶ</strong></span> <span class='ocrx_word' id='word_1_344' title='bbox 2089 1344 2179 1397; x_wconf 77' lang='grc' dir='ltr'><strong>τοῦ</strong></span> <span class='ocrx_word' id='word_1_345' title='bbox 2204 1339 2728 1418; x_wconf 77' lang='grc' dir='ltr'><strong>ὑπεραγανακτήσας.</strong></span> <span class='ocrx_word' id='word_1_346' title='bbox 2746 1339 2909 1408; x_wconf 75' lang='grc' dir='ltr'><strong>οὕτως</strong></span> <span class='ocrx_word' id='word_1_347' title='bbox 2932 1339 3067 1401; x_wconf 85' lang='grc' dir='ltr'><strong>Ἄντ.</strong></span> <span class='ocrx_word' id='word_1_348' title='bbox 3094 1344 3266 1415; x_wconf 79' lang='lat' dir='ltr'>Cujus</span> 
     </span>
     <span class='ocr_line' id='line_1_57' title="bbox 1691 1429 3177 1505; baseline 0.003 -21"><span class='ocrx_word' id='word_1_349' title='bbox 1691 1431 1923 1484; x_wconf 87' lang='lat' dir='ltr'><strong>nomine</strong></span> <span class='ocrx_word' id='word_1_350' title='bbox 1952 1431 2155 1485; x_wconf 85' lang='lat' dir='ltr'><strong>omisso</strong></span> <span class='ocrx_word' id='word_1_351' title='bbox 2182 1429 2359 1486; x_wconf 80' lang='lat' dir='ltr'><strong>habet</strong></span> <span class='ocrx_word' id='word_1_352' title='bbox 2387 1432 2555 1486; x_wconf 81' lang='lat' dir='ltr'><strong>etiam</strong></span> <span class='ocrx_word' id='word_1_353' title='bbox 2587 1433 2823 1490; x_wconf 84' lang='lat' dir='ltr'><strong>Antiatt.</strong></span> <span class='ocrx_word' id='word_1_354' title='bbox 2854 1449 2917 1505; x_wconf 89' lang='lat' dir='ltr'><strong>p.</strong></span> <span class='ocrx_word' id='word_1_355' title='bbox 2956 1451 2977 1486; x_wconf 88' lang='lat'>1</span> <span class='ocrx_word' id='word_1_356' title='bbox 2996 1429 3088 1500; x_wconf 88' lang='lat'><strong>15,</strong></span> <span class='ocrx_word' id='word_1_357' title='bbox 3120 1451 3177 1489; x_wconf 83' lang='grc'><strong>2.</strong></span> 
     </span>
    </p>
   </div>
   <div class='ocr_carea' id='block_1_27' title="bbox 2443 1581 2541 1638">
    <p class='ocr_par' dir='ltr' id='par_1_27' title="bbox 2443 1581 2541 1638">
     <span class='ocr_line' id='line_1_58' title="bbox 2443 1581 2541 1638; baseline 0.031 -20"><span class='ocrx_word' id='word_1_358' title='bbox 2443 1581 2541 1638; x_wconf 90' lang='grc'><strong>92.</strong></span> 
     </span>
    </p>
   </div>
   <div class='ocr_carea' id='block_1_28' title="bbox 1773 1673 3393 1753">
    <p class='ocr_par' dir='ltr' id='par_1_28' title="bbox 1773 1673 3393 1753">
     <span class='ocr_line' id='line_1_59' title="bbox 1773 1673 3393 1753; baseline 0.001 -22"><span class='ocrx_word' id='word_1_359' title='bbox 1773 1675 2007 1747; x_wconf 74' lang='grc' dir='ltr'><strong>81ιίᾶιιε,</strong></span> <span class='ocrx_word' id='word_1_360' title='bbox 2039 1673 2503 1753; x_wconf 66' lang='grc' dir='ltr'><strong>Ἀλουργιαῖον</strong></span> <span class='ocrx_word' id='word_1_361' title='bbox 2542 1699 2555 1732; x_wconf 89' lang='lat'>:</span> <span class='ocrx_word' id='word_1_362' title='bbox 2590 1675 2707 1733; x_wconf 79' lang='grc' dir='ltr'><strong>ἀντὶ</strong></span> <span class='ocrx_word' id='word_1_363' title='bbox 2746 1682 2837 1735; x_wconf 75' lang='grc' dir='ltr'><strong>τοῦ</strong></span> <span class='ocrx_word' id='word_1_364' title='bbox 2874 1673 3140 1753; x_wconf 82' lang='grc' dir='ltr'><strong>ἁλουργές.</strong></span> <span class='ocrx_word' id='word_1_365' title='bbox 3175 1675 3263 1732; x_wconf 77' lang='grc' dir='ltr'><strong>οὔ-</strong></span> <span class='ocrx_word' id='word_1_366' title='bbox 3386 1687 3393 1694; x_wconf 86' lang='grc'><strong><em>’</em></strong></span> 
     </span>
    </p>
   </div>
   <div class='ocr_carea' id='block_1_29' title="bbox 1688 1758 3263 2102">
    <p class='ocr_par' dir='ltr' id='par_1_29' title="bbox 1688 1758 3263 2102">
     <span class='ocr_line' id='line_1_60' title="bbox 1692 1758 3259 1840; baseline -0.001 -20"><span class='ocrx_word' id='word_1_367' title='bbox 1692 1787 1794 1830; x_wconf 91' lang='grc' dir='ltr'><strong>τως</strong></span> <span class='ocrx_word' id='word_1_368' title='bbox 1816 1758 1953 1822; x_wconf 84' lang='grc' dir='ltr'><strong>Ἀντ.</strong></span> <span class='ocrx_word' id='word_1_369' title='bbox 1985 1789 2009 1814; x_wconf 74' lang='grc' dir='ltr'><strong>α</strong></span> <span class='ocrx_word' id='word_1_370' title='bbox 2034 1763 2247 1820; x_wconf 85' lang='lat' dir='ltr'><strong>Eadem</strong></span> <span class='ocrx_word' id='word_1_371' title='bbox 2263 1783 2497 1840; x_wconf 80' lang='lat' dir='ltr'><strong>gramm.</strong></span> <span class='ocrx_word' id='word_1_372' title='bbox 2518 1766 2757 1822; x_wconf 80' lang='lat' dir='ltr'><strong>Bekkeri</strong></span> <span class='ocrx_word' id='word_1_373' title='bbox 2785 1766 3004 1822; x_wconf 78' lang='lat' dir='ltr'><strong>Anecd.</strong></span> <span class='ocrx_word' id='word_1_374' title='bbox 3038 1784 3098 1838; x_wconf 88' lang='grc' dir='ltr'><strong>Ρ.</strong></span> <span class='ocrx_word' id='word_1_375' title='bbox 3126 1764 3259 1832; x_wconf 83' lang='lat'>380,</span> 
     </span>
     <span class='ocr_line' id='line_1_61' title="bbox 1700 1847 3263 1928; baseline -0.001 -23"><span class='ocrx_word' id='word_1_376' title='bbox 1700 1869 1722 1905; x_wconf 86' lang='lat'>1</span> <span class='ocrx_word' id='word_1_377' title='bbox 1737 1857 1790 1920; x_wconf 92' lang='grc'><strong>4,</strong></span> <span class='ocrx_word' id='word_1_378' title='bbox 1805 1851 1903 1906; x_wconf 87' lang='lat' dir='ltr'><strong>uhi</strong></span> <span class='ocrx_word' id='word_1_379' title='bbox 1926 1850 2142 1906; x_wconf 87' lang='lat' dir='ltr'><strong>editum</strong></span> <span class='ocrx_word' id='word_1_380' title='bbox 2154 1847 2539 1928; x_wconf 76' lang='grc' dir='ltr'><strong>Ἀριστοφάνης.</strong></span> <span class='ocrx_word' id='word_1_381' title='bbox 2559 1853 2791 1909; x_wconf 76' lang='lat' dir='ltr'><strong>Usitatae</strong></span> <span class='ocrx_word' id='word_1_382' title='bbox 2809 1853 3054 1906; x_wconf 85' lang='lat' dir='ltr'><strong>nominis</strong></span> <span class='ocrx_word' id='word_1_383' title='bbox 3070 1852 3263 1906; x_wconf 82' lang='lat' dir='ltr'><strong>formae</strong></span> 
     </span>
     <span class='ocr_line' id='line_1_62' title="bbox 1691 1935 3259 2017; baseline 0 -23"><span class='ocrx_word' id='word_1_384' title='bbox 1691 1947 1822 1994; x_wconf 84' lang='lat' dir='ltr'><strong>sunt</strong></span> <span class='ocrx_word' id='word_1_385' title='bbox 1845 1935 2096 2014; x_wconf 83' lang='grc' dir='ltr'><strong>ἇλουργὸς</strong></span> <span class='ocrx_word' id='word_1_386' title='bbox 2142 1949 2197 1996; x_wconf 84' lang='lat' dir='ltr'><strong>et</strong></span> <span class='ocrx_word' id='word_1_387' title='bbox 2223 1935 2501 2017; x_wconf 82' lang='grc' dir='ltr'><strong>ἇλουργής.</strong></span> <span class='ocrx_word' id='word_1_388' title='bbox 2546 1943 2614 1997; x_wconf 89' lang='lat' dir='ltr'><strong>V.</strong></span> <span class='ocrx_word' id='word_1_389' title='bbox 2656 1940 2910 1998; x_wconf 83' lang='lat' dir='ltr'><strong>Lobeck.</strong></span> <span class='ocrx_word' id='word_1_390' title='bbox 2946 1939 3018 1995; x_wconf 86' lang='lat' dir='ltr'><strong>ad</strong></span> <span class='ocrx_word' id='word_1_391' title='bbox 3050 1940 3259 2012; x_wconf 75' lang='lat' dir='ltr'><strong>Pin-yn.</strong></span> 
     </span>
     <span class='ocr_line' id='line_1_63' title="bbox 1688 2024 2183 2102; baseline -0.004 -16"><span class='ocrx_word' id='word_1_392' title='bbox 1688 2045 1752 2102; x_wconf 87' lang='lat' dir='ltr'><strong>p.</strong></span> <span class='ocrx_word' id='word_1_393' title='bbox 1791 2024 1921 2085; x_wconf 83' lang='lat'><strong>185.</strong></span> <span class='ocrx_word' id='word_1_394' title='bbox 1955 2050 1977 2076; x_wconf 73' lang='grc' dir='ltr'><strong>υ</strong></span> <span class='ocrx_word' id='word_1_395' title='bbox 2006 2029 2183 2084; x_wconf 61' lang='lat' dir='ltr'><strong>blein.</strong></span> 
     </span>
    </p>
   </div>
   <div class='ocr_carea' id='block_1_30' title="bbox 2428 2137 2530 2212">
    <p class='ocr_par' dir='ltr' id='par_1_30' title="bbox 2428 2137 2530 2212">
     <span class='ocr_line' id='line_1_64' title="bbox 2428 2137 2530 2212; baseline 0.02 -18"><span class='ocrx_word' id='word_1_396' title='bbox 2428 2137 2530 2212; x_wconf 85' lang='lat'><strong>93.</strong></span> 
     </span>
    </p>
   </div>
   <div class='ocr_carea' id='block_1_31' title="bbox 1692 2245 3260 2434">
    <p class='ocr_par' dir='ltr' id='par_1_31' title="bbox 1692 2245 3260 2434">
     <span class='ocr_line' id='line_1_65' title="bbox 1769 2245 3260 2348; baseline -0.007 -22"><span class='ocrx_word' id='word_1_397' title='bbox 1769 2245 1933 2328; x_wconf 62' lang='lat' dir='ltr'><strong>idem</strong></span> <span class='ocrx_word' id='word_1_398' title='bbox 1962 2280 2019 2326; x_wconf 88' lang='lat' dir='ltr'><strong>et</strong></span> <span class='ocrx_word' id='word_1_399' title='bbox 2048 2273 2295 2328; x_wconf 82' lang='lat' dir='ltr'><strong>Zonaras</strong></span> <span class='ocrx_word' id='word_1_400' title='bbox 2323 2273 2461 2328; x_wconf 83' lang='lat' dir='ltr'><strong>Lex.</strong></span> <span class='ocrx_word' id='word_1_401' title='bbox 2495 2289 2516 2325; x_wconf 91' lang='lat'>1</span> <span class='ocrx_word' id='word_1_402' title='bbox 2544 2312 2561 2342; x_wconf 85' lang='lat'>‚</span> <span class='ocrx_word' id='word_1_403' title='bbox 2594 2287 2657 2344; x_wconf 91' lang='lat' dir='ltr'><strong>p.</strong></span> <span class='ocrx_word' id='word_1_404' title='bbox 2691 2277 2792 2336; x_wconf 86' lang='grc' dir='ltr'><strong>ι4ι</strong></span> <span class='ocrx_word' id='word_1_405' title='bbox 2816 2311 2831 2338; x_wconf 88' lang='grc'><strong>,</strong></span> <span class='ocrx_word' id='word_1_406' title='bbox 2858 2265 3260 2348; x_wconf 76' lang='grc' dir='ltr'><strong>Ἀμαρτυρή.</strong></span> 
     </span>
     <span class='ocr_line' id='line_1_66' title="bbox 1692 2353 2898 2434; baseline -0.003 -20"><span class='ocrx_word' id='word_1_407' title='bbox 1692 2378 1841 2422; x_wconf 83' lang='grc' dir='ltr'><strong>τους</strong></span> <span class='ocrx_word' id='word_1_408' title='bbox 1878 2375 1891 2414; x_wconf 86' lang='lat'><strong>:</strong></span> <span class='ocrx_word' id='word_1_409' title='bbox 1927 2355 2042 2414; x_wconf 75' lang='grc' dir='ltr'><strong>ἀντὶ</strong></span> <span class='ocrx_word' id='word_1_410' title='bbox 2066 2361 2156 2414; x_wconf 76' lang='grc' dir='ltr'><strong>τοῦ</strong></span> <span class='ocrx_word' id='word_1_411' title='bbox 2187 2353 2537 2434; x_wconf 77' lang='grc' dir='ltr'><strong>ἀμαρτύρους.</strong></span> <span class='ocrx_word' id='word_1_412' title='bbox 2572 2353 2733 2421; x_wconf 73' lang='grc' dir='ltr'><strong>οὕτως</strong></span> <span class='ocrx_word' id='word_1_413' title='bbox 2762 2353 2898 2414; x_wconf 83' lang='grc' dir='ltr'><strong>Ἀντ.</strong></span> 
     </span>
    </p>
   </div>
   <div class='ocr_carea' id='block_1_32' title="bbox 2429 2495 2529 2560">
    <p class='ocr_par' dir='ltr' id='par_1_32' title="bbox 2429 2495 2529 2560">
     <span class='ocr_line' id='line_1_67' title="bbox 2429 2495 2529 2560; baseline -0.15 1"><span class='ocrx_word' id='word_1_414' title='bbox 2429 2495 2529 2560; x_wconf 78' lang='lat'><strong>94.</strong></span> 
     </span>
    </p>
   </div>
   <div class='ocr_carea' id='block_1_33' title="bbox 1693 2595 3266 2949">
    <p class='ocr_par' dir='ltr' id='par_1_33' title="bbox 1693 2595 3266 2949">
     <span class='ocr_line' id='line_1_68' title="bbox 1775 2595 3266 2682; baseline -0.002 -18"><span class='ocrx_word' id='word_1_415' title='bbox 1775 2608 2033 2666; x_wconf 82' lang='lat' dir='ltr'><strong>Eustath.</strong></span> <span class='ocrx_word' id='word_1_416' title='bbox 2067 2607 2140 2663; x_wconf 87' lang='lat' dir='ltr'><strong>ad</strong></span> <span class='ocrx_word' id='word_1_417' title='bbox 2171 2607 2340 2666; x_wconf 75' lang='lat' dir='ltr'><strong>Iliad.</strong></span> <span class='ocrx_word' id='word_1_418' title='bbox 2364 2626 2427 2682; x_wconf 91' lang='lat' dir='ltr'><strong>p.</strong></span> <span class='ocrx_word' id='word_1_419' title='bbox 2468 2613 2575 2678; x_wconf 78' lang='lat'><strong>741</strong></span> <span class='ocrx_word' id='word_1_420' title='bbox 2601 2649 2617 2676; x_wconf 91' lang='lat'>,</span> <span class='ocrx_word' id='word_1_421' title='bbox 2662 2621 2775 2679; x_wconf 80' lang='lat'><strong>29:</strong></span> <span class='ocrx_word' id='word_1_422' title='bbox 2806 2601 2886 2661; x_wconf 82' lang='grc' dir='ltr'><strong>διὸ</strong></span> <span class='ocrx_word' id='word_1_423' title='bbox 2918 2601 3009 2662; x_wconf 80' lang='grc' dir='ltr'><strong>καὶ</strong></span> <span class='ocrx_word' id='word_1_424' title='bbox 3038 2595 3266 2682; x_wconf 76' lang='grc' dir='ltr'><strong>κασωρὶς</strong></span> 
     </span>
     <span class='ocr_line' id='line_1_69' title="bbox 1693 2689 3264 2774; baseline -0.003 -21"><span class='ocrx_word' id='word_1_425' title='bbox 1693 2698 1728 2766; x_wconf 77' lang='grc' dir='ltr'>ἦ</span> <span class='ocrx_word' id='word_1_426' title='bbox 1759 2695 1927 2774; x_wconf 86' lang='grc' dir='ltr'><strong>πόρνη</strong></span> <span class='ocrx_word' id='word_1_427' title='bbox 1955 2693 2043 2752; x_wconf 77' lang='grc' dir='ltr'><strong>διὰ</strong></span> <span class='ocrx_word' id='word_1_428' title='bbox 2069 2693 2129 2751; x_wconf 83' lang='grc' dir='ltr'><strong>τὸ</strong></span> <span class='ocrx_word' id='word_1_429' title='bbox 2156 2693 2345 2766; x_wconf 81' lang='grc' dir='ltr'><strong>κάσαι,</strong></span> <span class='ocrx_word' id='word_1_430' title='bbox 2372 2693 2403 2750; x_wconf 85' lang='grc'><strong>8</strong></span> <span class='ocrx_word' id='word_1_431' title='bbox 2438 2693 2551 2752; x_wconf 75' lang='grc' dir='ltr'><strong>ἐστι</strong></span> <span class='ocrx_word' id='word_1_432' title='bbox 2579 2697 2870 2768; x_wconf 78' lang='grc' dir='ltr'><strong>κοσμῆσαι,</strong></span> <span class='ocrx_word' id='word_1_433' title='bbox 2900 2689 2997 2763; x_wconf 77' lang='grc' dir='ltr'><strong>τὴν</strong></span> <span class='ocrx_word' id='word_1_434' title='bbox 3037 2689 3181 2771; x_wconf 81' lang='grc' dir='ltr'><strong>ὥραν</strong></span> <span class='ocrx_word' id='word_1_435' title='bbox 3204 2692 3264 2749; x_wconf 77' lang='grc' dir='ltr'><strong>οὗ</strong></span> 
     </span>
     <span class='ocr_line' id='line_1_70' title="bbox 1696 2777 3265 2860; baseline -0.003 -19"><span class='ocrx_word' id='word_1_436' title='bbox 1696 2781 1929 2849; x_wconf 85' lang='grc' dir='ltr'><strong>δεόντως.</strong></span> <span class='ocrx_word' id='word_1_437' title='bbox 1956 2780 2093 2843; x_wconf 79' lang='grc' dir='ltr'><strong>Ἀντ.</strong></span> <span class='ocrx_word' id='word_1_438' title='bbox 2126 2781 2206 2854; x_wconf 66' lang='grc' dir='ltr'><strong>δὲ,</strong></span> <span class='ocrx_word' id='word_1_439' title='bbox 2232 2780 2380 2860; x_wconf 68' lang='grc' dir='ltr'><strong>φασὶ,</strong></span> <span class='ocrx_word' id='word_1_440' title='bbox 2405 2801 2585 2838; x_wconf 83' lang='grc' dir='ltr'><strong>κασω</strong></span> <span class='ocrx_word' id='word_1_441' title='bbox 2602 2782 2705 2858; x_wconf 86' lang='grc' dir='ltr'><strong>ρῒτ</strong></span> <span class='ocrx_word' id='word_1_442' title='bbox 2723 2803 2775 2836; x_wconf 90' lang='grc' dir='ltr'><strong>ιν</strong></span> <span class='ocrx_word' id='word_1_443' title='bbox 2814 2777 2914 2858; x_wconf 83' lang='grc' dir='ltr'><strong>ἔφη</strong></span> <span class='ocrx_word' id='word_1_444' title='bbox 2942 2777 3035 2850; x_wconf 79' lang='grc' dir='ltr'><strong>τὴν</strong></span> <span class='ocrx_word' id='word_1_445' title='bbox 3066 2779 3155 2838; x_wconf 74' lang='grc' dir='ltr'><strong>ἐπὶ</strong></span> <span class='ocrx_word' id='word_1_446' title='bbox 3181 2779 3265 2836; x_wconf 82' lang='grc' dir='ltr'><strong>τέ-</strong></span> 
     </span>
     <span class='ocr_line' id='line_1_71' title="bbox 1693 2867 3261 2949; baseline 0.001 -24"><span class='ocrx_word' id='word_1_447' title='bbox 1693 2891 1812 2949; x_wconf 79' lang='grc' dir='ltr'><strong>γους</strong></span> <span class='ocrx_word' id='word_1_448' title='bbox 1863 2869 2225 2949; x_wconf 80' lang='grc' dir='ltr'><strong>προεστῶσαν.</strong></span> <span class='ocrx_word' id='word_1_449' title='bbox 2274 2872 2341 2929; x_wconf 85' lang='lat' dir='ltr'><strong>V.</strong></span> <span class='ocrx_word' id='word_1_450' title='bbox 2386 2888 2415 2924; x_wconf 79' lang='lat' dir='ltr'><strong>a</strong></span> <span class='ocrx_word' id='word_1_451' title='bbox 2448 2869 2617 2927; x_wconf 85' lang='lat' dir='ltr'><strong>Mein.</strong></span> <span class='ocrx_word' id='word_1_452' title='bbox 2668 2867 2961 2925; x_wconf 82' lang='lat' dir='ltr'><strong>laudatum</strong></span> <span class='ocrx_word' id='word_1_453' title='bbox 3006 2868 3261 2927; x_wconf 82' lang='lat' dir='ltr'><strong>Lobeck.</strong></span> 
     </span>
    </p>
   </div>
   <div class='ocr_carea' id='block_1_34' title="bbox 1695 2956 2504 3036">
    <p class='ocr_par' dir='ltr' id='par_1_34' title="bbox 1695 2956 2504 3036">
     <span class='ocr_line' id='line_1_72' title="bbox 1695 2956 2504 3036; baseline -0.01 -17"><span class='ocrx_word' id='word_1_454' title='bbox 1695 2962 1878 3019; x_wconf 86' lang='lat' dir='ltr'><strong>Paral.</strong></span> <span class='ocrx_word' id='word_1_455' title='bbox 1903 2978 2141 3036; x_wconf 79' lang='lat' dir='ltr'><strong>gramm.</strong></span> <span class='ocrx_word' id='word_1_456' title='bbox 2174 2980 2237 3035; x_wconf 87' lang='lat' dir='ltr'><strong>p.</strong></span> <span class='ocrx_word' id='word_1_457' title='bbox 2276 2958 2371 3032; x_wconf 83' lang='lat'><strong>30,</strong></span> <span class='ocrx_word' id='word_1_458' title='bbox 2410 2956 2504 3018; x_wconf 81' lang='lat'><strong>31.</strong></span> 
     </span>
    </p>
   </div>
   <div class='ocr_carea' id='block_1_35' title="bbox 1695 3186 3266 3538">
    <p class='ocr_par' dir='ltr' id='par_1_35' title="bbox 1695 3186 3266 3538">
     <span class='ocr_line' id='line_1_73' title="bbox 1775 3186 3266 3271; baseline -0.005 -14"><span class='ocrx_word' id='word_1_459' title='bbox 1775 3200 2059 3257; x_wconf 79' lang='lat' dir='ltr'><strong>zenobius</strong></span> <span class='ocrx_word' id='word_1_460' title='bbox 2090 3197 2251 3255; x_wconf 78' lang='lat' dir='ltr'><strong>Cent.</strong></span> <span class='ocrx_word' id='word_1_461' title='bbox 2303 3196 2362 3265; x_wconf 90' lang='grc'><strong>6,</strong></span> <span class='ocrx_word' id='word_1_462' title='bbox 2406 3196 2480 3261; x_wconf 81' lang='grc'><strong>34</strong></span> <span class='ocrx_word' id='word_1_463' title='bbox 2532 3215 2544 3245; x_wconf 85' lang='lat'><em>=</em></span> <span class='ocrx_word' id='word_1_464' title='bbox 2576 3186 2909 3271; x_wconf 79' lang='grc' dir='ltr'><strong>Ἀλεκτρυών</strong></span> <span class='ocrx_word' id='word_1_465' title='bbox 2948 3213 3025 3257; x_wconf 87' lang='grc' dir='ltr'><strong>τις</strong></span> <span class='ocrx_word' id='word_1_466' title='bbox 3064 3189 3266 3269; x_wconf 77' lang='grc' dir='ltr'><strong>ἐγένετο</strong></span> 
     </span>
     <span class='ocr_line' id='line_1_74' title="bbox 1695 3276 3265 3362; baseline -0.006 -18"><span class='ocrx_word' id='word_1_467' title='bbox 1695 3284 1975 3349; x_wconf 83' lang='grc' dir='ltr'><strong>Φιλίππου</strong></span> <span class='ocrx_word' id='word_1_468' title='bbox 2014 3282 2340 3362; x_wconf 76' lang='grc' dir='ltr'><strong>στρατηγὸς,</strong></span> <span class='ocrx_word' id='word_1_469' title='bbox 2378 3278 2435 3337; x_wconf 82' lang='grc' dir='ltr'><strong>ὃν</strong></span> <span class='ocrx_word' id='word_1_470' title='bbox 2466 3280 2787 3352; x_wconf 77' lang='grc' dir='ltr'><strong>ἀπέκτανεν,</strong></span> <span class='ocrx_word' id='word_1_471' title='bbox 2832 3276 2905 3343; x_wconf 78' lang='grc' dir='ltr'><strong>ὥς</strong></span> <span class='ocrx_word' id='word_1_472' title='bbox 2947 3298 3109 3355; x_wconf 81' lang='grc' dir='ltr'><strong>φασι,</strong></span> <span class='ocrx_word' id='word_1_473' title='bbox 3144 3276 3265 3337; x_wconf 83' lang='grc' dir='ltr'><strong>Χά-</strong></span> 
     </span>
     <span class='ocr_line' id='line_1_75' title="bbox 1697 3362 3264 3452; baseline -0.008 -20"><span class='ocrx_word' id='word_1_474' title='bbox 1697 3396 1789 3452; x_wconf 84' lang='grc' dir='ltr'><strong>ρης</strong></span> <span class='ocrx_word' id='word_1_475' title='bbox 1842 3376 1870 3431; x_wconf 80' lang='grc' dir='ltr'><strong>ὁ</strong></span> <span class='ocrx_word' id='word_1_476' title='bbox 1895 3370 2181 3443; x_wconf 76' lang='grc' dir='ltr'><strong>Ἀθηναῖος.</strong></span> <span class='ocrx_word' id='word_1_477' title='bbox 2234 3369 2499 3445; x_wconf 79' lang='grc' dir='ltr'><strong>μέμνηται</strong></span> <span class='ocrx_word' id='word_1_478' title='bbox 2544 3365 2601 3424; x_wconf 86' lang='grc' dir='ltr'><strong>δὲ</strong></span> <span class='ocrx_word' id='word_1_479' title='bbox 2652 3367 2811 3423; x_wconf 77' lang='grc' dir='ltr'><strong>αὐτοῦ</strong></span> <span class='ocrx_word' id='word_1_480' title='bbox 2838 3362 3189 3441; x_wconf 82' lang='grc' dir='ltr'><strong>Ἡρακλείδης</strong></span> <span class='ocrx_word' id='word_1_481' title='bbox 3236 3366 3264 3419; x_wconf 81' lang='grc' dir='ltr'><strong>ὁ</strong></span> 
     </span>
     <span class='ocr_line' id='line_1_76' title="bbox 1695 3453 3182 3538; baseline -0.01 -18"><span class='ocrx_word' id='word_1_482' title='bbox 1695 3460 1926 3538; x_wconf 73' lang='grc' dir='ltr'><strong>κωμικὸς</strong></span> <span class='ocrx_word' id='word_1_483' title='bbox 1944 3504 1961 3537; x_wconf 84' lang='grc'><strong>,</strong></span> <span class='ocrx_word' id='word_1_484' title='bbox 1991 3458 2081 3519; x_wconf 78' lang='grc' dir='ltr'><strong>καὶ</strong></span> <span class='ocrx_word' id='word_1_485' title='bbox 2110 3457 2249 3518; x_wconf 82' lang='grc' dir='ltr'><strong>Ἀντ.</strong></span> <span class='ocrx_word' id='word_1_486' title='bbox 2282 3458 2364 3517; x_wconf 85' lang='lat' dir='ltr'><strong>Cf.</strong></span> <span class='ocrx_word' id='word_1_487' title='bbox 2393 3474 2521 3514; x_wconf 81' lang='lat' dir='ltr'><strong>ann.</strong></span> <span class='ocrx_word' id='word_1_488' title='bbox 2548 3455 2621 3513; x_wconf 86' lang='lat' dir='ltr'><strong>ad</strong></span> <span class='ocrx_word' id='word_1_489' title='bbox 2644 3453 2959 3512; x_wconf 79' lang='lat' dir='ltr'><strong>Heraclidis</strong></span> <span class='ocrx_word' id='word_1_490' title='bbox 2986 3453 3182 3527; x_wconf 82' lang='lat' dir='ltr'><strong>fragm.</strong></span> 
     </span>
    </p>
   </div>
   <div class='ocr_carea' id='block_1_36' title="bbox 2430 3590 2527 3665">
    <p class='ocr_par' dir='ltr' id='par_1_36' title="bbox 2430 3590 2527 3665">
     <span class='ocr_line' id='line_1_77' title="bbox 2430 3590 2527 3665; baseline 0.062 -20"><span class='ocrx_word' id='word_1_491' title='bbox 2430 3590 2527 3665; x_wconf 88' lang='lat'><strong>96.</strong></span> 
     </span>
    </p>
   </div>
   <div class='ocr_carea' id='block_1_37' title="bbox 1695 3696 3265 4217">
    <p class='ocr_par' dir='ltr' id='par_1_37' title="bbox 1695 3696 3265 4217">
     <span class='ocr_line' id='line_1_78' title="bbox 1778 3696 3263 3789; baseline -0.005 -17"><span class='ocrx_word' id='word_1_492' title='bbox 1778 3716 2111 3773; x_wconf 81' lang='lat' dir='ltr'><strong>Plutarchus</strong></span> <span class='ocrx_word' id='word_1_493' title='bbox 2152 3716 2358 3771; x_wconf 84' lang='lat' dir='ltr'><strong>Moral.</strong></span> <span class='ocrx_word' id='word_1_494' title='bbox 2396 3732 2459 3789; x_wconf 93' lang='grc' dir='ltr'><strong>Ρ.</strong></span> <span class='ocrx_word' id='word_1_495' title='bbox 2509 3731 2582 3786; x_wconf 87' lang='grc'><strong>79</strong></span> <span class='ocrx_word' id='word_1_496' title='bbox 2595 3754 2621 3783; x_wconf 81' lang='lat'><em>,</em></span> <span class='ocrx_word' id='word_1_497' title='bbox 2674 3716 2723 3767; x_wconf 83' lang='lat' dir='ltr'>A</span> <span class='ocrx_word' id='word_1_498' title='bbox 2754 3711 2819 3767; x_wconf 69' lang='grc' dir='ltr'><strong>τὸ</strong></span> <span class='ocrx_word' id='word_1_499' title='bbox 2845 3706 2946 3786; x_wconf 74' lang='grc' dir='ltr'><strong>γὰρ</strong></span> <span class='ocrx_word' id='word_1_500' title='bbox 2985 3706 3122 3767; x_wconf 86' lang='grc' dir='ltr'><strong>Ἀντ.</strong></span> <span class='ocrx_word' id='word_1_501' title='bbox 3150 3696 3263 3765; x_wconf 73' lang='grc' dir='ltr'><strong>εἶπε</strong></span> 
     </span>
     <span class='ocr_line' id='line_1_79' title="bbox 1697 3794 3265 3878; baseline -0.007 -16"><span class='ocrx_word' id='word_1_502' title='bbox 1697 3802 1917 3877; x_wconf 86' lang='grc' dir='ltr'><strong>παίζων,</strong></span> <span class='ocrx_word' id='word_1_503' title='bbox 1960 3803 2011 3862; x_wconf 85' lang='grc' dir='ltr'><strong>ἔν</strong></span> <span class='ocrx_word' id='word_1_504' title='bbox 2034 3824 2139 3860; x_wconf 88' lang='grc' dir='ltr'><strong>τινι</strong></span> <span class='ocrx_word' id='word_1_505' title='bbox 2174 3800 2325 3860; x_wconf 87' lang='grc' dir='ltr'><strong>πόλει</strong></span> <span class='ocrx_word' id='word_1_506' title='bbox 2350 3800 2446 3865; x_wconf 82' lang='grc' dir='ltr'><strong>τὰς</strong></span> <span class='ocrx_word' id='word_1_507' title='bbox 2474 3796 2650 3878; x_wconf 78' lang='grc' dir='ltr'><strong>φωνὰς</strong></span> <span class='ocrx_word' id='word_1_508' title='bbox 2676 3794 2821 3863; x_wconf 75' lang='grc' dir='ltr'><strong>εὐθὺς</strong></span> <span class='ocrx_word' id='word_1_509' title='bbox 2854 3794 3135 3873; x_wconf 84' lang='grc' dir='ltr'><strong>λεγομένας</strong></span> <span class='ocrx_word' id='word_1_510' title='bbox 3160 3795 3265 3867; x_wconf 83' lang='grc' dir='ltr'><strong>πή-</strong></span> 
     </span>
     <span class='ocr_line' id='line_1_80' title="bbox 1697 3878 3264 3970; baseline -0.006 -19"><span class='ocrx_word' id='word_1_511' title='bbox 1697 3895 1915 3970; x_wconf 86' lang='grc' dir='ltr'><strong>γνυσθαι</strong></span> <span class='ocrx_word' id='word_1_512' title='bbox 1947 3888 2032 3948; x_wconf 76' lang='grc' dir='ltr'><strong>διὰ</strong></span> <span class='ocrx_word' id='word_1_513' title='bbox 2060 3892 2252 3969; x_wconf 78' lang='grc' dir='ltr'><strong>ψῦχος,</strong></span> <span class='ocrx_word' id='word_1_514' title='bbox 2280 3878 2371 3946; x_wconf 73' lang='grc' dir='ltr'><strong>εἶθ’</strong></span> <span class='ocrx_word' id='word_1_515' title='bbox 2402 3884 2613 3966; x_wconf 76' lang='grc' dir='ltr'><strong>ὕστερον</strong></span> <span class='ocrx_word' id='word_1_516' title='bbox 2641 3883 2922 3963; x_wconf 80' lang='grc' dir='ltr'><strong>ἀνειμένων</strong></span> <span class='ocrx_word' id='word_1_517' title='bbox 2949 3882 3155 3943; x_wconf 67' lang='grc' dir='ltr'><strong>ἀκούειν</strong></span> <span class='ocrx_word' id='word_1_518' title='bbox 3184 3882 3264 3941; x_wconf 82' lang='grc' dir='ltr'><strong>θέ-</strong></span> 
     </span>
     <span class='ocr_line' id='line_1_81' title="bbox 1701 3974 3261 4060; baseline -0.008 -20"><span class='ocrx_word' id='word_1_519' title='bbox 1701 4002 1846 4060; x_wconf 90' lang='grc' dir='ltr'><strong>ρους,</strong></span> <span class='ocrx_word' id='word_1_520' title='bbox 1883 3978 1919 4037; x_wconf 78' lang='grc' dir='ltr'>ἃ</span> <span class='ocrx_word' id='word_1_521' title='bbox 1952 3984 2042 4037; x_wconf 77' lang='grc' dir='ltr'><strong>τοῦ</strong></span> <span class='ocrx_word' id='word_1_522' title='bbox 2096 3978 2355 4056; x_wconf 81' lang='grc' dir='ltr'><strong>χειμῶνος</strong></span> <span class='ocrx_word' id='word_1_523' title='bbox 2408 3974 2774 4053; x_wconf 77' lang='grc' dir='ltr'><strong>διελέχθησαν.</strong></span> <span class='ocrx_word' id='word_1_524' title='bbox 2831 4000 2857 4025; x_wconf 81' lang='lat'>“</span> <span class='ocrx_word' id='word_1_525' title='bbox 2907 3975 3261 4031; x_wconf 85' lang='lat' dir='ltr'><strong>Perfacetum</strong></span> 
     </span>
     <span class='ocr_line' id='line_1_82' title="bbox 1696 4062 3265 4145; baseline -0.005 -20"><span class='ocrx_word' id='word_1_526' title='bbox 1696 4070 2027 4145; x_wconf 84' lang='lat' dir='ltr'><strong>figmentum</strong></span> <span class='ocrx_word' id='word_1_527' title='bbox 2070 4068 2225 4142; x_wconf 86' lang='lat' dir='ltr'><strong>apud</strong></span> <span class='ocrx_word' id='word_1_528' title='bbox 2277 4066 2598 4123; x_wconf 77' lang='lat' dir='ltr'><strong>,Iohannem</strong></span> <span class='ocrx_word' id='word_1_529' title='bbox 2659 4063 2896 4119; x_wconf 83' lang='lat' dir='ltr'><strong>Paulum</strong></span> <span class='ocrx_word' id='word_1_530' title='bbox 2944 4080 3037 4117; x_wconf 90' lang='lat' dir='ltr'><strong>me</strong></span> <span class='ocrx_word' id='word_1_531' title='bbox 3083 4062 3265 4136; x_wconf 82' lang='lat' dir='ltr'><strong>legere</strong></span> 
     </span>
     <span class='ocr_line' id='line_1_83' title="bbox 1695 4158 2193 4217; baseline 0.002 -3"><span class='ocrx_word' id='word_1_532' title='bbox 1695 4160 1945 4217; x_wconf 86' lang='lat' dir='ltr'><strong>memini.</strong></span> <span class='ocrx_word' id='word_1_533' title='bbox 1984 4183 2007 4207; x_wconf 75' lang='grc' dir='ltr'><strong>υ</strong></span> <span class='ocrx_word' id='word_1_534' title='bbox 2036 4158 2085 4211; x_wconf 87' lang='grc' dir='ltr'><em>Ε</em></span> <span class='ocrx_word' id='word_1_535' title='bbox 2108 4158 2193 4215; x_wconf 88' lang='grc' dir='ltr'><strong>Μ.</strong></span> 
     </span>
    </p>
   </div>
   <div class='ocr_carea' id='block_1_38' title="bbox 2435 4302 2534 4357">
    <p class='ocr_par' dir='ltr' id='par_1_38' title="bbox 2435 4302 2534 4357">
     <span class='ocr_line' id='line_1_84' title="bbox 2435 4302 2534 4357; baseline -0.04 0"><span class='ocrx_word' id='word_1_536' title='bbox 2435 4302 2534 4357; x_wconf 86' lang='grc'><strong>97·</strong></span> 
     </span>
    </p>
   </div>
   <div class='ocr_carea' id='block_1_39' title="bbox 1694 4398 3266 4660">
    <p class='ocr_par' dir='ltr' id='par_1_39' title="bbox 1694 4398 3266 4660">
     <span class='ocr_line' id='line_1_85' title="bbox 1775 4398 3265 4483; baseline -0.008 -15"><span class='ocrx_word' id='word_1_537' title='bbox 1775 4414 2051 4468; x_wconf 84' lang='lat' dir='ltr'><strong>Maximus</strong></span> <span class='ocrx_word' id='word_1_538' title='bbox 2077 4406 2242 4468; x_wconf 80' lang='lat' dir='ltr'><strong>Conf.</strong></span> <span class='ocrx_word' id='word_1_539' title='bbox 2286 4414 2383 4476; x_wconf 78' lang='grc'><strong>41,</strong></span> <span class='ocrx_word' id='word_1_540' title='bbox 2410 4426 2471 4483; x_wconf 92' lang='grc' dir='ltr'><strong>Ρ.</strong></span> <span class='ocrx_word' id='word_1_541' title='bbox 2494 4406 2612 4472; x_wconf 93' lang='grc'><strong>64.</strong></span> <span class='ocrx_word' id='word_1_542' title='bbox 2638 4400 2776 4462; x_wconf 81' lang='grc' dir='ltr'><strong>κύων</strong></span> <span class='ocrx_word' id='word_1_543' title='bbox 2804 4398 3095 4479; x_wconf 81' lang='grc' dir='ltr'><strong>μελετησας</strong></span> <span class='ocrx_word' id='word_1_544' title='bbox 3135 4421 3265 4479; x_wconf 77' lang='grc' dir='ltr'><strong>σαρ·</strong></span> 
     </span>
     <span class='ocr_line' id='line_1_86' title="bbox 1696 4487 3264 4577; baseline -0.009 -20"><span class='ocrx_word' id='word_1_545' title='bbox 1696 4500 1772 4557; x_wconf 65' lang='lat' dir='ltr'><strong>xc,</strong></span> <span class='ocrx_word' id='word_1_546' title='bbox 1757 4522 1800 4555; x_wconf 68' lang='lat' dir='ltr'><strong>‚v</strong></span> <span class='ocrx_word' id='word_1_547' title='bbox 1827 4494 2174 4577; x_wconf 77' lang='grc' dir='ltr'><strong>ἀπογεύεσθαι</strong></span> <span class='ocrx_word' id='word_1_548' title='bbox 2199 4492 2473 4575; x_wconf 70' lang='grc' dir='ltr'><strong>φυλάττειν</strong></span> <span class='ocrx_word' id='word_1_549' title='bbox 2496 4490 2667 4548; x_wconf 79' lang='grc' dir='ltr'><strong>οὐκέτι</strong></span> <span class='ocrx_word' id='word_1_550' title='bbox 2690 4489 2908 4548; x_wconf 82' lang='grc' dir='ltr'><strong>δύναται</strong></span> <span class='ocrx_word' id='word_1_551' title='bbox 2930 4492 3025 4559; x_wconf 77' lang='grc' dir='ltr'><strong>τὴν</strong></span> <span class='ocrx_word' id='word_1_552' title='bbox 3051 4487 3264 4563; x_wconf 78' lang='grc' dir='ltr'><strong>ἀγέλην.</strong></span> 
     </span>
     <span class='ocr_line' id='line_1_87' title="bbox 1694 4576 3266 4660; baseline -0.007 -17"><span class='ocrx_word' id='word_1_553' title='bbox 1694 4586 1940 4660; x_wconf 86' lang='lat' dir='ltr'><strong>Disjecta</strong></span> <span class='ocrx_word' id='word_1_554' title='bbox 1980 4594 2166 4660; x_wconf 81' lang='lat' dir='ltr'><strong>poetae</strong></span> <span class='ocrx_word' id='word_1_555' title='bbox 2207 4584 2403 4654; x_wconf 80' lang='lat' dir='ltr'><strong>verba,</strong></span> <span class='ocrx_word' id='word_1_556' title='bbox 2446 4598 2570 4655; x_wconf 79' lang='lat' dir='ltr'><strong>quae</strong></span> <span class='ocrx_word' id='word_1_557' title='bbox 2616 4596 2928 4655; x_wconf 79' lang='lat' dir='ltr'><strong>componas</strong></span> <span class='ocrx_word' id='word_1_558' title='bbox 2964 4576 3266 4639; x_wconf 82' lang='lat' dir='ltr'><strong>scribendo</strong></span> 
     </span>
    </p>
   </div>
   <div class='ocr_carea' id='block_1_40' title="bbox 1793 4708 3137 4914">
    <p class='ocr_par' dir='ltr' id='par_1_40' title="bbox 1793 4708 3137 4914">
     <span class='ocr_line' id='line_1_88' title="bbox 1793 4708 3137 4811; baseline -0.009 -26"><span class='ocrx_word' id='word_1_559' title='bbox 1793 4720 2041 4811; x_wconf 80' lang='grc' dir='ltr'><strong>Σαρκῶν</strong></span> <span class='ocrx_word' id='word_1_560' title='bbox 2080 4708 2149 4782; x_wconf 76' lang='grc' dir='ltr'><strong>δὲ</strong></span> <span class='ocrx_word' id='word_1_561' title='bbox 2190 4716 2525 4807; x_wconf 53' lang='lat' dir='ltr'><strong>pelet-mac</strong></span> <span class='ocrx_word' id='word_1_562' title='bbox 2555 4710 2947 4805; x_wconf 80' lang='grc' dir='ltr'><strong>ἀπογεύεσθαι</strong></span> <span class='ocrx_word' id='word_1_563' title='bbox 2980 4711 3137 4774; x_wconf 84' lang='grc' dir='ltr'><strong>κύων</strong></span> 
     </span>
     <span class='ocr_line' id='line_1_89' title="bbox 1793 4808 3114 4914; baseline -0.009 -23"><span class='ocrx_word' id='word_1_564' title='bbox 1793 4826 1991 4891; x_wconf 78' lang='grc' dir='ltr'><strong>οὐκέτι</strong></span> <span class='ocrx_word' id='word_1_565' title='bbox 2025 4822 2350 4914; x_wconf 73' lang='grc' dir='ltr'><strong>φυλάττειν</strong></span> <span class='ocrx_word' id='word_1_566' title='bbox 2380 4824 2492 4895; x_wconf 74' lang='grc' dir='ltr'><strong>τὴν</strong></span> <span class='ocrx_word' id='word_1_567' title='bbox 2527 4820 2749 4911; x_wconf 73' lang='grc' dir='ltr'><strong>ἀγέλην</strong></span> <span class='ocrx_word' id='word_1_568' title='bbox 2774 4808 3114 4889; x_wconf 76' lang='grc' dir='ltr'><strong>δυνησεται.</strong></span> 
     </span>
    </p>
   </div>
   <div class='ocr_carea' id='block_1_41' title="bbox 1697 4959 3257 5045">
    <p class='ocr_par' dir='ltr' id='par_1_41' title="bbox 1697 4959 3257 5045">
     <span class='ocr_line' id='line_1_90' title="bbox 1697 4959 3257 5045; baseline -0.009 -18"><span class='ocrx_word' id='word_1_569' title='bbox 1697 4975 1842 5045; x_wconf 81' lang='lat' dir='ltr'><strong>Apte</strong></span> <span class='ocrx_word' id='word_1_570' title='bbox 1865 4970 2071 5025; x_wconf 78' lang='lat' dir='ltr'><strong>futuro.</strong></span> <span class='ocrx_word' id='word_1_571' title='bbox 2096 4968 2178 5043; x_wconf 78' lang='lat' dir='ltr'><strong>id,</strong></span> <span class='ocrx_word' id='word_1_572' title='bbox 2200 4967 2361 5041; x_wconf 85' lang='lat' dir='ltr'><strong>quod</strong></span> <span class='ocrx_word' id='word_1_573' title='bbox 2382 4968 2527 5022; x_wconf 85' lang='lat' dir='ltr'><strong>solet</strong></span> <span class='ocrx_word' id='word_1_574' title='bbox 2557 4964 2681 5019; x_wconf 79' lang='lat' dir='ltr'><strong>fieri</strong></span> <span class='ocrx_word' id='word_1_575' title='bbox 2700 4959 3044 5038; x_wconf 55' lang='lat' dir='ltr'><strong>,significan</strong></span> <span class='ocrx_word' id='word_1_576' title='bbox 3090 4960 3257 5015; x_wconf 83' lang='lat' dir='ltr'><strong>Alio-</strong></span> 
     </span>
    </p>
   </div>
   <div class='ocr_carea' id='block_1_42' title="bbox 103 5072 3245 5104">
    <p class='ocr_par' dir='ltr' id='par_1_42' title="bbox 103 5072 3245 5104">
     <span class='ocr_line' id='line_1_91' title="bbox 103 5072 3245 5104; baseline 0 746"><span class='ocrx_word' id='word_1_577' title='bbox 103 5072 3245 5104; x_wconf 95' lang='lat' dir='ltr'><strong> </strong></span> 
     </span>
    </p>
   </div>
   <div class='ocr_carea' id='block_1_43' title="bbox 1614 5143 1706 5193">
    <p class='ocr_par' dir='ltr' id='par_1_43' title="bbox 1614 5143 1706 5193">
     <span class='ocr_line' id='line_1_92' title="bbox 1614 5143 1706 5193; baseline -0.033 1"><span class='ocrx_word' id='word_1_578' title='bbox 1614 5143 1706 5193; x_wconf 87' lang='grc'><strong>97.</strong></span> 
     </span>
    </p>
   </div>
   <div class='ocr_carea' id='block_1_44' title="bbox 95 5212 2854 5310">
    <p class='ocr_par' dir='ltr' id='par_1_44' title="bbox 95 5212 2854 5310">
     <span class='ocr_line' id='line_1_93' title="bbox 95 5212 2854 5310; baseline 0.001 -47"><span class='ocrx_word' id='word_1_579' title='bbox 95 5213 298 5277; x_wconf 74' lang='lat' dir='ltr'><strong>Earnium</strong></span> <span class='ocrx_word' id='word_1_580' title='bbox 325 5240 450 5282; x_wconf 80' lang='lat' dir='ltr'><strong>vero</strong></span> <span class='ocrx_word' id='word_1_581' title='bbox 467 5226 590 5283; x_wconf 76' lang='lat' dir='ltr'><strong>esui</strong></span> <span class='ocrx_word' id='word_1_582' title='bbox 611 5234 858 5285; x_wconf 83' lang='lat' dir='ltr'><strong>assuetus</strong></span> <span class='ocrx_word' id='word_1_583' title='bbox 886 5228 1039 5285; x_wconf 81' lang='lat' dir='ltr'><strong>canis</strong></span> <span class='ocrx_word' id='word_1_584' title='bbox 1647 5229 1658 5310; x_wconf 79' lang='grc' dir='ltr'>Ι</span> <span class='ocrx_word' id='word_1_585' title='bbox 1701 5240 1808 5279; x_wconf 84' lang='lat' dir='ltr'><strong>non</strong></span> <span class='ocrx_word' id='word_1_586' title='bbox 1835 5223 2064 5293; x_wconf 66' lang='lat' dir='ltr'><strong>amptius</strong></span> <span class='ocrx_word' id='word_1_587' title='bbox 2092 5218 2365 5277; x_wconf 79' lang='lat' dir='ltr'><strong>custodire</strong></span> <span class='ocrx_word' id='word_1_588' title='bbox 2396 5231 2611 5289; x_wconf 79' lang='lat' dir='ltr'><strong>gregem</strong></span> <span class='ocrx_word' id='word_1_589' title='bbox 2642 5212 2854 5287; x_wconf 80' lang='lat' dir='ltr'><strong>poterit.</strong></span> 
     </span>
    </p>
   </div>
   <div class='ocr_carea' id='block_1_45' title="bbox 269 5330 3001 5390">
    <p class='ocr_par' dir='ltr' id='par_1_45' title="bbox 269 5330 3001 5390">
     <span class='ocr_line' id='line_1_94' title="bbox 269 5330 3001 5390; baseline 0.007 -7"><span class='ocrx_word' id='word_1_590' title='bbox 269 5348 550 5388; x_wconf 67' lang='grc' dir='ltr'><strong>ΙΙΙΑΩΙΕΝῚἎ</strong></span> <span class='ocrx_word' id='word_1_591' title='bbox 577 5351 850 5390; x_wconf 73' lang='lat' dir='ltr'><strong>comconun</strong></span> <span class='ocrx_word' id='word_1_592' title='bbox 881 5354 960 5389; x_wconf 71' lang='lat' dir='ltr'><strong>GR·</strong></span> <span class='ocrx_word' id='word_1_593' title='bbox 2950 5330 3001 5371; x_wconf 61' lang='grc'><strong>97</strong></span> 
     </span>
    </p>
   </div>
  </div>
 </body>
</html>
