3809 5850
1650 258 2110 355 Posinlprus.

278 430 318 491 l.
352 432 393 489 l.
434 432 727 487 annotavit
760 427 1075 485 Athenaeus.
1126 429 1201 482 Ex
1237 426 1347 481 hoc
1377 446 1579 501 genere
1626 426 1729 481 fuit
1769 429 1847 496 is,

279 540 453 594 quem
476 516 821 593 Posidippus
840 527 897 573 et
916 518 1023 571 hac
1044 517 1103 570 in
1130 514 1321 570 sabula
1346 521 1406 572 et
1433 517 1492 569 in
1517 514 1853 589 Syntrophis

3397 300 3502 353 691

2349 427 2421 483 v.
2471 384 3095 485 Epuaoro'a‘rro'z.

2024 543 2282 598 Stobaeus
2313 542 2463 597 Flor.
2495 560 2589 611 77,
2621 561 2650 610 7
2684 561 2814 596 cum
2849 542 3116 596 lemmate
3157 537 3516 597 Ποσειδίππου

279 612 339 663 in
372 625 597 664 scenam
630 604 1005 681 produxerat.
1038 602 1153 675 Qui
1182 603 1343 675 quod
1386 602 1525 657 dicit
1568 622 1618 655 v.
1676 604 1709 663 3,
1755 602 1854 678 οὐχ
1945 626 2389 708 Ἑρμαφροδίτου.

280 690 517 769 ἁλώσομ’
534 689 763 773 ἐκφέρων
780 689 955 771 κρέας,
975 692 1036 747 id
1050 710 1169 747 non
1186 702 1361 761 recte,
1381 702 1443 745 ut
1458 692 1597 745 mihi
1622 692 1851 765 quidem

276 784 526 851 videtur,
557 782 799 841 Casaub.
830 780 905 837 ad
944 782 1239 855 epularum
1282 782 1609 836 tenuitatem
1648 782 1852 854 traxit,

277 862 346 927 ex
370 872 581 945 quibus
608 869 829 943 aliquid
850 869 1005 925 furto
1030 869 1350 924 subducere
1388 888 1577 943 operae
1604 871 1849 944 pretium

276 979 400 1023 non
418 968 591 1027 esset3
614 976 785 1032 quam
802 958 857 1010 in
878 975 996 1012 rem
1022 956 1187 1012 affert
1208 958 1501 1031 Aristoph.
1526 959 1657 1015 Pac.
1674 978 1730 1014 V.
1759 977 1779 1011 1
1794 958 1849 1015 3.

276 1050 421 1105 Mihi
447 1049 559 1105 hoc
584 1048 779 1123 potius
804 1046 981 1101 homo
1012 1047 1202 1102 dicere
1238 1045 1468 1101 videtur
1499 1065 1512 1099 :
1544 1048 1725 1117 Quam
1753 1047 1853 1102 diu

277 1137 468 1193 libera
494 1137 697 1193 utebar
722 1133 1082 1203 conditione,
1110 1134 1159 1189 si
1196 1132 1335 1207 quid
1366 1134 1513 1189 forte
1538 1132 1711 1188 finitis
1728 1176 1743 1201 ,
1780 1132 1853 1187 ad

278 1245 426 1299 quas
458 1242 696 1300 operam
734 1241 924 1279 meam
950 1221 1323 1278 condixeram
1340 1262 1356 1291 ,
1404 1224 1585 1296 epulis
1628 1240 1853 1278 mecum

278 1312 571 1370 auferrem
591 1353 609 1387 ,
634 1313 695 1366 in
731 1311 889 1367 furto
915 1310 1037 1368 fere
1069 1311 1142 1365 ab
1178 1308 1431 1380 janitore
1474 1309 1855 1385 deprehensus

272 1420 438 1476 sum3
460 1417 612 1458 nunc
636 1408 827 1458 autem
842 1442 859 1471 ,
882 1420 1013 1457 cum
1042 1408 1195 1457 totus
1221 1399 1283 1456 in
1310 1397 1531 1458 domini
1563 1398 1852 1453 servitium

275 1492 686 1560 concesserim,
717 1490 777 1545 id
804 1507 1172 1564 nequaquam
1198 1491 1339 1544 mihi
1362 1508 1465 1545 usu
1499 1488 1685 1545 veniet
1717 1505 1729 1539 z
1757 1498 1853 1540 tu-

276 1592 373 1635 tus
400 1580 549 1635 enim
577 1588 635 1634 et
657 1578 996 1652 tranquillus
1011 1577 1083 1633 ab
1098 1577 1364 1649 janitoris
1381 1578 1669 1651 vigilantia
1698 1576 1851 1630 furto

284 1684 420 1723 meo
448 1684 540 1721 me
564 1665 891 1723 oblectabo.
930 1690 955 1714 ι
990 1666 1165 1721 Mein.

1044 1794 1095 1830 a.

366 1885 454 1945 ld.
491 1904 548 1955 7,
578 1904 638 1961 p.
676 1884 812 1953 301',
850 1880 891 1939 B
928 1904 941 1939 ε
990 1886 1170 1961 ἑνικῶς
1209 1869 1457 1962 (ἑψητὸς)
1502 1872 1851 1959 Νικόστρατος

278 1975 335 2030 ἐν
370 1971 601 2051 Ἡσιόδῳ
638 1998 661 2021 ἰ
706 1968 963 2049 βεμὸράδ’
993 1970 1161 2049 ἀφύην
1200 1972 1407 2050 ἑψητόν.
1454 2000 1475 2021 ι·
1527 1972 1663 2029 Ποσ.
1699 1970 1852 2029 Ἀπο-

279 2058 593 2138 κλειομένη,

382 2170 617 2263 Ὲψητὸν
648 2170 961 2268 ἀγοράζειν
985 2174 1145 2241 τινά.
1363 2252 1375 2265 ·

280 2303 523 2361 Sotades
541 2300 850 2379 Ἐγκλειομ.
869 2322 929 2359 v.
956 2322 977 2358 1
991 2304 1025 2359 8
1048 2323 1059 2356 :
1080 2300 1267 2380 ἑψητὸν
1286 2299 1339 2357 δὲ
1360 2298 1493 2375 μετὰ
1505 2298 1696 2362 ταύτας
1715 2299 1848 2355 τινά.

1045 2416 1099 2471 3.
1365 2420 1369 2423 ’

368 2530 573 2585 Pollux
607 2548 695 2598 ιο,
723 2528 799 2601 98
826 2546 839 2584 :
868 2524 927 2595 τὸ
954 2548 1157 2603 τηγαν
1178 2523 1434 2593 ἵζεσθαι
1458 2524 1598 2581 ἔστιν
1624 2526 1675 2580 ἐν
1707 2522 1858 2582 Ἀπο-

286 2614 571 2693 κλειομένῃ
604 2615 983 2675 Ποσειδίππου.

808 2741 913 2797 lll.
964 2738 1336 2797 ΓΑΛΑΊῊΣ.

1060 2873 1107 2909 1.

367 2949 574 3004 Pollux
601 2971 657 3022 7,
689 2969 750 3005 11
769 2969 789 3004 1
829 2970 839 3004 :
869 2947 932 3020 ἣν
956 2945 1201 3028 Ὄμηρος
1230 2945 1462 3028 κορώνην
1478 2946 1635 3024 λέγει,
1656 2951 1745 3003 νῦν
1769 2943 1858 3002 κό-

280 3057 425 3113 ρακα
458 3037 705 3109 καλοῦσι,
736 3035 826 3093 καὶ
858 3036 1084 3112 (malim
1114 3035 1224 3114 ὥς)
1268 3035 1625 3100 Ποσείδιππος
1664 3035 1720 3090 ἐν
1750 3034 1793 3095 Γ
1796 3056 1857 3089 α-

276 3123 447 3200 λάτῃ,
498 3127 527 3182 ὃ
581 3123 693 3192 νέος
748 3123 1009 3200 κωμικὸς,
1066 3123 1227 3183 εἰπὼν
1279 3125 1523 3203 κόρακι
1569 3118 1817 3181 κλύετα
1840 3145 1857 3177 ι

280 3214 583 3286 (Kuhnius
615 3211 969 3292 κρούεται)
1006 3217 1040 3285 ἡ
1092 3211 1279 3292 θύρα.
1327 3217 1435 3273 Ms.
1470 3214 1662 3272 Falck.
1694 3208 1861 3269 κλύε

286 3303 648 3378 (Hemsterh.
671 3323 705 3360 κ
723 3303 903 3380 ροῦε)
936 3324 968 3360 τ
984 3301 1056 3369 ὰς
1075 3306 1193 3381 θυρ
1210 3299 1270 3359 ίδ
1287 3324 1375 3369 ας.
1404 3303 1545 3360 Cod.
1562 3308 1613 3359 A
1634 3295 1861 3360 κλείεται

284 3390 443 3468 θύρα.
472 3391 761 3448 Bekkerus
796 3388 985 3449 κλείεθ’
1014 3394 1049 3462 ἡ
1084 3388 1239 3470 θύρα.
1272 3395 1339 3448 Et
1384 3393 1461 3448 sic
1492 3391 1625 3450 cod.
1661 3391 1856 3446 Falck.

290 3499 386 3550 ro,
412 3498 485 3536 αα
502 3523 519 3554 ,
544 3482 645 3537 ubi
675 3483 849 3556 vulgo
882 3477 1103 3557 κρούεθ’.

1042 3595 1099 3632 α.

368 3671 571 3727 Pollux
609 3678 641 3736 4
660 3715 674 3741 ,
710 3671 819 3743 175
850 3690 863 3730 :
895 3670 1019 3729 ἔνιοι
1048 3669 1103 3730 δὲ
1130 3670 1220 3728 καὶ
1244 3646 1346 3727 των
1386 3669 1630 3742 Ἀθήνησι
1670 3660 1862 3750 mii-‹p-

284 3757 537 3831 δούντων,
582 3759 688 3822 τῶν
715 3757 867 3830 νέων,
886 3749 1003 3836 ,οἷον
1043 3758 1311 3832 Φιλήμων
1340 3758 1393 3816 ἐν
1441 3758 1703 3836 Σικελικῷ
1719 3800 1737 3832 ,
1772 3756 1863 3814 καὶ

290 3849 431 3906 Ποσ.
467 3847 521 3906 ἐν
552 3844 768 3924 Γαλάτῃ
791 3891 807 3922 ,
837 3845 1069 3924 λίτρας
1095 3843 1495 3922 μνημονεύουσι.
1578 3873 1583 3878 ·

816 3979 917 4036 ιν.
964 3963 1334 4036 afluent.

372 4091 763 4149 PhotiusLex.
791 4111 849 4167 p.
884 4110 1024 4167 291,
1049 4111 1081 4147 α
1105 4135 1119 4161 ,
1146 4088 1605 4150 Νεανιεύεται
1631 4106 1646 4146 :
1675 4083 1864 4167 Ἄμφις

287 4177 522 4258 Ἐρίθοις
539 4225 555 4253 ,
584 4181 721 4259 Πορ.
750 4177 1041 4258 Δημόταις.

1050 4355 1101 4404 2.

292 4434 621 4490 Pisciculum
648 4433 883 4508 aliquem
918 4435 1195 4493 minutum
1215 4453 1411 4503 emere.

922 4524 1246 4579 GALATA.

488 4649 497 4656 .
1067 4613 1112 4662 Ι.

300 4695 483 4748 Corvo
513 4692 821 4748 occluditur
851 4701 1021 4764 porta.

730 4780 1433 4838 HERMAPHRODITUS.

300 4863 501 4922 Filium
530 4863 629 4919 alit
651 4864 879 4937 quisque
896 4906 913 4932 ‚
934 4865 1034 4921 etsi
1064 4882 1273 4939 pauper
1295 4865 1475 4932 forte3

302 4952 471 5007 filiam
504 4960 687 5008 autem
712 4954 968 5024 exponit.
995 4955 1092 5012 etsi
1116 4953 1267 5010 dives
1293 4964 1393 5013 est.

626 5041 1063 5098 MANSlONUM
1107 5045 1552 5101 PRAEFEC'I'IIS.

448 5125 821 5182 Tabernacula
841 5169 853 5193 ‚
882 5143 1070 5184 currus
1092 5171 1104 5194 ‚

2044 740 2181 807 Υἱὸν
2214 742 2420 831 τρέφει
2443 744 2560 814 πᾶς
2581 788 2599 823 ,
2637 733 2746 804 κᾶν
2772 741 2952 814 πένης
2981 764 3076 817 τις
3101 740 3184 805 ὢν
3211 744 3364 833 τύχη
3385 792 3402 824 ,

2047 847 2335 939 θυγατέρα
2367 842 2424 911 δ’
2461 845 2763 929 ἐκτίθησι,
2802 840 2912 910 κᾶν
2943 842 2980 935 ᾗ
3013 849 3318 924 πλούσιος.

2409 1004 2504 1062 Vl.
2539 1001 3064 1062 ΕΙΙΙΣΤΑΘΜΟΣ.

2027 1096 2231 1186 l’ollux
2263 1128 2502 1206 10‚‘139
2544 1152 2558 1186 :
2596 1134 2646 1187 αἱ
2679 1130 2733 1188 δὲ
2759 1130 2944 1209 ἅορταὶ
2970 1132 3201 1211 εἴρηνται
3233 1135 3284 1189 ἐν
3325 1136 3518 1193 Ποσει-

1945 1215 2138 1273 δίππου
2163 1214 2548 1299 Ἐπιστᾶθμῳ,

2144 1373 2230 1381 -
2265 1330 2488 1413 Σκηνὰς
2512 1384 2529 1415 ,
2562 1334 2770 1427 ὄχους,

2045 1439 2301 1528 ῥίσκους,
2323 1434 2506 1531 ἅοροίς
2519 1437 2666 1531 (τε),
2679 1444 2936 1537 τηγανα,
2950 1443 3303 1530 λαμπῆνας,
3325 1444 3488 1522 ὅνους
3499 1496 3514 1509 .

1949 1570 2009 1621 V.
2033 1587 2066 1621 α
2096 1567 2228 1623 libri
2250 1568 2324 1645 ῥ.,
2353 1566 2570 1647 ἀορτὰς,
2599 1565 2824 1645 τάχανα,
2847 1568 2917 1635 λ.,
2943 1564 3014 1639 6.,
3049 1588 3174 1643 quae
3208 1572 3512 1631 emendare

1947 1655 2281 1716 studuimus.
2315 1658 2725 1732 langermanni.
2757 1653 3003 1733 ιλοίχοινα,
3041 1656 3282 1715 asserens
3329 1662 3520 1734 Hesy-

1947 1744 2164 1814 chium’,
2197 1742 2421 1823 Λάχανα
2458 1766 2469 1798 :
2498 1743 2559 1803 τὸ
2583 1742 2671 1802 ἐπὶ,
2690 1747 2784 1813 τῆς
2807 1741 3011 1818 ἀπήνης
3046 1743 3434 1821 πεπλεγμένον,
3463 1749 3519 1805 ἐν

1949 1822 1993 1910 ᾧ
2026 1828 2350 1899 καθέζονται.
2389 1858 2415 1881 v
2451 1834 2566 1890 Sed
2595 1832 2736 1889 illud
2757 1829 2974 1911 λάχανα
2999 1832 3264 1909 Hesycbii
3290 1846 3522 1896 contro-

1949 1940 2171 1977 versum
2192 1934 2291 1977 est.
2323 1924 2592 2000 Suspicor
2616 1923 2792 1997 igitur
2819 1920 3048 1979 λάσανα.
3083 1947 3105 1970 ¹·
3129 1925 3310 1981 Mein.

2483 2050 2616 2107 Vll.
2669 2050 2979 2109 ΕΦΕΣΙΑ.

2030 2179 2235 2235 Athen.
2271 2198 2291 2232 1
2307 2176 2364 2247 3,
2385 2198 2446 2253 p.
2475 2178 2583 2259 ‚59¹
2599 2222 2614 2252 ,
2633 2181 2696 2248 C,
2719 2179 2790 2237 de
2803 2152 3027 2253 Phryne
3050 2156 3354 2239 disserens:
3379 2183 3518 2240 Ποσ.

1950 2264 2003 2321 δὲ
2028 2268 2054 2321 ὁ
2083 2262 2313 2336 κωμικὸς
2339 2268 2389 2322 ἐν
2416 2263 2640 2345 Ἐφεσία
2663 2265 2788 2324 τάδε
2819 2265 2951 2348 φησὶ
2979 2264 3102 2344 περὶ
3131 2268 3296 2338 αὐτῆς
3313 2291 3326 2303 ·

2043 2383 2238 2470 Φρύνη
2267 2382 2378 2472 πρὸ
2411 2388 2583 2472 ἡμῶν
2609 2385 2846 2475 γέγονεν
2876 2384 3318 2474 ἐπιφανεστάτη

2047 2487 2202 2551 πολὺ
2230 2495 2352 2552 τῶν
2381 2492 2630 2579 ἑταιρῶν
2651 2512 2664 2525 ·
2701 2486 2802 2553 καὶ
2833 2488 2946 2582 γὰρ
2971 2490 3018 2554 εἰ
3052 2490 3308 2586 νεωτέρα

2048 2602 2168 2659 τῶν
2197 2595 2340 2660 τότε
2375 2594 2605 2687 χρόνων
2637 2590 2720 2681 εἷ,
2746 2596 2848 2661 τόν
2873 2600 2930 2689 γ’
2971 2596 3156 2689 ἀγῶν’
3196 2598 3493 2677 ἀκήκοας·

2055 2698 2350 2783 βλάπτειν
2376 2695 2637 2769 δοκοῦσα
2667 2702 2808 2779 τοὺς
2831 2700 2994 2785 βίους
3013 2688 3251 2793 μείζους
3285 2698 3522 2787 βλαῧὰς

1957 2800 1995 2870 5
2053 2811 2162 2878 την
2196 2801 2458 2874 Ἡλιαίαν
2487 2803 2612 2874 εἶδε
2641 2809 2772 2901 περὶ
2801 2819 2911 2874 τοῦ
2941 2812 3219 2899 σώματος
3238 2860 3255 2893 ,

2050 2912 2156 2974 καὶ
2186 2922 2308 2980 τῶν
2334 2907 2648 2980 δικαστῶν
2677 2914 2809 2980 καθ’
2842 2918 2944 2980 ἕνα
2973 2908 3323 3008 δεξιουμένη

2054 3018 2206 3109 μετὰ
2235 3015 2505 3107 δακρύων
2540 3018 2788 3087 διέσωσε
2822 3026 2932 3094 τὴν
2964 3020 3159 3112 ψυχὴν
3193 3024 3392 3114 μόλις.

1955 3150 2016 3202 V.
2056 3167 2078 3202 1
2132 3149 2358 3204 Jacobs.
2401 3146 2726 3224 περισήμων,
2778 3151 3054 3205 Dobraeus
3099 3147 3203 3226 πρό
3249 3147 3302 3226 γ’
3347 3151 3519 3225 ἡμῶν,

1955 3253 2200 3308 quorum
2213 3247 2419 3292 neutro
2443 3257 2587 3312 opus
2603 3237 2850 3296 videtur.
2876 3241 2943 3296 V.
2973 3237 3004 3292 3
3030 3225 3072 3292 εἷ
3091 3238 3328 3298 Casaub.
3357 3239 3518 3294 Libri

1955 3321 2058 3393 εἴη.
2092 3328 2177 3381 De
2215 3322 2454 3399 Pbrynae
2495 3344 2661 3394 causa
2715 3326 2943 3400 capitali
2973 3345 3028 3382 ν.
3065 3329 3295 3383 Jacobs.
3347 3328 3522 3384 Com-

1955 3422 2146 3468 memt.
2173 3412 2248 3468 de
2271 3414 2450 3487 antiq.
2477 3432 2536 3488 p.
2566 3413 2702 3479 438.
2729 3417 2797 3470 V.
2827 3412 2862 3469 5
2891 3415 3024 3470 libri
3053 3403 3188 3484 εἷλε,
3210 3415 3370 3489 quod
3401 3435 3522 3471 cor-

1955 3501 2096 3557 rexi.
2141 3500 2412 3557 Horatius
2441 3500 2551 3560 Od.
2583 3520 2635 3570 1,
2673 3503 2728 3568 3,
2771 3521 2837 3572 17
2864 3522 2877 3556 :
2913 3506 3090 3574 Quem
3120 3509 3310 3560 mot-tis
3338 3509 3524 3558 timuit

1953 3589 2192 3662 graelum
2204 3629 2222 3657 ,
2237 3633 2250 3644 .
2263 3631 2302 3656 .,
2349 3595 2448 3664 qui
2489 3591 2645 3646 vidit
2690 3609 2845 3645 mare
2883 3593 3206 3664 turgidum?
3236 3591 3442 3650 Libere
3470 3604 3522 3648 et

1957 3675 2228 3732 audacter
2247 3678 2525 3734 Dobraeus
2548 3679 2618 3742 εἰς
2640 3673 2890 3735 Ἡλιαίαν
2928 3669 3073 3747 ἦλθε.

2489 3802 2653 3862 vm.
2705 3801 2960 3861 ΚΩΔΩΝ
2971 3849 2980 3859 .

2039 3917 2286 3971 Meinek.
2315 3918 2472 3981 malit
2511 3913 2600 3974 Κύ
2618 3914 2755 3987 δων,
2781 3936 2898 3990 quo
2924 3919 3090 3973 titulo
3119 3901 3412 3993 Ephippus
3441 3919 3524 3973 fa—

1959 4002 2154 4059 bulam
2177 4002 2379 4062 edidit.

2039 4092 2242 4147 Pollux
2262 4110 2322 4168 9,
2355 4091 2428 4146 28
2457 4110 2471 4148 ε
2509 4089 2712 4168 εἴρηται
2732 4090 2786 4148 δὲ
2816 4090 2867 4149 τὸ
2889 4091 3136 4149 τελώνιον
3161 4094 3212 4151 ἐν
3240 4091 3522 4170 Ποσειδίπ·

1919 4204 1924 4210 ·
1961 4199 2062 4237 που
2089 4176 2312 4236 Κώδωνι
2327 4196 2340 4208 ·

3423 4301 3507 4310 ——a

1969 4348 2166 4416 visens,
2191 4347 2432 4419 gladios,
2463 4349 2703 4415 catinos,
2724 4363 3006 4414 carrucas»,
3037 4349 3280 4407 suculas!

2587 4487 2886 4542 EPHESIA
2899 4530 2911 4542 .

2039 4604 2255 4677 Phryne
2284 4611 2410 4658 ante
2440 4618 2541 4659 nos
2565 4595 2727 4676 longe
2749 4603 3101 4660 celeberrima
3126 4603 3234 4660 fuit

2042 4689 2388 4748 meretricum
2419 4710 2430 4744 :
2467 4705 2594 4746 nam
2619 4698 2711 4757 tu,
2731 4691 2833 4747 etsi
2854 4691 3044 4762 junior

2039 4777 2148 4834 illis
2165 4776 2522 4849 temporibu8‚
2547 4784 2730 4832 tamen
2757 4776 2910 4832 litem
2930 4775 3152 4848 quidem
3183 4775 3490 4832 inaudivisti
3517 4796 3528 4835 ;

2042 4864 2238 4921 laedere
2257 4865 2365 4919 visa
2390 4879 2478 4919 res
2503 4863 2802 4936 majoribus
2833 4862 3048 4918 damnis

1972 4961 2003 5010 5
2043 4954 2310 5010 Heliaeam
2349 4953 2657 5023 conspexit.
2687 4951 2879 5023 capitis
2908 4959 3191 5017 accusata;

2043 5051 2128 5109 et,
2157 5041 2496 5114 singulorum
2515 5040 2765 5113 judicum
2799 5039 3051 5095 manibus
3073 5039 3352 5111 prehensis

2044 5130 2332 5185 lacrimans
2361 5145 2504 5201 aegre
2529 5129 2760 5184 servavit
2794 5128 2975 5181 vitam.

3245 5218 3315 5257 ιι.
