3809 5850
1531 438 1939 544 naamon.

164 611 368 663 mlle'cum
397 628 480 676 os,
523 620 592 664 ut
615 610 820 664 Cicero
849 610 918 664 In
942 609 1202 664 Pisonem
1222 609 1297 666 63
1318 651 1335 679 ‚
1355 630 1416 666 os
1417 609 1702 685 ferreum,

159 699 422 754 Suetonius
443 701 590 755 Ner.
621 715 658 752 2
678 739 698 769 ,
723 717 786 753 ω·
797 695 1052 768 semum
1063 741 1077 766 ,
1095 701 1424 772 plumbeum
1441 719 1560 776 cor,
1581 714 1696 762 etc.

887 807 941 864 5.

219 923 458 981 ldemib.
501 943 614 979 112.
646 919 776 978 ικαὶ
805 923 1293 1002 στρηνόφωνος
1318 921 1464 1004 παρὰ
1492 922 1700 1004 Καλλίᾳ

3248 502 3359 552 283

1797 637 1865 675 ex
1912 618 2089 678 Callia
2124 618 2413 680 afferatur.
2452 619 2806 690 Pherecratis
2850 623 2966 683 fab.
3017 626 3215 683 ineert.
3272 647 3289 681 ι
3312 647 3359 684 1.

1796 707 2022 764 confert
2046 707 2221 766 Mein.

2548 824 2639 885 13.

1873 938 2206 1012 Hesychius,
2222 939 2407 1015 Μεγα
2424 937 2617 1018 ρικαὶ
2642 938 2935 1020 Σφίγγες
2994 937 3362 1017 Καλλίαςπόρ.

155 1013 214 1086 τῷ
225 1013 452 1089 ’‘mv-2¹⁸3?-
475 1013 790 1068 Libmmm
811 1009 1098 1092 Καλλίστῳ
1123 1035 1266 1088 ’‘⁰¹1⁴-
1287 1015 1540 1072 ΟΟΙῪΕΧὶῑ
1566 1015 1701 1071 P01'·
1793 1047 1884 1091 νας
1903 1026 2046 1093 τινὰς
2066 1024 2226 1093 οὕτως
2244 1025 2471 1106 εἴρηκεν.
2495 1031 2731 1087 Photius
2748 1049 2809 1105 p.
2830 1029 2970 1107 252,
2991 1049 3048 1102 2,
3062 1030 3361 1109 Μεγαρικαὶ

151 1121 292 1156 sonus
313 1101 560 1160 Miscell.
586 1117 650 1174 p.
681 1097 778 1170 57.

883 1208 938 1266 6.

204 1323 360 1380 Idem
387 1324 474 1383 ib.
503 1323 618 1382 186
649 1343 666 1380 t
690 1319 859 1381 καὶτὸ
883 1321 1467 1401 βουὸωνιᾶνέκεῖθεν
1492 1324 1554 1402 (a
1579 1328 1702 1403 βου-

136 1411 292 1488 ῧὼν),
317 1416 394 1478 ὣς
421 1415 453 1470 ὁ
485 1415 556 1474 Κ.

886 1547 942 1599 7.

197 1637 358 1694 Idem
409 1637 469 1710 3,
514 1635 593 1694 25
644 1655 661 1697 :
717 1636 1006 1716 ἀδελφίζειν
1055 1636 1362 1716 Ἰσοκράτης
1405 1629 1551 1712 εἶπε,
1605 1641 1696 1698 καὶ

119 1723 342 1804 ἀδελφὰς
379 1726 440 1784 δὲ
489 1725 628 1806 ἐρεῖς
675 1724 971 1800 ἐπιθυμίας.
1022 1727 1093 1785 Κ.
1145 1725 1200 1782 δὲ
1229 1728 1258 1759 ²*
1300 1754 1322 1778 «ι
1354 1727 1694 1809 δυαδελφίδην

117 1813 288 1890 ταύτῷ
327 1817 510 1896 μυχῷ.
535 1841 562 1867 ι
597 1814 896 1892 Coi-ruptis
931 1833 1100 1891 opem
1133 1815 1315 1874 serens
1357 1819 1529 1874 Mein.
1560 1837 1696 1895 pro·

117 1901 386 1960 labiliter

207 2054 293 2067 —
329 2011 450 2084 Ass
479 2013 784 2110 ἀδελφίδι’
819 2024 878 2086 ἐν
905 2025 1354 2114 ταύτῷ-μυχῷ,

113 2147 220 2200 dno
233 2145 554 2216 fraterculi
585 2153 646 2202 e'a
673 2149 866 2204 eodem
911 2169 1048 2205 cavo
1065 2191 1081 2220 ,
1109 2151 1146 2208 i.
1179 2169 1230 2205 e.
1263 2161 1426 2207 utero
1465 2153 1659 2208 matris
1677 2193 1694 2222 ,

115 2237 328 2306 gemini
353 2237 616 2294 nondum
645 2247 819 2312 partu
847 2237 1003 2294 editi.

879 2353 934 2408 8.

199 2465 362 2521 ldem
393 2473 451 2536 1,,
485 2485 524 2540 9
559 2486 576 2520 ι
604 2463 695 2522 καὶ
726 2463 904 2540 μέντοι
932 2467 1022 2522 καὶ
1051 2463 1381 2538 δοκησίνους,
1411 2463 1446 2536 ἢ
1473 2463 1564 2522 καὶ
1593 2465 1623 2522 δ
1639 2489 1696 2524 ο-

123 2573 153 2606 1
171 2575 204 2621 r,
221 2574 252 2607 σ
271 2574 288 2607 ι
301 2553 334 2608 δ
355 2553 384 2609 ἑ
399 2552 425 2621 ξ
439 2575 454 2609 ι
468 2575 496 2612 ο
515 2577 532 2608 ι
569 2555 664 2630 (ut
700 2553 1069 2611 Pherecrates
1103 2553 1550 2630 Pseudhercule)
1570 2601 1586 2626 ,
1622 2557 1694 2613 K.

127 2637 323 2712 εἴρηκεν
355 2643 386 2698 ὃ
421 2640 675 2716 κωμικός.

877 2775 938 2812 c.

197 2869 410 2925 Athen.
442 2889 498 2940 1,
523 2888 586 2945 p.
620 2887 694 2924 αα
721 2909 738 2939 ,
769 2870 812 2927 C
846 2781 1166 2947 :Jsspzncwl
1205 2865 1396 2935 ἔνδοξοι
1446 2865 1698 2935 Βόλὸος

123 2956 212 3026 μὲν
237 2955 390 3035 παρὰ
430 2956 680 3037 Κρατίνῳ
717 2956 810 3014 καὶ
838 2957 1048 3035 Καλλίᾳ
1068 2999 1084 3029 ,
1117 2954 1300 3027 Ζήνων
1337 2954 1392 3014 δὲ
1421 2958 1448 3014 δ
1477 2956 1695 3036 Κρὴς...

121 3040 262 3121 παρὰ
291 3042 534 3123 Κτησίᾳ.
565 3046 754 3121 Vulgo
777 3042 998 3110 Βολὸός.

859 3178 951 3217 10.

187 3269 398 3331 schol.
427 3272 722 3346 Aristoph.
751 3272 919 3345 Vesp.
957 3270 1108 3348 ¹!189
1133 3288 1148 3329 :
1175 3270 1234 3328 ἐκ
1268 3268 1322 3328 δὲ
1366 3272 1456 3329 τοῦ
1481 3268 1696 3329 {uz-:66-

115 3378 202 3430 ρου
231 3357 328 3414 καὶ
371 3357 777 3437 ἐλλεὸοριᾶν
818 3356 878 3415 τὸ
913 3358 1196 3438 ἐλλεὸόρου
1233 3358 1467 3431 δεῖσθαι,
1511 3360 1581 3425 ὡς
1617 3338 1693 3419 K'.

111 3446 264 3523 φησὶ,
287 3448 388 3505 καὶ
411 3447 776 3525 ἐλλεὸορίζειν.
803 3450 986 3522 Etym.
1007 3452 1086 3507 M.
1103 3468 1163 3524 p.
1189 3450 1330 3526 331,
1359 3450 1457 3525 3ο,
1483 3447 1697 3507 'Ene-

113 3534 144 3589 f:
159 3544 311 3613 οριέ
333 3559 364 3593 ν
379 3558 398 3573 ·
423 3534 486 3594 τὸ
509 3534 789 3615 ἔλλεὸόρου
812 3535 1010 3593 δεῖσθαι
1036 3538 1107 3602 ὣς
1134 3536 1438 3616 φαρμάκου.
1464 3534 1600 3593 οὕτω
1620 3538 1693 3595 Κ.
1745 3575 1753 3653 Ι

109 3626 204 3681 Sic
233 3628 380 3682 item
403 3625 604 3682 Suidas
625 3637 684 3682 et
709 3624 1088 3695 Zonaras3cf.
1117 3627 1348 3681 Plautus
1371 3624 1577 3684 Pseud.
1616 3632 1648 3691 Ι.
1672 3668 1690 3693 ,

115 3734 171 3783 7,
209 3714 312 3790 89.
354 3716 452 3771 sic
497 3714 788 3791 Aristoph.
827 3715 972 3771 Plut.
1017 3732 1161 3785 1117
1199 3731 1214 3771 :
1247 3710 1308 3770 τὸ
1343 3712 1516 3791 θύριον
1543 3716 1694 3792 φθεγ·

115 3800 338 3875 γόμενον
393 3799 569 3868 ἄλλως
611 3802 844 3880 κλαυσιᾷ
857 3845 874 3873 ,
900 3808 1086 3875 janua
1106 3806 1232 3856 siae
1258 3820 1430 3856 causa
1465 3820 1700 3875 crepans

115 3894 416 3962 vapulabit
453 3891 663 3967 (immo
689 3892 881 3967 ploret,
924 3891 1177 3964 vapulet.
1200 3890 1398 3962 Both.)
1423 3914 1446 3937 υ
1480 3891 1692 3959 Mein„

117 3980 252 4035 alios
277 3978 584 4055 strepitum
603 3979 794 4054 januae
823 3980 936 4037 (lici
967 3988 1232 4055 putantes
1265 3980 1474 4035 merito
1495 3996 1694 4054 repre-

119 4066 392 4125 hendens.

869 4197 959 4236 ιι.

199 4292 434 4348 Photius
475 4310 538 4367 p.
581 4290 732 4362 245,
775 4308 834 4361 a,
869 4288 1174 4365 Μαμμᾶν
1208 4308 1222 4343 t
1258 4286 1474 4364 Ἀργεῖοι
1514 4286 1575 4343 τὸ
1604 4288 1694 4345 ἕσ-

127 4382 266 4441 οίειν.
293 4378 436 4438 οὕτω
459 4382 532 4441 Κ.

861 4512 952 4553 12.

203 4610 362 4669 Idem
395 4630 459 4686 p.
491 4608 642 4681 616,
682 4624 748 4679 17
805 4627 820 4661 ι
855 4602 1110 4675 Ὗηνῶν
1143 4607 1206 4679 (a
1230 4616 1390 4661 recto
1419 4601 1571 4675 ὖηνὸς
1605 4605 1694 4661 vel

135 4697 328 4773 ὓηνεός)
355 4715 374 4757 :
409 4697 611 4755 σκαιῶν
639 4692 734 4751 καὶ
765 4694 1003 4769 ἀμαθῶν.
1034 4690 1126 4749 καὶ
1167 4689 1362 4763 ὑηνία
1388 4712 1402 4747 :
1449 4688 1697 4763 σκαιότης

139 4788 220 4842 καὶ
244 4784 458 4861 ἀμαθία.
487 4782 627 4841 οὕτω
667 4783 745 4843 Κ.
776 4785 1023 4840 Zonaras
1057 4785 1196 4840 Lex,
1242 4801 1306 4857 p.
1342 4780 1490 4852 1764
1509 4823 1526 4852 ,
1547 4778 1693 4851 Ὑη-

141 4875 272 4941 νεός
301 4898 315 4931 :
347 4876 377 4932 ὁ
393 4870 610 4941 σκαιὸς,
634 4868 932 4949 φλύαρος,δ
952 4866 1180 4945 ἀμαθής.
1200 4866 1291 4927 καὶ
1311 4868 1429 4941 ὖην
1445 4866 1462 4924 ί
1479 4889 1534 4927 α.
1558 4864 1695 4925 οὕτω

143 4964 206 5024 Κ.
231 4967 304 5022 Ut
325 4966 606 5049 incertum
624 4962 698 5018 sit
723 4971 918 5016 utrum
944 4956 1094 5028 ὓηνός
1114 4960 1206 5015 vel
1235 4954 1416 5027 ὑηνεῦς
1436 4976 1508 5014 an
1535 4956 1690 5028 ὑηνία
1741 5012 1750 5024 ,

1795 1113 2006 1192 σφίγγες
2034 1133 2049 1174 :
2086 1117 2141 1172 ai
2172 1115 2361 1195 πόρναι
2404 1113 2567 1182 οὕτως
2595 1115 2857 1196 εἴρηνται·
2884 1116 3009 1185 ἴσως
3043 1117 3098 1175 δὲ
3126 1119 3360 1178 ἐντεῦθεν

1792 1201 1882 1259 καὶ
1931 1201 2179 1283 σφιγκταὶ
2230 1205 2278 1262 οἱ
2313 1204 2546 1283 μαλακοὶ
2593 1204 2995 1281 ὠνομάσθησαν.
3046 1203 3080 1276 ἢ
3134 1205 3224 1264 καὶ
3256 1206 3362 1264 ἀπὸ

1795 1289 1979 1358 Μαίας
2003 1290 2165 1358 οὕτως
2186 1291 2470 1370 λεγομένης
2498 1295 2552 1352 ἕν
2576 1293 2865 1373 Μεγάροις.

2496 1486 2655 1546 XXI.

2334 1665 2811 1736 HEGEMON.

1865 1829 1952 1883 De
1970 1827 2083 1882 hoc
2109 1837 2317 1903 poeta,
2350 1825 2566 1886 Cratini
2587 1825 2925 1883 senescentis
2961 1837 3019 1883 et
3052 1827 3361 1885 Alcibiadis

1787 1915 1987 1991 aequali
2016 1914 2099 1992 (v.
2138 1914 2347 1975 Athen.
2394 1914 2484 1986 15,
2520 1933 2585 1991 p.
2614 1913 2763 1990 698,
2794 1916 2860 1988 C,
2903 1925 2961 1971 et
3005 1916 3357 1973 Chamaeleon

1787 2024 1882 2080 ap.
1918 2003 2161 2061 eundem
2212 2023 2273 2078 9,
2303 2023 2362 2078 p.
2397 2003 2509 2072 406
2530 2043 2547 2073 ,
2580 2003 2683 2079 E.)
2705 2045 2723 2074 ,
2752 2004 2959 2062 Athen.
2991 2023 3044 2074 1,
3074 2023 3133 2078 p.
3175 2003 3245 2076 5,
3268 2007 3311 2060 B
3343 2026 3353 2059 :

1787 2091 2047 2170 Ἡγήμων
2085 2094 2115 2150 δ
2158 2089 2391 2166 Θάσιος,
2431 2093 2459 2148 ὁ
2497 2087 2791 2162 ἐπικληθεὶς
2827 2091 3021 2162 Φακῆ,
3062 2089 3118 2148 ὃν
3154 2093 3219 2168 τῇ
3263 2091 3359 2169 ἀρ-

1787 2181 1918 2262 χαίᾳ
1938 2177 2191 2260 κωμῳδία
2213 2178 2347 2245 τινὲς
2370 2177 2723 2239 ἐντάττουσιν.
2752 2179 2823 2236 Id
2853 2179 3084 2254 quidem
3100 2221 3118 2252 ,
3144 2192 3210 2237 ut
3230 2200 3355 2237 cen-

1787 2282 1870 2327 set
1900 2269 2113 2340 Mein.,
2168 2279 2411 2345 propter
2472 2267 2753 2324 Philinam
2794 2267 3083 2338 fabulam,
3124 2268 3197 2325 de
3246 2288 3357 2344 qua

1787 2360 1993 2416 Athen.
2020 2377 2082 2433 p.
2120 2355 2257 2432 699,
2303 2360 2354 2413 A
2393 2374 2406 2408 t
2440 2353 2667 2434 γέγραφε
2698 2351 2753 2412 δὲ
2795 2350 2887 2412 καὶ
2918 2351 3150 2434 (praeter
3176 2375 3359 2431 paro—

1789 2447 1907 2503 dias
1926 2447 2201 2522 plurimas
2216 2485 2235 2516 ,
2262 2463 2388 2520 quae
2414 2444 2563 2499 fama
2584 2442 3051 2520 celebrabantur)
3076 2443 3358 2522 κωμῳδίαν

1788 2535 1858 2600 εἷς
1903 2533 1991 2592 τὸν
2035 2535 2255 2613 ἀρχαῖον
2308 2529 2530 2611 τρόπον,
2590 2529 2654 2602 ἢν
2718 2529 3065 2611 ἐπιγράφουσι
3114 2530 3357 2603 Φιλίνην.

1795 2648 1818 2674 «ι
1853 2625 2116 2682 Fortasse
2154 2623 2456 2680 Athena-us
2482 2617 2569 2678 τὸν
2608 2621 2831 2698 ἀρχαῖον
2861 2617 3051 2697 τρόπον
3086 2621 3364 2678 intellexit

1787 2713 2235 2786 antiquissimam
2258 2710 2553 2768 comoediae
2580 2709 2843 2780 formam,
2864 2711 3046 2784 qualis
3066 2723 3201 2766 ante
3224 2712 3358 2768 Cra-

1789 2803 1970 2857 tinum
2007 2800 2151 2871 fuit,
2202 2800 2527 2856 scurrilium
2570 2798 2937 2854 dictet-iorum
2984 2809 3043 2855 et
3078 2799 3361 2856 factorum

1785 2891 2137 2966 procacitate
2182 2889 2453 2965 insignis3
2504 2906 2621 2962 quo
2656 2889 2901 2963 pertinet
2947 2887 3037 2957 id,
3081 2887 3240 2962 quod
3268 2889 3359 2945 vix

1789 2978 2063 3034 credibile
2082 2972 2276 3033 nar‘rat
2297 2977 2657 3033 Chamaeleon
2682 2970 2731 3030 1?
2756 2976 2800 3033 1.
2833 2995 2845 3031 :
2878 2970 3089 3043 εἰσῆλθέ
3116 2994 3241 3031 ποτε
3270 2974 3359 3031 καὶ

1789 3066 1859 3131 εἰς
1885 3062 1947 3123 τὸ
1976 3062 2213 3143 θέατρον,
2245 3062 2506 3120 διδάσκων
2534 3060 2838 3141 κωμῳδίαν,
2868 3059 3023 3119 λίθων
3057 3058 3193 3139 ἔχων
3218 3062 3359 3133 πλῆ-

1789 3177 1871 3233 ρες
1892 3153 1954 3211 τὸ
1979 3151 2219 3228 ἱμάτιον,
2246 3148 2332 3217 οὓς
2358 3149 2563 3229 βάλλων
2592 3152 2663 3215 εἷς
2708 3147 2801 3221 τὴν
2831 3146 3133 3229 ὀρχήστραν
3159 3148 3359 3208 διαπο-

1790 3250 1894 3322 ρεῖν
1924 3240 2139 3310 ἐποίησε
2166 3238 2285 3305 τοὺς
2312 3237 2520 3305 θεατάς.
2549 3264 2576 3289 ²·
2612 3242 2662 3295 E
2686 3242 2773 3296 M.
3356 3258 3359 3263 ·

2424 3383 2723 3447 ΦΙΛΙΝΗ.

1867 3515 2073 3573 Athen.
2124 3510 2183 3582 3,
2222 3530 2287 3587 p.
2350 3508 2485 3582 108,
2536 3510 2579 3566 C
2622 3503 2921 3581 ιἯγήμων
2958 3505 3004 3563 δ’
3058 3507 3111 3564 ἕν
3157 3507 3357 3585 Φιλίνῃ

1789 3604 1989 3683 (vulgo
2014 3596 2239 3677 Φιλίννῃ
2259 3640 2276 3671 ,
2316 3598 2363 3657 Β
2400 3594 2667 3673 Φιλλίνη)
2714 3593 2804 3651 καὶ
2850 3592 2999 3671 γόνον
3036 3596 3095 3653 ἐκ
3132 3592 3359 3672 ταγήνου

1789 3692 2050 3757 ἐσθίοντας
2076 3692 2213 3746 ποιεῖ
2236 3685 2290 3743 ἐν
2313 3682 2527 3749 τούτοις·

1885 3804 2081 3876 Μάλα
2098 3803 2335 3896 ταχέως
2354 3804 2551 3867 αὐτῶν
2578 3799 2735 3891 πρίω
2759 3794 2958 3891 (που)
2986 3800 3353 3883 πουλύπουν,

1885 3915 1987 3981 καὶ
2024 3908 2127 3992 δὸς
2154 3914 2532 4003 καταφαγεῖν
2576 3908 2737 3973 κάπὸ
2776 3905 3038 3999 τηγάνου
3066 3906 3264 4000 γόνον.

1789 4045 1858 4101 V.
1891 4062 1919 4099 1
1945 4038 2047 4099 ποὺ
2062 4040 2210 4098 forte
2232 4042 2495 4096 haustum
2516 4036 3031 4094 fueritavocabulo
3051 4046 3322 4110 sequente
3343 4081 3355 4092 .

1786 4131 2145 4190 verisimilius
2166 4130 2319 4186 enim
2346 4137 2430 4183 est
2453 4144 2625 4201 quam
2646 4145 2775 4201 μοι,
2800 4123 2965 4199 quod
2999 4124 3177 4181 edidit
3217 4124 3360 4181 Mei-

1787 4222 1941 4291 nek„
1978 4237 2160 4294 quum
2191 4218 2251 4272 in
2287 4217 2446 4272 libris
2482 4216 2720 4290 legatur,
2755 4211 2893 4292 πρίω
2920 4210 3042 4289 (vel
3089 4211 3361 4268 mendose

1786 4307 1960 4386 πριῶ)
1990 4304 2307 4364 πουλύπουν.
2331 4306 2505 4362 Hom.
2538 4302 2702 4359 Iliad.
2739 4322 2762 4358 1
2782 4344 2799 4373 ,
2822 4300 2935 4373 178
2970 4320 2985 4355 ε
3018 4298 3127 4364 θεός
3150 4320 3253 4356 που
3280 4298 3361 4357 σοὶ

1787 4395 1897 4472 τόγ’
1934 4392 2147 4453 ἔδωκεν.
2190 4393 2483 4467 AEschylus
2523 4394 2629 4466 Ag.
2660 4390 2777 4459 642
2813 4409 2828 4444 τ
2862 4386 2999 4464 μέγα
3038 4410 3143 4446 που
3172 4385 3359 4446 στένει.

1787 4485 1870 4544 Cf.
1908 4502 2040 4542 ann.
2089 4482 2163 4539 ad
2196 4481 2467 4556 Xenoph.
2514 4477 2817 4553 Cyropaed.
2850 4474 2909 4548 5,
2941 4475 2998 4552 5,
3043 4475 3134 4531 18.
3175 4500 3200 4524 a
3248 4476 3359 4559 Αὖ-

1786 4576 1888 4631 τῶν
1924 4590 2187 4629 nummos
2241 4570 2549 4643 intelligas,
2604 4568 2665 4621 in
2720 4564 3188 4641 antecedentibus
3234 4556 3359 4619 me'-

1786 4672 2057 4719 moratos.
2089 4656 2272 4730 Γόνον,
2292 4654 2574 4728 soetumm
2618 4654 2891 4729 piscium,
2936 4652 3267 4727 pisciculos,
3296 4662 3361 4706 ut

1787 4750 2105 4825 Schweigh.
2144 4748 2566 4819 interpretatur.
2609 4742 3002 4797 Archestratus
3042 4739 3247 4797 Athen.
3299 4760 3357 4811 7,

1785 4861 1848 4916 p.
1884 4836 1997 4895 285
2020 4879 2036 4909 ‚
2066 4839 2133 4907 B,
2156 4834 2229 4891 de
2252 4833 2411 4907 apuis
2432 4830 2736 4890 Phalericis
2760 4848 2773 4882 τ

1871 4950 1981 5013 Τὸν
2022 4950 2169 5027 γόνον
2199 4946 2394 5015 ἐξαυδῶ
2414 4988 2431 5018 ,
2461 4942 2547 5002 τὸν
2587 4940 2749 5023 ἀφρὸν
2770 4939 3043 4999 καλέουσιν
3088 4936 3287 5005 Ἴωνες.
3327 4964 3349 4989 n

1577 5126 1902 5181 PfllLlNA.

141 5236 394 5293 utissime
405 5232 600 5291 abiens
617 5246 743 5289 eme
771 5228 902 5285 mihi
928 5228 1182 5302 polypum
1207 5270 1222 5292 ‚

1747 5238 1758 5371 1
1793 5238 1846 5285 et
1874 5226 1945 5285 da
1978 5221 2403 5288 comedendum,
2436 5221 2779 5290 mullumqne
2804 5232 2833 5272 e
2854 5215 3139 5283 sartagine.
