3809 5850
481 407 548 458 14

1213 538 1304 576 12.

551 639 759 698 Athen.
801 655 864 711 9,
902 655 966 711 p.
1001 634 1138 702 384,
1177 633 1224 690 Β
1264 649 1279 686 :
1316 628 1395 686 ὅτι
1423 627 1525 706 γὰρ
1565 623 2017 705 χηνοὸοσκοὶος

471 727 672 801 οἴδασι,
695 723 894 802 μάρτυς
927 725 1026 800 Κρ.
1061 722 1116 778 ἐν
1143 723 1289 778 Am.
1315 715 1482 794 λέγων

567 817 809 896 Χηνοῧο
817 819 975 902 σκοὶ,
1021 818 1328 902 βουκόλοι.

913 975 1040 1031 VII.
1085 965 1584 1030 ΔΡΑΠΕΤΙΔΕΣ.

549 1103 770 1163 Titulus
787 1103 960 1177 hujus
987 1101 1280 1158 comoediae
1307 1107 1524 1174 spectat
1549 1097 1622 1153 ad
1645 1096 1799 1152 viros
1825 1093 2043 1150 effemi-

471 1208 665 1264 natos,
717 1213 864 1268 quos
905 1192 1010 1248 sub
1055 1188 1315 1264 personis
1349 1182 1616 1264 μειράκων
1661 1183 1678 1258 (
1703 1183 1908 1258 fragm.
1962 1181 1999 1237 6
2022 1181 2040 1256 )

473 1284 696 1340 deridet
717 1283 1004 1348 Cratinus,
1033 1275 1354 1353 significans
1381 1275 1477 1330 ille
1495 1315 1526 1348 ,,
1543 1284 1608 1328 ut
1633 1273 1807 1327 Mein.
1836 1281 2045 1339 censet,

473 1373 788 1445 Sybaritas,
820 1371 950 1442 qui,
975 1368 1164 1441 patria
1201 1363 1434 1440 profugi
1463 1373 1520 1418 et
1560 1379 1593 1416 a
1619 1359 1911 1435 Spartanis
1946 1357 2046 1412 de·

471 1461 652 1515 stituti
669 1502 686 1534 ‚
739 1459 811 1512 ab
843 1455 1278 1512 Atheniensibus
1297 1493 1315 1525 ,
1363 1449 1748 1506 intercedente
1789 1446 2008 1501 Pericle
2026 1485 2043 1514 ,

471 1549 851 1622 impetrarunt
877 1555 944 1599 ut
985 1553 1042 1600 et
1068 1543 1178 1616 ipsi
1213 1542 1276 1596 in
1305 1539 1553 1614 patriam
1593 1536 2047 1603 restituerentur,

471 1649 532 1692 et
557 1655 706 1702 noya
734 1635 964 1690 colonia
987 1634 1047 1686 in
1077 1631 1305 1688 Italiam
1333 1627 1734 1684 deduceretur.
1765 1627 1834 1683 V.
1865 1623 2041 1679 Diod.
2110 1668 2123 1678 .

471 1725 587 1780 Sic.
626 1743 720 1792 ια,
757 1740 848 1776 10.
895 1719 1058 1788 11105,
1099 1717 1325 1774 luxuria
1363 1713 1722 1780 diffluentes,
1765 1721 1919 1766 recte
1948 1712 2045 1785 Cr,

475 1812 702 1867 vocavit
726 1804 1062 1886 δραπέτιδας,
1085 1823 1206 1862 non
1229 1798 1514 1880 δραπέτας,
1533 1811 1600 1856 ut
1625 1800 1909 1856 Thersites
1928 1799 2049 1854 Ho-

476 1901 723 1955 mericus
775 1897 846 1954 11.
911 1915 969 1962 2,
1031 1892 1171 1962 235,
1232 1893 1460 1952 Graecos
1521 1883 1818 1966 Ἀχαιΐδας,
1882 1883 2051 1944 οὐκέτ’

477 1980 738 2062 Ἀχαιούς.
776 2007 800 2032 ει
829 1982 889 2038 Si
923 1993 1078 2038 recte
1105 1979 1352 2051 conjeci,
1373 1980 1562 2054 inquit
1588 1978 1786 2044 Mein.,
1811 1987 1941 2032 acta
1968 1974 2051 2028 fa-

477 2073 615 2128 bula
647 2083 730 2128 est
751 2071 1020 2145 proximo
1047 2081 1306 2143 tempore
1331 2079 1460 2122 ante
1487 2067 1730 2122 Thurios
1759 2064 2045 2132 conditoS,

477 2161 537 2220 h.
598 2179 650 2216 e.
695 2160 908 2234 olymp.
957 2157 1064 2227 84,
1125 2177 1148 2214 1
1207 2157 1373 2232 (ante
1427 2156 1564 2214 Chr.
1627 2165 1744 2208 nat.
1789 2148 1968 2228 443).
2028 2147 2102 2259 ιι

475 2248 570 2304 Cf·
597 2248 664 2307 fr.
697 2247 734 2303 6
757 2245 926 2318 hujus
951 2246 1173 2302 fabulae.

1185 2377 1240 2414 1.
1291 2375 1347 2414 α.

561 2472 767 2527 Athen.
800 2469 868 2540 8,
897 2489 961 2544 p.
997 2468 1133 2536 344,
1179 2471 1248 2538 Ε,
1280 2468 1352 2524 de
1389 2471 1685 2542 Lamponc
1721 2479 1847 2522 vate
1889 2488 1900 2520 ;
1947 2468 2049 2543 Κρ.

483 2556 530 2613 δ’
555 2560 611 2616 ἐν
630 2554 946 2635 Δραπέτισιν
969 2552 1128 2612 εἰπὼν
1153 2553 1274 2632 περὶ
1295 2555 1470 2612 αὐτοῦ·

579 2684 917 2775 Λάμπωνα,
949 2681 1055 2748 τὸν
1088 2685 1156 2748 οὐ
1189 2685 1414 2772 βροτῶν

580 2789 772 2883 ψῆφος
785 2782 1039 2857 δύναται
1059 2787 1326 2882 φλεγυρὰ
1351 2779 1599 2853 δείπνου
1625 2783 1820 2876 φίλων
1849 2785 2057 2877 ἀπείρ-

1895 2917 2049 2984 γεω.

1184 2998 1213 3029 ιι
1258 2996 1287 3027 ιι
1332 2996 1362 3025 ιι

583 3102 705 3157 Νῦν
741 3084 798 3155 δ’
833 3090 994 3166 αὖθις
1015 3088 1331 3182 ἐρυγγάνει·

587 3198 784 3289 βρύκει
827 3196 942 3291 γὰρ
982 3195 1148 3262 ἅπαν
1187 3194 1261 3259 τὸ
1306 3192 1523 3285 παρὸν,
1573 3190 1790 3285 τρίγλῃ
1837 3182 1908 3257 δὲ
1944 3188 2057 3257 κᾶν

1763 3296 2050 3389 μάχοιτο.

485 3442 782 3497 Meu-icam
803 3440 913 3495 loci
937 3440 1214 3495 rationem
1233 3440 1454 3516 primus
1470 3438 1758 3513 perspexit
1775 3439 2059 3493 Porsonus

484 3530 639 3605 apud
663 3529 1049 3585 Gaisfordium
1075 3528 1149 3584 ad
1171 3527 1453 3605 Hephaest.
1477 3547 1537 3603 p.
1577 3526 1683 3593 341
1711 3546 1727 3596 ;
1756 3526 1831 3584 cf.
1855 3529 2056 3585 Herm.

484 3620 686 3673 Doctr.
716 3628 882 3672 metr.
915 3637 979 3691 p.
1015 3614 1153 3691 594.
1186 3648 1265 3657 -
1294 3617 1536 3689 Hesych.
1572 3610 1826 3690 Φλεγυρά
1858 3635 1870 3667 :
1916 3611 2061 3691 ὖὸρι-

486 3702 662 3769 στική.
695 3708 897 3778 Itaque
933 3723 1007 3759 ne
1041 3704 1398 3759 contumeliis
1443 3704 1676 3776 quidem
1716 3706 1981 3775 Lampon
2025 3721 2059 3759 a

487 3796 764 3850 conviviis
809 3793 1249 3867 prohibebatur.
1291 3790 1504 3849 Vatum
1535 3792 1904 3845 voracitatem
1932 3809 2062 3863 per-

489 3882 716 3955 stringit
767 3882 936 3935 etiam
983 3879 1278 3953 Aristoph.
1337 3879 1469 3935 Pac.
1533 3875 1703 3944 1045,
1749 3881 1856 3933 Av.
1918 3877 2057 3951 960.

491 3970 676 4043 Trigla
697 3986 795 4023 seu
811 3968 1038 4035 mullus,
1059 3968 1228 4043 piscis
1247 3967 1504 4021 omnium
1519 3966 2059 4039 contemptissimus3

490 4076 544 4113 v.
567 4056 643 4111 ad
673 4055 1013 4129 Antiphanis
1037 4055 1227 4129 Agric.
1275 4073 1327 4124 1,
1367 4053 1460 4111 15.

1247 4174 1280 4231 3

569 4288 772 4343 Pollux
815 4305 876 4361 9,
907 4286 984 4361 98
1025 4286 1106 4355 εὴ
1155 4282 1211 4342 δὲ
1253 4282 1338 4343 διὰ
1383 4284 1592 4342 πολλῶν
1639 4282 1825 4363 ψήφων
1867 4284 2057 4343 παιδιὰ

487 4372 719 4431 πλινθίον
749 4372 895 4449 ἐστὶ,
933 4370 1110 4452 χώρας
1151 4374 1204 4429 ἐν
1233 4378 1503 4451 γραμμαῖς
1546 4370 1664 4450 ἔχον
1702 4370 2051 4446 διακειμένας.

1100 4490 1196 4497 ——-
1215 4489 1255 4495 .—

1235 4544 1255 4593 1
1269 4542 1320 4593 2.

497 4630 768 4683 Anser-um
795 4625 1013 4691 altores,
1037 4624 1274 4681 bubulci.

1092 4714 1472 4771 FUGITIVAE.

1262 4807 1312 4855 1.

503 4892 863 4959 Lamponem,
889 4902 1054 4959 quem
1083 4885 1276 4958 nequit
1299 4886 1611 4943 mortalium

502 4974 699 5031 ardens
718 4973 995 5029 decretum
1019 4973 1089 5028 ab
1117 4974 1416 5030 amicorum
1437 4975 1609 5031 coenis
1631 4974 1947 5031 absterrere.

1259 5068 1310 5116 2.

513 5154 578 5205 tit
598 5152 707 5221 jam
729 5148 911 5205 denuo
935 5148 1118 5206 denuo
1145 5156 1390 5205 ructatur
1423 5169 1434 5202 :

1464 384 1870 444 COMOEDIAE
1916 381 2239 442 vurEms
2280 379 2699 454 RELIQUIAE.

2134 511 2225 570 καὶ
2272 511 2333 572 τὸ
2364 512 2459 586 μὲν
2498 510 2733 570 πλινθίον
2772 511 3013 570 καλεῖται
3058 509 3209 578 πόλις
3228 556 3245 586 ,
3290 514 3397 570 τῶν
3436 509 3493 570 δὲ
3520 511 3715 592 ψήφων

2137 599 2335 670 ἑκάστη
2359 597 2515 656 κύων·
2546 597 2875 677 διῃρημένων
2904 598 2959 656 δὲ
2992 601 3065 664 εἰς
3092 599 3183 656 δύο
3214 602 3321 657 τῶν
3356 602 3553 680 ψήφων
3580 600 3717 658 κατὰ

2086 710 2091 755 ;
2135 683 2227 752 τὰς
2252 685 2447 766 χρόας,
2480 691 2515 758 ἡ
2546 689 2705 764 τέχνη
2756 688 2849 756 τῆς
2886 687 3101 752 παιδιᾶς
3138 688 3251 745 ἔστι
3294 688 3581 768 περιλήψει
3612 691 3716 743 τῶν

2138 772 2229 831 δύο
2265 773 2452 852 ψήφων
2480 772 2843 852 ὁμοχρόωνιτὸ
2886 771 3188 852 ξτερόχροον
3218 774 3405 850 (male
3442 777 3581 831 libri
3622 773 3719 840 τὴν

2138 861 2495 941 ἐτεροχρόων)
2523 859 2777 938 ἀναιρεῖν.
2808 859 2979 920 Ὅθεν
3006 859 3097 918 καὶ
3124 861 3375 941 Κρατίνῳ
3402 861 3717 920 πέπαικται·

2234 972 2608 1047 Πανδιονίδα
2623 1030 2640 1063 ,
2674 978 2909 1054 πόλεως
2950 981 3201 1061 βασιλεῦ

2236 1079 2393 1162 τῆς*
2424 1080 2823 1179 ἐριῧώλακος,
2844 1078 2995 1149 οἷσθ’
3028 1083 3100 1158 ἢν
3133 1086 3418 1176 λέγομεν,

2236 1191 2341 1258 καὶ
2374 1194 2525 1258 κύνα
2552 1190 2660 1258 καὶ
2679 1189 2888 1276 πόλιν,
2922 1189 2995 1262 ἢν
3024 1183 3367 1266 παίζουσιν.

2138 1323 2212 1382 V.
2250 1342 2273 1378 1
2302 1322 2435 1378 libri
2454 1317 2731 1398 βασιλέως,
2752 1318 2915 1394 quod
2928 1319 3179 1376 correxit
3198 1317 3509 1374 Bentleius.
3538 1318 3727 1372 Miror

2139 1413 2238 1468 diu
2266 1412 2454 1466 tulisse
2482 1410 2685 1466 doctos
2702 1405 2761 1465 τὸ
2780 1405 3121 1486 ἔριὸὦλακος,
3140 1425 3321 1481 quum
3342 1407 3537 1464 Attica
3566 1408 3727 1461 Thu·

2142 1498 2337 1572 cydidi
2374 1519 2428 1567 1,
2456 1517 2491 1554 a
2522 1496 2720 1554 audiat
2748 1495 2807 1554 ἔκ
2838 1498 2932 1551 τοῦ
2970 1492 3059 1552 ἐπὶ
3088 1495 3335 1552 πλεῖστον
3364 1489 3473 1550 διὰ
3502 1489 3579 1548 τὸ
3606 1494 3727 1550 λε·-

2138 1583 2433 1660 πτόγεων
2460 1582 2828 1648 ἀστασίαστος.
2856 1585 3093 1640 Iocatus
3110 1593 3215 1652 est,
3235 1593 3405 1656 puto,
3426 1581 3531 1642 Cr.
3560 1600 3727 1638 novo

2140 1674 2378 1732 sortasse
2404 1673 2727 1746 vocabulo„
2743 1673 2855 1731 'sed
2878 1673 3203 1746 aptissimo,
3233 1671 3595 1727 Athenarum
3618 1690 3729 1726 nr-

2140 1761 2271 1816 bem
2296 1761 2490 1816 dicens
2512 1757 2851 1834 ἐριδούλακα,
2880 1760 2925 1814 i.
2956 1777 3007 1814 e.
3038 1755 3307 1835 ἐρίὸουλον
3324 1799 3344 1832 ,
3362 1760 3729 1814 consiliorum

2141 1850 2386 1922 plenam,
2426 1847 2587 1919 cujus
2616 1849 2703 1904 rei
2742 1865 2907 1903 causa
2939 1849 3149 1923 passim
3193 1846 3350 1922 apud
3380 1847 3731 1922 Aristopha-

2141 1953 2275 1992 nem
2322 1935 2693 1993 Athenienses
2748 1931 3184 2012 πολυπράγμονες
3238 1935 3255 2008 (
3296 1953 3351 1992 v.
3438 1935 3729 2010 Xenoph.

2148 2027 2296 2097 Rep.
2339 2025 2545 2080 Athen.
2590 2042 2651 2092 α,
2697 2023 2766 2078 18
2796 2023 2813 2096 )
2848 2033 3127 2078 vocantur
3156 2017 3507 2095 μετάδουλοι,
3560 2021 3731 2099 ταχύ·

2144 2107 2343 2170 ὅουλοι.
2402 2110 2617 2183 Quidni
2684 2106 3050 2187 ἔριδούλακες,
3106 2107 3601 2184 quemadmodum
3674 2123 3735 2164 et

2146 2194 2403 2274 ἐριὸῶλαξ
2428 2210 2488 2256 et
2514 2195 2765 2276 ἒρίὸωλος
2784 2197 2998 2254 dicitur
3018 2198 3241 2270 illisque
3265 2197 3579 2272 presidens
3612 2199 3729 2254 dea

2094 2262 2103 2378 Ι
2143 2287 2313 2344 laude
2358 2298 2597 2344 ornatur
2644 2289 2737 2355 τῆς
2770 2283 3120 2350 πολυὸουλίας
3164 2283 3375 2360 (Iliad.
3414 2283 3475 2359 5,
3522 2285 3651 2342 260
3672 2287 3733 2362 )?

2096 2381 2103 2430 Ξ
2147 2409 2227 2422 ——
2240 2376 2637 2434 Pandioniden
2652 2378 2825 2434 Mein.
2844 2376 3107 2450 intelligit
3122 2376 3415 2444 Periclem,
3432 2393 3517 2448 qu
3524 2377 3733 2432 oniam

2145 2464 2519 2521 Pandionidae
2548 2475 2684 2538 post
2716 2465 2896 2539 patris
2924 2464 3148 2518 obitum
3176 2463 3426 2520 Athenas
3468 2467 3697 2520 reversi
3714 2508 3733 2533 ,

2144 2553 2340 2624 ejectis
2365 2553 2718 2622 Metionidis,
2757 2569 2976 2610 summa
3004 2570 3198 2608 rerum
3240 2552 3413 2625 potiti
3441 2563 3585 2606 sunt
3622 2551 3645 2627 (
3666 2573 3728 2607 v.

2146 2643 2331 2715 Heyn.
2410 2641 2487 2698 ad
2542 2641 2816 2716 Apollod.
2882 2659 2938 2710 a,
3002 2660 3067 2716 p.
3136 2639 3244 2708 341
3314 2657 3413 2713 seq
3438 2641 3499 2716 );
3550 2659 3737 2713 quem

2145 2732 2449 2800 Periclem,
2480 2749 2661 2804 quum
2683 2749 2785 2788 rex
2813 2729 2998 2785 dictus
3026 2728 3239 2784 inludo
3258 2729 3743 2786 latrunculorum

2145 2829 2383 2894 urgente
2421 2821 2750 2876 necessitate
2776 2819 2948 2874 etiam
2980 2819 3103 2892 ipse
3151 2817 3469 2873 movendus
3498 2819 3597 2886 sit,
3632 2821 3737 2878 Cr.
3803 2831 3804 2885 ξ

2145 2909 2375 2965 videtur
2410 2908 2714 2965 admonere
2738 2918 2805 2965 ut
2836 2919 3033 2965 caveat
3064 2923 3140 2963 ne
3176 2906 3394 2982 pariter
3432 2924 3469 2963 a
3522 2908 3744 2963 turbu-

2146 2998 2312 3053 lentis
2340 2998 2667 3053 hominibus
2694 2999 2755 3052 in
2796 2996 3101 3053 discrimen
3138 2996 3662 3071 necessitatemque
3684 3018 3747 3053 se

2150 3084 2456 3141 abdicandi
2493 3102 2671 3159 regno
2702 3083 3044 3141 adducatur.
3084 3116 3162 3127 —
3198 3082 3488 3138 zenobius
3534 3084 3599 3155 5,
3636 3086 3745 3156 67,

2150 3170 2341 3237 Πόλεις
2362 3168 2566 3239 παίζειν
2600 3191 2614 3227 :
2657 3168 2919 3247 μέμνηται
2946 3168 3143 3241 ταύτης
3182 3170 3289 3246 Κρ.
3315 3168 3370 3225 ἓν
3402 3176 3529 3235 ταῖς
3548 3175 3747 3251 Δραπ.

2907 3292 2963 3350 li.

2234 3400 2487 3457 AElianus
2506 3402 2575 3457 N.
2599 3402 2670 3458 A.
2702 3414 2737 3453 ’1
2751 3418 2811 3469 a,
2844 3416 2913 3453 10
2948 3416 2961 3453 z
2992 3394 3202 3473 λέγουσι
3240 3392 3295 3453 δὲ
3336 3393 3457 3461 τοὺς
3502 3400 3614 3470 μῦς
3658 3400 3757 3456 λα·

2149 3484 2452 3563 γνιστάτους
2468 3476 2618 3557 εἶναι,
2649 3484 2739 3542 καὶ
2758 3483 3007 3565 μάρτυρά
3036 3506 3096 3561 γε
3128 3482 3388 3563 Κρατῖνον
3410 3482 3755 3563 ἐπάγονται,

2152 3568 2361 3630 εἰπόντα
2392 3574 2445 3629 ἐν
2466 3579 2581 3639 ταῖς
2602 3576 2777 3650 Δραπ.

3019 3688 3212 3779 Φέρε,
3246 3696 3345 3752 νῦν
3385 3710 3483 3752 σοι

2250 3792 2311 3875 ἐξ
2362 3792 2595 3883 αἰθρίας
2662 3793 3159 3883 καταπυγοσύνην
3216 3791 3360 3882 μυὸς
3432 3790 3763 3884 ἀστράψω
3801 3780 3802 3791 ¹

3322 3906 3765 3987 Ξενοφῶντος,

2154 4030 2190 4082 i.
2220 4042 2268 4080 e.
2298 4025 2595 4099 paedicabo
2632 4036 2685 4080 te
2718 4024 2934 4081 effrena
2962 4024 3239 4093 libidine,
3276 4036 3344 4081 ut
3368 4026 3767 4104 Xenophon,

2156 4112 2393 4168 fortasse
2431 4114 2770 4187 Melitensis,
2806 4112 2955 4169 filius
2996 4109 3320 4189 Euripidis»,
3368 4134 3771 4177 commemo-

2154 4210 2307 4256 ratus
2328 4201 2425 4255 ille
2446 4202 2507 4255 in
2530 4200 2731 4257 decem
2756 4201 3181 4257 Atheniensium
3204 4202 3452 4259 ducibus
3474 4204 3637 4261 belli
3664 4210 3773 4265 Sa-

2154 4287 2253 4343 mii
2289 4286 2444 4363 apud
2484 4287 2903 4345 Androtionem
2942 4288 3125 4347 schol.
3169 4288 3433 4345 Aristidis
3488 4310 3555 4366 p.
3614 4296 3773 4365 485,

2104 4438 2109 4443 ι
2155 4374 2407 4448 itemque
2435 4376 2506 4433 de
2531 4377 2893 4451 expeditione
2920 4377 3277 4434 Chalcidensi
3303 4379 3497 4440 Thuc.
3544 4402 3614 4457 ει,
3662 4406 3772 4461 79,

2161 4538 2384 4595 devorat
2406 4538 2552 4595 enim
2574 4536 2840 4613 quidquid
2862 4538 3036 4609 adest,
3066 4548 3121 4596 et
3136 4538 3223 4597 vel
3248 4540 3319 4599 de
3336 4542 3519 4601 mullo
3540 4561 3779 4619 pugua-

2164 4711 2516 4778 Pandionide,
2548 4712 2700 4771 urbis
2715 4728 2809 4770 rex
2913 4632 2967 4682 3.
3640 4640 3800 4720 [ηιξ

2164 4798 2437 4856 foecundae
2460 4800 2601 4871 agris
2624 4802 2713 4869 (?),
2734 4800 2898 4867 nosti,
2924 4815 3094 4873 quam
3114 4798 3379 4869 dicimus,

2114 4904 2119 4911 ·
2164 4902 2352 4942 canem
2374 4894 2426 4941 et
2444 4886 2637 4942 urbem
2660 4886 2939 4943 lusoriam.

2919 4980 2973 5029 4.

2382 5066 2516 5133 Age,
2542 5078 2690 5117 nunc
2710 5061 2808 5117 tibi
3478 5066 3779 5137 [1111011ιὶ5.

2168 5163 2198 5203 e
2234 5163 2425 5204 sereno
2466 5147 2878 5220 pandit-ationem
2916 5150 3187 5209 murinam
3222 5148 3527 5223 fulgurabo
3570 5160 3788 5215 Xeno·
