3809 5850
1570 413 1982 481 CRATINUS.
3309 439 3384 492 20

908 545 969 604 3.

220 653 453 712 Graium.
482 656 741 712 Beliker.
788 659 1027 715 Aneed.
1060 679 1122 733 p.
1159 659 1299 736 445,
1338 667 1405 726 14
1444 657 1727 740 ιἌρκιον,

165 741 259 818 οὐχὶ
284 740 455 818 ἄρκον,
476 739 839 801 Ὀδυσσεῦσιν
852 791 871 815 ,

246 863 351 934 Ἐπ’
388 865 648 960 ἀριστέρ’
682 871 781 935 ἀεὶ
816 874 935 943 τὴν
972 867 1197 962 ἄρκτον
1242 871 1399 962 ἔχων
1451 870 1731 962 λάμπου-

1039 1003 1169 1062 σαν,
1205 979 1315 1054 ἕως
1350 971 1421 1042 ἂν
1466 979 1727 1071 ἐφεόρῃς.

162 1103 337 1158 Codex
358 1101 647 1168 Ὀδυσσεὺς
672 1105 729 1161 ἐν
760 1105 923 1181 ἅρ....
946 1103 1233 1184 ἄνευερερὴς
1256 1107 1373 1182 (sic)
1388 1148 1405 1178 ,
1428 1127 1555 1182 quae
1573 1110 1731 1165 resti-

162 1193 259 1246 tuit
278 1193 471 1259 Mein„
500 1192 625 1248 haec
649 1193 869 1248 addens
898 1213 912 1248 :
966 1219 992 1244 n
1038 1195 1331 1250 Cratinum
1369 1199 1727 1270 transtulisse,

162 1280 306 1350 quod
314 1279 479 1354 -apud
490 1281 819 1336 Homerum
836 1282 853 1355 (
867 1282 1066 1355 Odyss.
1080 1285 1135 1352 5,
1148 1301 1182 1336 α
1192 1281 1263 1353 76
1276 1293 1335 1338 et
1356 1303 1387 1354 7
1396 1303 1426 1353 7
1450 1279 1469 1359 )
1486 1283 1731 1358 Calypso

160 1367 204 1420 l?
210 1367 299 1420 lixi
312 1367 369 1420 in
378 1368 627 1440 patriam
638 1368 907 1423 redituro
922 1369 1083 1438 dicit,
1096 1370 1169 1424 ad
1179 1371 1291 1425 hoe
1305 1370 1731 1428 iterininsulam

160 1454 479 1528 Cyclopum,
502 1456 803 1528 perspexit
823 1456 1029 1530 Bergk.
1056 1455 1402 1516 Commentt.
1429 1476 1490 1531 p.
1526 1457 1659 1530 157.
1698 1483 1722 1509 υ

917 1589 973 1640 7.

230 1682 431 1741 Athen.
461 1681 521 1752 3,
548 1701 614 1756 p.
642 1701 753 1757 99,
774 1684 821 1739 F
856 1702 870 1737 z
905 1683 1264 1760 χορτασθῆναι
1294 1680 1517 1760 εἴρηται,
1544 1671 1590 1740 ὦ
1617 1683 1729 1740 δαι·

156 1766 293 1868 μῄόνιε
354 1768 597 1846 ἅνδρῶν,
640 1765 795 1846 παρὰ
847 1766 946 1844 μὲν
990 1768 1233 1848 Κρατίνῳ
1280 1769 1333 1826 ἓν
1386 1767 1731 1828 Ὀδυσσεῦσιν

152 1877 321 1918 ουτως·

244 1957 407 2036 fle-ce
440 1971 815 2064 πανημέριοι
842 1965 1273 2064 χορταζόμενοι
1300 1970 1461 2063 γάλα
1493 1971 1727 2042 λευκόν.

152 2097 305 2151 Libri
327 2087 466 2166 ἦσθα
488 2100 582 2154 vel
610 2087 795 2167 ἧσθαι,
825 2099 998 2174 vulgo
1020 2087 1168 2171 ἧσθε,
1188 2099 1289 2155 sed
1310 2089 1438 2168 ἧσθι
1464 2118 1559 2175 ap.
1592 2101 1733 2156 Pris-

154 2186 291 2239 cian.
338 2187 433 2255 18,
472 2205 530 2260 p.
570 2205 689 2256 ²72
730 2189 841 2243 Kr.
892 2211 917 2235 κ
967 2186 1231 2262 Cyclopis
1270 2187 1391 2243 haec
1436 2188 1615 2242 verba
1659 2187 1733 2244 ad

156 2272 353 2330 [lixen
384 2275 629 2347 ejusque
674 2275 895 2344 socios,
940 2275 1087 2330 lacte
1117 2294 1175 2332 se
1204 2277 1437 2350 largiter
1468 2276 1733 2350 ingurgi-

160 2373 349 2420 tantes.
386 2387 413 2412 n
450 2365 503 2418 E
530 2365 715 2418 Μαίη.
742 2362 945 2418 Aliena
971 2373 1136 2437 sunt,
1163 2381 1289 2436 quae
1312 2363 1507 2418 nescio
1535 2361 1729 2434 cujus,

158 2462 381 2504 auctore
436 2451 701 2504 Porsono
760 2447 920 2522 apud
971 2449 1257 2508 Gaisford.
1312 2449 1387 2504 ad
1442 2451 1727 2524 Hephaest.

154 2557 213 2611 p.
252 2555 365 2606 ²72
386 2579 403 2606 ,
434 2537 525 2592 his
562 2537 862 2608 subjunxit
902 2537 1102 2604 Mein„
1128 2538 1308 2593 verba
1335 2556 1401 2594 ex
1432 2539 1732 2594 sclioliaste

160 2625 539 2700 Aristophanis
562 2624 639 2680 ad
668 2629 843 2699 Vesp.
874 2642 989 2694 7¹⁰
1018 2643 1033 2678 ι

248 2751 391 2806 πῦον
416 2734 773 2830 δαινύμενοι
792 2788 811 2820 ,
844 2737 1347 2829 κάμπιπλάμενοι
1382 2739 1663 2832 πυριάτῃ.

922 2867 977 2929 5.

236 2985 389 3040 Idem
414 3002 474 3058 9,
498 3002 562 3058 p.
600 2980 739 3052 385,
765 2982 811 3037 C
848 3002 861 3035 :
890 2980 1001 3057 Κρ.
1034 2979 1086 3035 ἓν
1114 2978 1232 3039 Ὀδ.
1265 2977 1441 3057 εἴρηκε
1466 2977 1561 3050 τὴν
1584 2978 1731 3048 ὀξάλ-

162 3094 261 3144 μην
280 3069 361 3127 διὰ
390 3066 591 3126 τούτων
608 3085 622 3097 ·

252 3183 397 3253 ivo’
428 3184 507 3251 ὧν
553 3184 795 3261 πάντας
827 3184 986 3249 ἑλὼν
1016 3188 1171 3273 ὑμᾶς
1200 3180 1435 3273 ἐρίηρας
1470 3182 1734 3275 ἑταίρους

248 3285 483 3381 φρύξας,
509 3287 745 3377 ἑψήσας
778 3287 888 3353 καὶ
928 3290 1022 3353 ἐπ’
1060 3287 1375 3377 ἀνθρακιᾶς
1408 3290 1713 3367 ὀπτήσας,

256 3400 335 3473 εἰς
355 3400 561 3487 ἅλμην
590 3422 663 3462 τε
692 3395 803 3461 καὶ
830 3391 1111 3487 ὀξάλμην
1147 3388 1281 3482 κᾷτ’
1311 3396 1368 3471 ἐς
1405 3387 1739 3487 σκοροδάλ-

706 3520 716 3525 -
1621 3528 1737 3592 μην

250 3612 495 3701 χλιαρὸν
556 3602 919 3699 ἐμῧάπτων,
980 3604 1043 3683 ὃς
1098 3602 1171 3672 ἂν
1224 3606 1565 3683 ὀπτότατός
1633 3634 1739 3699 μοι

1458 3738 1739 3780 απαντων

252 3826 413 3911 ὑμῶν
428 3818 749 3911 φαίνηται,
764 3815 1229 3911 κατατρώξομαι
1240 3823 1320 3895 ὡς
1348 3826 1739 3910 στρατιῶται.

166 3950 287 4009 {ivss’
306 3943 399 4022 ὧν,
416 3955 534 4009 Pro
555 3950 857 4021 lib-jactis.
872 3952 1037 4008 Dixit
1048 3951 1283 4008 fortasse
1304 3969 1504 4027 capras
1526 3962 1740 4008 macta-

166 4050 245 4094 tas
262 4042 329 4095 ab
346 4042 549 4115 Ulysse
562 4050 625 4095 et
644 4040 813 4095 sociis
828 4038 949 4112 ejus
976 4041 1035 4094 in
1058 4040 1239 4095 insula
1255 4041 1507 4107 Lachea,
1533 4039 1737 4112 OdysS.

170 4145 229 4199 9,
255 4128 357 4184 155
386 4146 555 4203 seqq.
594 4124 715 4202 Ἐρ.
762 4125 998 4205 ἑταίρους
1038 4126 1286 4203 Cyclops
1326 4128 1465 4184 dicit
1500 4128 1739 4200 Ulyssen

172 4216 415 4287 irridens,
448 4215 551 4289 qui
592 4214 784 4270 verbis
810 4214 925 4271 illis
944 4233 1079 4271 usus
1120 4227 1258 4272 erat.
1283 4216 1519 4285 Eadem,
1546 4216 1739 4288 primo

926 4461 981 4509 3.

178 4544 263 4600 Ad
284 4545 549 4599 sinistram
576 4558 794 4615 semper
818 4542 1025 4599 Ursam
1049 4542 1257 4600 liabens
1296 4543 1619 4616 fulgentem,
1644 4542 1742 4599 do-

1326 4647 1427 4687 nee
1454 4647 1741 4688 inveneris.

930 4724 983 4772 4.

178 4804 383 4861 sedetis
402 4813 515 4862 toto
534 4804 645 4873 die,
668 4806 857 4863 satiati
876 4804 1021 4862 laete
1043 4803 1296 4861 candido.

922 4898 978 4949 5.

186 4983 293 5035 Pro
310 4978 387 5036 his
398 4980 485 5037 ubi
504 4997 596 5039 vos
616 4996 811 5039 omnes
832 4981 1173 5053 corripuer0‚
1199 4996 1363 5037 caros
1383 4984 1633 5051 comites,

186 5066 385 5132 frictus,
410 5077 605 5137 coctos,
632 5077 955 5141 assatosque
978 5082 1145 5139 super
1174 5068 1455 5134 carboneS,

188 5160 255 5207 et
276 5152 701 5228 insalsilaginem,
724 5154 813 5211 vel
842 5151 1085 5219 acidam,
1112 5152 1193 5208 vel
1221 5153 1347 5210 allio
1372 5155 1595 5211 mixtam

1820 573 1986 610 versu
2025 555 2249 626 omisso,
2287 556 2490 612 Pollux
2523 557 2585 626 6,
2615 557 2710 632 69.
2741 561 2808 619 V.
2841 579 2876 616 α
2904 561 3039 617 Ath.
3087 561 3396 642 κᾶπανθρα-

1818 638 1990 706 κίσας.
2017 645 2086 702 V.
2113 641 2146 698 5
2168 644 2236 708 ὡς
2256 647 2602 721 στρατιῶται,
2635 659 2695 702 ue
2715 650 2940 722 milites,
2965 668 3127 706 more
3153 653 3396 706 militum

1818 729 2208 786 famelicorum
2236 742 2406 804 atque
2447 733 2878 807 impudentium.
2929 737 3235 812 Pei-peram
3265 739 3395 794 libri

1818 801 1864 870 ὦ
1907 817 2251 894 στρατιῶται,
2288 837 2468 892 quum
2507 821 2685 877 modo
2725 821 2986 878 homines
3025 825 3396 899 appellaverit

1820 898 2032 981 ἐρίηρας
2056 899 2314 980 ἑταίρους.

2579 1019 2635 1077 6.

1900 1125 2110 1184 Athen.
2151 1146 2246 1195 10,
2271 1145 2332 1201 p.
2365 1135 2438 1194 44
2452 1127 2508 1198 6,
2539 1130 2582 1183 Β
2609 1147 2624 1183 2
2652 1125 2712 1186 τὸ
2738 1125 2791 1185 δὲ
2816 1131 2960 1186 πῖθι
2985 1127 3064 1194 τίς
3091 1126 3392 1208 sip-quen...

1820 1207 1970 1290 παρὰ
1996 1210 2242 1290 Κρατίνῳ
2269 1211 2407 1290 ἔχεις
2435 1213 2489 1271 ἐν
2512 1210 2636 1271 Ὀδ.

1918 1345 2010 1428 Τῇ
2052 1345 2151 1402 νῦν
2181 1329 2328 1400 τόδε
2357 1336 2491 1402 πῖθι
2533 1331 2739 1403 iaec-w
2792 1327 2936 1418 ἤδη,
2981 1336 3084 1402 καὶ
3129 1339 3399 1430 τοῦνομά

2901 1447 2966 1532 μ’
2999 1441 3159 1519 εὐθὺς
3188 1444 3396 1534 ἐρώτα.

1822 1575 1986 1632 Conf.
2021 1575 2132 1633 Od.
2180 1595 2240 1650 9,
2274 1575 2386 1648 347
2428 1596 2445 1631 τ
2477 1573 2715 1654 Κύκλωψ
2761 1578 2828 1654 τῇ
2861 1573 2950 1633 πίε
2999 1566 3159 1637 οἶνον.
3200 1578 3397 1651 conji-

1824 1663 2044 1718 ciebam
2068 1660 2159 1718 καὶ
2183 1659 2410 1738 τοῦνομά
2431 1660 2485 1740 γ’
2507 1659 2652 1728 εὐθὺς
2671 1664 2774 1741 ἐρῶ
2787 1683 2886 1722 τοι.
2913 1665 3004 1720 Sic
3023 1667 3178 1721 enim
3195 1667 3396 1722 Ulixes

1822 1751 2020 1805 vinum
2038 1751 2391 1824 Polyphemo
2409 1753 2729 1826 porrigens,
2753 1769 2849 1825 ap.
2875 1745 3108 1809 Homer.
3134 1751 3354 1827 &5364
3377 1773 3390 1808 ι

1828 1833 2086 1914 Κύκλωψ,
2131 1837 2350 1915 εἰρωτᾷς
2394 1838 2454 1912 μ’
2493 1835 2656 1914 ὄνομα
2699 1835 2909 1895 κλυτόν·
2961 1835 3130 1916 αὐτὰρ
3173 1837 3278 1915 ἐγώ
3317 1859 3398 1896 τοι

1827 1919 2071 2000 Ἐξερίω.
2127 1949 2152 1972 ι
2197 1924 2309 1980 Sed
2353 1927 2414 1980 in
2459 1943 2556 1996 eo,
2609 1927 2798 2000 inquit
2843 1927 3050 2002 Bergk.
3121 1925 3394 2002 (Comm.

1822 2029 1885 2084 p.
1926 2009 2038 2084 159
2059 2005 2372 2086 ),Comicus
2401 2013 2474 2068 ab
2519 2015 2776 2070 Homero
2819 2015 3069 2086 recessit,
3103 2014 3267 2088 quod
3315 2013 3398 2068 ibi

1826 2094 2212 2172 Polyphemus
2240 2098 2314 2153 ab
2343 2099 2510 2155 Ulixe
2536 2101 2738 2173 quaerit
2761 2119 2994 2170 nomen,
3028 2099 3164 2171 355,
3193 2099 3266 2158 56
3298 2119 3313 2155 ι

1904 2213 2008 2280 Δός
2030 2237 2120 2289 μοι
2148 2214 2224 2272 ἔτι
2251 2215 2525 2296 πρόφρων,
2556 2217 2648 2275 καί
2677 2239 2768 2293 μοι
2792 2218 2908 2276 τεὸν
2935 2216 3132 2294 οὕνομα
3159 2219 3274 2276 εἰπὲ

1907 2301 2094 2359 αὐτίκα
2124 2305 2232 2374 νῦν,
2255 2299 2340 2359 ἵνα
2361 2325 2441 2360 τοι
2463 2304 2538 2362 δῶ
2569 2303 2768 2378 ξείνιον,
2797 2295 2842 2385 ᾧ
2868 2327 2926 2363 κε
2951 2303 3013 2363 σὺ
3037 2303 3244 2386 χαίρῃς·

1828 2426 2082 2498 itemqu'e
2101 2423 2400 2498 Euripides
2427 2425 2584 2498 Cycl.
2621 2424 2734 2482 525
2763 2446 2776 2480 ι

1909 2532 1988 2593 Σὺ
2014 2533 2079 2607 δ’,
2105 2521 2150 2590 ‹2¹›
2173 2530 2292 2605 ξέν’,
2318 2531 2430 2591 εἰπὲ
2447 2531 2680 2610 τοῦνομ’,
2703 2535 2736 2593 ὅ
2750 2534 2802 2593 τί
2820 2557 2880 2594 σε
2903 2533 3008 2617 χρὴ
3032 2535 3227 2594 καλεῖν.
3256 2563 3279 2590 »

1830 2652 2030 2732 [Εὗθύς
2067 2655 2334 2729 equidem
2363 2657 2423 2710 in
2447 2647 2590 2722 αὖθις
2612 2661 2952 2716 mutaverim
2983 2679 2994 2714 :
3025 2661 3190 2716 Nunc
3235 2663 3396 2730 bibe,-

1822 2749 2098 2819 posterius
2121 2763 2322 2800 nomen
2351 2763 2534 2802 meum
2566 2751 2800 2822 inquire.
2831 2749 2898 2806 F.
2923 2751 3110 2806 Dum.
3135 2745 3158 2822 ]

2585 2880 2642 2931 7.

1908 2971 2114 3026 Pollux
2145 2969 2206 3041 6,
2243 2969 2353 3026 26:
2390 2970 2494 3048 Κρ.
2545 2967 2721 3045 μέντοι
2767 2973 3059 3048 (itemque
3103 2975 3402 3051 Euripides

1828 3057 1981 3132 Cycl.
2012 3056 2125 3131 395
2147 3057 2166 3133 )
2197 3053 2285 3113 τὸν
2312 3044 2447 3113 οἶνον
2468 3054 2706 3134 Μάρωνα
2733 3058 2956 3136 εἴρηκεν·

1932 3172 2120 3237 Οὔπω
2151 3169 2311 3237 ”πιον
2345 3182 2631 3237 τοσοῦτον
2666 3168 2801 3239 οὐδὲ
2829 3174 3048 3265 πίομαι

1927 3275 2221 3367 Μάρωνα.

1834 3402 1965 3455 Haec
1986 3400 2249 3475 Cyclopis
2271 3401 2446 3457 verba
2467 3419 2578 3456 osse
2593 3404 2788 3457 vinum
2813 3403 2884 3459 ab
2913 3405 3083 3461 Ulixe
3106 3418 3404 3482 acceptum

1831 3488 2181 3558 admirantis,
2210 3489 2356 3544 vidit
2379 3489 2645 3559 Runkel„
2671 3491 2852 3545 allatis
2882 3492 3116 3549 Homeri
3143 3496 3401 3551 versibus

1832 3577 2033 3652 Odyss.
2061 3598 2132 3653 9,¹
2155 3579 2264 3653 196
2285 3597 2446 3651 seqq.
2468 3590 2526 3633 et
2544 3579 2743 3653 Eurip.
2768 3578 2924 3653 Cycl.
2967 3586 3034 3646 14
3050 3600 3071 3635 1
3087 3626 3101 3641 .
3131 3582 3407 3657 Bergkius

1831 3667 2032 3721 maluit
2059 3668 2316 3735 τοιοῦτον,
2349 3665 2512 3740 quod
2537 3682 2674 3723 sane
2699 3667 3078 3725 verisimilius.

2588 3780 2646 3835 8.

1915 3891 2124 3947 Athen.
2153 3910 2295 3965 ειη).
2336 3888 2438 3960 68,
2461 3890 2504 3947 C
2529 3908 2543 3947 ι
2567 3886 2648 3945 ὅτι
2677 3887 2794 3953 τοὺς
2819 3876 3048 3955 πέπονας
3073 3890 3172 3968 Κρ.
3206 3889 3300 3966 μὲν
3323 3914 3406 3949 σι-

1833 3975 1985 4042 κυοὺς
2009 3976 2336 4056 σπερματίας
2356 3975 2611 4047 κέκληκεν
2643 3978 2695 4035 ἐν
2723 3975 2841 4037 Ὀδ.

1933 4118 1992 4157 α.
2038 4088 2297 4158 Πώποτ’
2329 4084 2484 4167 εἶδές
2512 4116 2618 4182 μοι
2653 4092 2760 4156 τὸν
2790 4084 3004 4183 ἄνδρα,
3046 4084 3244 4158 παῖδα
3285 4105 3407 4159 Λα·

3021 4200 3163 4287 έρτα
3200 4197 3406 4288 φίλον;

1835 4452 2098 4525 tepidam,
2137 4452 2416 4519 intinctos,
2459 4452 2554 4525 qui
2593 4451 2836 4508 vaetrssm
2873 4452 3235 4509 assatissimus
3267 4454 3404 4511 mihi

1836 4538 2127 4603 videbitur,
2147 4553 2271 4594 eum
2295 4536 2596 4604 comedam,
2627 4546 2692 4594 ut
2717 4537 2937 4594 milites.
3058 4541 3406 4605 [cunctorum

2597 4630 2652 4680 6.
3111 4628 3400 4699 [quaerito.

1834 4714 1960 4769 Jam
1979 4726 2112 4784 cape
2133 4711 2238 4769 hoc
2263 4730 2274 4766 :
2303 4712 2432 4769 bibe
2453 4718 2757 4783 sumptum,
2781 4718 2834 4768 et
2862 4726 3066 4769 nomen
3093 4712 3220 4770 inde
3243 4731 3303 4771 ex
3322 4732 3408 4771 me

2592 4806 2618 4850 7

1835 4892 1882 4945 N
1888 4886 2096 4945 ondum
2114 4886 2226 4943 bibi
2247 4886 2412 4945 talem
2435 4902 2538 4945 nee
2563 4886 2745 4943 bibam

1836 4979 2116 5034 Maronem
2143 4980 2373 5043 (vinum
2402 4978 2754 5032 Maronia-um
2771 4986 2808 5043 J.

2597 5076 2649 5126 8.

1833 5172 1881 5213 a.
1929 5156 2032 5214 Ubi
2061 5156 2284 5213 tandem
2309 5157 2492 5214 vidisti
2517 5158 2650 5213 milii
2670 5156 2868 5223 virum,
2889 5158 3104 5218 Laertae
3125 5154 3336 5213 illium?
