3809 5850
1585 347 1991 411 CRATlNUs.
3326 369 3356 417 8
3369 369 3397 416 3

247 485 308 548 ἐν
337 474 407 548 δὲ
433 490 574 560 ταῖς
593 485 886 576 λέσχαισι
921 488 1138 574 φύσκαι
1159 491 1733 576 προσπεπατταλευ-

1557 593 1734 681 μέναι

249 695 782 787 κατακρέμανται,
817 703 980 762 τοῖσι
1026 689 1450 785 πρεσῧύταισιν
1494 689 1732 762 ἀποδοί-

1358 825 1520 866 κνειν
1553 792 1727 878 ὀδάξ.

153 929 332 980 Versu
361 925 396 981 3
442 926 619 985 codd.
663 927 884 1000 aliquot
921 925 1194 982 mendose
1241 923 1452 1000 φύσται.
1513 927 1582 986 In
1623 926 1734 983 fine

153 1014 315 1086 quod
342 1033 586 1071 numero
608 1014 974 1089 languidIore
995 1015 1205 1088 legitur
1231 1011 1608 1089 πρεσὸύταισιν
1635 1014 1732 1074 ἀπ.

150 1101 255 1171 63„
293 1101 534 1158 fortasse
561 1115 686 1158 erat
707 1099 1022 1179 πρεσὸύταις
1049 1099 1112 1157 ἂν
1143 1101 1240 1159 ἀπ.
1271 1100 1350 1157 ὀδ.
1385 1103 1474 1158 De
1491 1097 1554 1157 ἂν
1583 1103 1732 1157 miti-

151 1191 352 1264 gandae
371 1191 656 1247 orationis
673 1191 858 1265 gratia
879 1191 1132 1246 immisso
1156 1190 1358 1245 Matth.
1388 1189 1486 1248 Gr.
1516 1189 1566 1264 S.
1594 1188 1730 1264 598,

161 1305 184 1326 n
219 1280 584 1334 Describitur
603 1281 670 1336 h.
697 1281 738 1338 l.
763 1297 923 1335 coena
945 1276 1306 1348 sacrificalis,
1335 1297 1509 1352 quam
1541 1278 1732 1336 κοπίδα

155 1367 532 1441 appellabant
572 1367 994 1424 Lacedaemonii
1026 1387 1038 1420 :
1087 1367 1160 1422 ad
1197 1385 1322 1423 eam
1349 1379 1408 1423 et
1448 1366 1731 1442 indigenis

153 1466 210 1509 et
231 1457 554 1530 peregrinis
579 1456 817 1530 patebat
849 1455 1038 1512 aditus
1069 1473 1082 1509 :
1120 1454 1417 1530 Molpidis,
1446 1455 1732 1512 Philemo-

153 1544 272 1610 nis,
301 1543 538 1616 Didymi
556 1585 574 1615 ,
613 1545 1004 1616 aliorumque,
1027 1539 1102 1597 de
1128 1559 1194 1596 ea
1225 1542 1545 1597 testimonia
1573 1553 1730 1599 attu-

151 1629 215 1682 lit
265 1629 590 1686 Athenaeus.
651 1627 746 1687 cf.
784 1629 1015 1686 Miilleri
1075 1631 1216 1686 Dor.
1253 1647 1309 1699 α,
1352 1649 1411 1704 p.
1466 1649 1617 1700 2773
1661 1630 1732 1686 de

149 1734 253 1772 usu
283 1717 602 1774 lescharnm
631 1717 788 1794 apud
815 1717 1124 1791 Spartanos
1147 1727 1480 1790 ceterosque
1502 1717 1732 1774 Graecos

149 1804 614 1878 frequentissimo
664 1826 719 1866 v.
758 1805 1004 1862 eundem
1051 1804 1192 1865 ibid.
1261 1815 1319 1862 et
1365 1805 1730 1862 Thorlacium

149 1893 361 1966 Opusc.
407 1913 465 1970 1,
493 1913 560 1970 p.
585 1913 684 1965 27.
724 1919 752 1944 »
789 1895 944 1950 EM.

917 2009 972 2047 2.

229 2102 446 2158 Athen.
475 2101 534 2170 6,
557 2119 616 2175 p.
649 2100 788 2172 267,
811 2103 858 2156 E
887 2121 901 2156 :
937 2100 984 2157 oi
1014 2096 1070 2156 al
1094 2101 1185 2168 τῆς
1209 2096 1436 2178 ἀρχαίας
1455 2098 1731 2179 κωμῳδίας

149 2186 368 2258 ποιηταὶ
397 2185 521 2266 περὶ
553 2191 644 2246 τοῦ
685 2185 912 2266 ἀρχαίου
946 2184 1060 2265 βίου
1105 2185 1492 2263 διαλεγόμενοι,
1528 2185 1608 2244 ὅτι
1637 2188 1730 2244 οὔκ

149 2269 214 2346 ἦν
241 2275 362 2332 τότε
384 2274 588 2334 δούλων
610 2275 798 2353 χρεία,
826 2273 1135 2334 ἐκτίθενται.
1167 2274 1272 2352 Κρ.
1302 2271 1400 2348 μὲν
1425 2276 1477 2332 ἐν
1499 2275 1608 2332 Πλ.

348 2392 460 2470 Οἷς
496 2387 575 2468 δὴ
609 2393 892 2478 βασιλεὺς
925 2393 1153 2488 Κρόνος
1181 2389 1254 2464 ἦν
1288 2392 1360 2458 τὸ
1398 2393 1680 2470 παλαιὸν,

247 2501 360 2563 ὅτε
404 2507 532 2576 τοῖς
582 2497 790 2590 ἄρτοις
835 2492 1308 2591 ἠστραγάλιζον,
1347 2491 1532 2590 μᾶζαι
1569 2490 1633 2564 δ’
1670 2502 1729 2564 ἐν

1117 2610 1289 2668 ταῖσι
1325 2603 1728 2696 παλαίστραις

255 2709 558 2804 Αἰγιναῖαι
603 2705 1062 2782 κατεῧέὸληντο
1115 2704 1467 2802 δρυπεπεῖς,
1507 2712 1728 2794 βώλοις

1313 2812 1368 2880 τ’
1398 2817 1722 2907 ἐκόμησαν.

153 2944 333 3019 Vulgo
371 2941 562 3020 βώλοις
599 2964 656 2999 τε
697 2946 968 3018 κομῶσαι,
1011 2962 1136 3017 quae
1175 2944 1320 2999 mire
1352 2956 1728 3000 exercuerunt

151 3034 302 3087 viros
331 3031 558 3087 doctos.
594 3032 1141 3107 Schweighaeuserus
1179 3032 1446 3105 Hesychii
1482 3033 1724 3107 glossam

153 3132 454 3189 memorat,
487 3116 686 3177 Βωλία·
710 3118 888 3197 βωλίς,
916 3117 1086 3194 μάζης
1108 3108 1240 3183 εἶδος
1267 3118 1320 3173 ἐν
1355 3119 1470 3183 ταῖς
1497 3116 1724 3190 θυσίαις,

149 3208 404 3263 massula·
432 3208 698 3264 rotundae
729 3210 848 3289 sive
888 3208 1112 3283 globuli
1139 3224 1210 3263 ex
1241 3206 1425 3262 farina
1454 3207 1720 3264 consecti.

147 3298 206 3349 Si
243 3315 352 3351 nos
387 3295 592 3365 andis,
632 3294 984 3369 praedicatur
1025 3306 1188 3351 terrae
1226 3294 1483 3350 fertilitas
1502 3335 1519 3363 ,
1557 3313 1726 3367 quam

149 3384 320 3439 fuisse
358 3383 637 3439 dicebant
669 3402 792 3438 aevo
828 3380 1057 3439 Saturni
1084 3382 1204 3437 sive
1255 3399 1460 3441 aureo.
1489 3382 1728 3438 Ovidius

149 3474 288 3531 Met.
323 3490 346 3526 ι
357 3514 374 3537 ,
389 3490 470 3546 99
488 3490 650 3545 seqq.
667 3468 1034 3546 (ταυτολόγοις
1049 3482 1107 3527 et
1116 3480 1462 3547 praepostere
1471 3470 1730 3526 immissis

147 3559 342 3613 verbis
393 3564 526 3633 ipsa
571 3576 790 3633 quoque
839 3564 1102 3613 immunis
1145 3570 1432 3631 rastroque
1475 3562 1685 3612 intacta
1703 3600 1715 3623 ,

147 3666 250 3700 nec
287 3648 424 3701 ullis
462 3647 678 3701 Sauciet
713 3647 1053 3713 vomeribus,
1080 3666 1190 3720 per
1216 3664 1278 3700 se
1317 3646 1494 3701 dabat
1536 3651 1729 3701 onmia

147 3738 336 3797 renus,
377 3735 466 3790 vel
497 3735 721 3804 recisis,
763 3736 856 3792 vel
895 3737 1090 3809 potius
1125 3735 1388 3810 repositis
1422 3746 1554 3809 post
1593 3734 1715 3801 108,

147 3826 278 3879 loco
311 3822 740 3897 languidior-um
779 3834 837 3879 et
873 3825 1233 3898 spuriorum,
1259 3826 1304 3879 si
1347 3822 1489 3897 quid
1511 3825 1724 3893 sentio,

149 3918 318 3965 edam
331 3910 548 3985 fruges
577 3913 741 3966 tellus
768 3908 1261 3984 inaraeaferebat,
1293 3914 1414 3967 Nec
1439 3924 1730 3968 renovatus

151 4020 292 4071 aget
309 4000 568 4072 gravidis
595 4000 833 4055 canebat
863 4005 1050 4055 aristis
1065 3997 1106 4075 ).

757 4114 890 4169 Sine
927 4114 1118 4168 militis
1146 4132 1252 4169 usu

227 4202 422 4257 mollia
449 4218 664 4256 securoe
692 4201 1042 4275 peragebant
1071 4202 1188 4257 otia
1208 4212 1402 4276 gentes
1420 4242 1435 4267 ‚

227 4290 609 4365 contentique
637 4288 780 4343 cibis
801 4290 961 4343 nullo
983 4300 1217 4364 cogente
1240 4290 1438 4343 creatis

227 4378 504 4433 arbuteos
527 4376 701 4432 soetus
733 4386 1120 4449 montanaque
1151 4375 1306 4450 fraga
1340 4374 1622 4450 legebant.

153 4495 218 4547 Et
243 4494 584 4549 Graecorum
609 4501 742 4547 ante
763 4509 960 4545 omnes
983 4490 1266 4546 Hesiodus
1293 4490 1368 4545 de
1397 4490 1728 4543 hominibus

153 4593 286 4636 tunc
311 4580 613 4653 natis,0p.
641 4588 698 4633 et
723 4580 796 4634 D.
834 4596 856 4631 ι
875 4577 941 4632 15
973 4568 1005 4633 :'

155 4824 206 4869 et
231 4816 288 4870 in
317 4813 518 4871 leschin
539 4812 720 4870 botuli
743 4813 958 4885 paxillis

158 4902 420 4970 pendent,
445 4917 642 4959 senum
671 4900 932 4958 dentibus
953 4900 1226 4973 carpendi.

916 4994 950 5044 2

159 5080 360 5151 Quibus
382 5094 514 5135 sane
543 5094 636 5135 rex
659 5080 930 5135 Saturnus
951 5032 1056 5134 init
1075 5076 1374 5149 antiquitus
1390 5120 1405 5141 ,
1515 5073 1728 5146 llaestris

161 5165 370 5237 quando
415 5165 652 5239 panibus
693 5162 1178 5235 astragalizabant‚
1220 5178 1494 5235 mamque
1531 5161 1584 5216 in
1632 5176 1725 5233 pa-

363 5274 654 5311 mactemus
681 5273 933 5310 GOUOEDLC
965 5272 1177 5310 vermis.

1911 478 2149 559 τέρποντ’
2180 483 2233 538 ἐν
2262 479 2473 558 θαλίῃσι
2508 483 2683 538 κακῶν
2710 481 2948 541 ἔκτοσθεν
2973 484 3238 557 ἁπάντων,

1908 571 2129 638 θνῆσκον
2165 568 2211 625 δ’
2235 569 2305 634 ὣς
2330 566 2477 648 ὕπνῳ
2506 569 2843 645 δεδμημένοι·
2875 571 3036 629 ἐσθλὰ
3064 573 3117 631 δὲ
3147 573 3322 631 πάντα

1908 655 2070 713 τοῖσιν
2099 654 2217 726 ἔην·
2249 657 2495 736 καρπὸν
2523 657 2571 712 δ’
2604 657 2791 738 ἔφερε
2820 657 3130 740 ζείδωρος
3159 660 3399 740 ἄρουρα

1911 743 2264 821 αὐτομάτη
2299 744 2546 802 πολλόν
2576 767 2647 801 τε
2682 744 2792 803 καὶ
2827 745 3135 824 ἄφθονον.

1829 863 2055 937 Βώλοις,
2082 869 2279 940 glebis,
2311 869 2489 942 agris;
2522 865 2808 943 ἔκόμησαν,
2828 871 2868 926 ἱ.
2904 889 2958 928 e.
2978 868 3115 944 μέγα
3136 871 3398 950 ἐφρόνουν,

1829 953 2183 1029 ἐσεμνύνοντο.
2232 954 2560 1012 Herodotus
2591 956 2643 1026 5,
2685 977 2747 1026 71
2783 976 2796 1015 :
2828 948 2973 1022 οὗτος
3010 957 3097 1014 ἐπὶ
3133 957 3396 1035 τυραννίδι

1829 1040 2085 1118 ἐκόμησε,
2108 1053 2210 1097 etc.

2590 1157 2643 1215 3.

1910 1277 2073 1336 Idem
2097 1299 2153 1349 7,
2175 1297 2236 1352 p.
2268 1277 2399 1346 303,
2421 1281 2473 1334 D
2500 1297 2513 1336 :
2544 1275 2799 1349 διίστησιν
2823 1279 2983 1345 αὐτὰς
3005 1277 3115 1360 (τὰς
3134 1279 3395 1359 θυννίδας)

1827 1367 1933 1424 τῶν
1975 1365 2166 1424 θύννων
2210 1367 2301 1424 καὶ
2332 1365 2666 1445 Ἐπίχαρμος
2712 1369 2764 1424 ἐν
2797 1367 3053 1435 Μούσαις.
3112 1371 3214 1448 Κρ.
3265 1370 3312 1427 δ’
3344 1373 3397 1428 ἐν

1829 1454 1940 1512 Πλ.
1990 1481 2015 1504 ι
2051 1451 2213 1530 Ἐγὼ
2262 1453 2386 1532 γάρ
2434 1453 2607 1530 εἰμι’
2658 1453 2914 1527 θυννὶς,
2961 1453 2997 1526 ἣ
3052 1455 3399 1530 μελαινὶς,

1825 1538 1861 1610 ἢ
1913 1541 2030 1599 καὶ
2079 1540 2340 1614 θύννος,
2390 1539 2641 1621 ὀρφὼς,
2700 1545 3026 1620 γλαῦκος,
3068 1543 3395 1623 ἔγχελυς.

1827 1626 2019 1690 κύων.
2047 1655 2072 1681 n
2099 1631 2388 1688 Postrema
2416 1633 2627 1687 iterum
2656 1633 2899 1706 apponit
2930 1649 2991 1707 p.
3028 1650 3167 1706 299,
3190 1635 3254 1692 B.
3280 1635 3395 1689 Ve—

1817 1736 1964 1796 reor
1989 1730 2055 1776 ut
2075 1719 2195 1774 haec
2221 1720 2293 1775 sit
2334 1719 2549 1776 Cratini
2581 1736 2821 1776 manus:
2854 1718 2999 1775 adeo
3034 1717 3200 1786 θυννὶς
3232 1719 3400 1796 friget

1819 1805 1980 1878 juxta
2010 1803 2211 1877 θύννος,
2247 1824 2393 1879 quos
2418 1808 2599 1881 pisces
2626 1809 2705 1864 ita
2732 1807 3041 1881 distinguat
3068 1807 3397 1878 historicus,

1827 1912 1945 1949 non
1964 1906 2154 1969 poeta.
2170 1895 2385 1952 Similia
2402 1895 2802 1969 pet-miscuerit
2822 1895 2913 1950 vel
2932 1897 3055 1969 ipse
3075 1897 3397 1967 Athenaeus,

1827 1983 1915 2037 vel
1944 1981 2061 2054 ejus
2088 1983 2293 2056 aliquis
2318 1983 2613 2052 librarius,
2650 2001 2830 2056 quum
2874 1981 3137 2040 Cratinus
3168 1978 3399 2040 dixisset

1825 2066 1931 2143 ἐγὼ
1954 2067 2057 2146 γάρ
2085 2067 2193 2143 εἶμ’
2216 2065 2361 2146 ἰχθύς
2388 2091 2465 2133 τις
2482 2110 2499 2141 ,
2527 2063 2563 2136 ἢ
2593 2067 2714 2142 μελ.
2748 2080 2857 2126 etc.
2902 2095 2926 2120 α
2964 2073 3053 2126 De
3082 2072 3303 2144 thynno
3342 2083 3399 2127 et

1826 2156 2103 2231 thynnide
2124 2177 2180 2215 V.
2212 2154 2544 2212 Schneider.
2577 2155 2651 2212 ad
2687 2157 2886 2213 Artedi
2911 2159 3221 2233 Synonym.
3255 2161 3394 2233 pise.

1826 2263 1886 2320 p.
1922 2243 1994 2299 53
2029 2262 2186 2318 seqq.
2216 2245 2329 2299 Pro
2359 2239 2609 2317 μελαίνας
2636 2241 2751 2317 (sie
2780 2244 2933 2298 enim
2952 2243 3119 2314 libri,
3147 2262 3269 2298 non
3294 2265 3397 2317 με-

1825 2329 1988 2396 λαινίς
2026 2331 2226 2408 Both.)
2268 2331 2517 2388 Adamus
2546 2328 2897 2408 μελάνουρος,
2946 2331 3267 2408 Schweigh.
3303 2329 3397 2405 μί-

1825 2417 2077 2498 λανδρυς,
2117 2429 2386 2476 neutrum
2421 2437 2551 2474 cum
2604 2419 2795 2493 aliqua
2834 2420 2959 2474 veri
3002 2420 3211 2493 specie.
3255 2421 3299 2476 F
3300 2437 3397 2476 or-

1826 2519 1965 2563 tasse
1988 2507 2131 2563 nihil
2159 2509 2267 2563 nisi
2300 2517 2569 2568 accentus
2614 2506 2956 2577 mutandus,
3004 2517 3072 2562 ut
3125 2506 3394 2582 μελαινάς,

1825 2595 1975 2664 ἅδος,
2007 2597 2173 2669 piscis
2214 2613 2425 2651 nomen
2455 2595 2656 2663 suerit,
2690 2605 2967 2668 praeterea
3010 2596 3301 2670 ignotum,
3332 2607 3397 2650 ut

1823 2683 2069 2738 aliorum
2111 2701 2343 2758 quoque
2378 2682 2791 2738 nonnullorum
2819 2684 3061 2756 piscium
3080 2722 3099 2751 ‚
3131 2700 3162 2737 a
3197 2683 3395 2739 colore

1823 2772 2110 2845 appellati.
2167 2797 2191 2821 «ι
2245 2772 2296 2825 Ε
2331 2773 2419 2827 M.
2473 2771 2701 2826 Praetuli
2744 2767 2997 2844 μελαινίς.
3044 2771 3395 2826 Xenocrates

1823 2878 1953 2935 cap.
1990 2860 2065 2916 26
2101 2880 2113 2914 ε
2152 2857 2433 2938 πελωρίδες
2471 2855 2505 2929 ἢ
2547 2855 2840 2933 μελαινίδες
2882 2855 3163 2915 κάλλισται
3196 2857 3251 2914 αἱ
3296 2859 3411 2943 lp·-

1823 2954 1993 3027 φερεῖς
2010 2944 2258 3027 ὀστρέοις,
2286 2958 2397 3006 etc.
2421 2950 2485 3005 V.
2503 2948 2837 3004 Schneider.
2866 2946 2941 3003 ad
2958 2948 3189 3003 Aristot.
3218 2948 3293 3003 fl.
3322 2948 3395 3005 N.

1826 3042 1883 3107 4,
1921 3045 1974 3107 4,
1999 3040 2113 3093 vol.
2147 3056 2205 3112 α,
2231 3056 2291 3112 p.
2326 3036 2437 3107 374
2474 3036 2550 3093 ad
2587 3034 2681 3107 78.

2583 3174 2640 3231 l..

1904 3295 2062 3351 Idem
2092 3295 2145 3363 3,
2172 3314 2233 3369 p.
2264 3303 2363 3367 94,
2394 3296 2437 3349 Ε
2466 3310 2479 3352 :
2510 3291 2745 3370 σιαγόνος
2774 3290 2829 3349 δὲ
2862 3290 2879 3370 (
2903 3288 3215 3369 μνημονεύει
3239 3291 3257 3365 )
3282 3289 3389 3368 xp.

1825 3384 1931 3443 Πλ.

1922 3516 2056 3609 Περὶ
2086 3516 2361 3607 σιαγόνος
2394 3513 2595 3598 βοείας
2623 3512 2986 3605 μαχόμενος.

2578 3658 2631 3715 5.

1900 3785 2090 3841 Schol.
2134 3784 2363 3857 Lysistr.
2402 3782 2589 3849 1243,
2622 3774 2923 3845 Διποδιᾶξω
2960 3795 2975 3834 :
3010 3778 3115 3843 τοῖς
3142 3774 3235 3833 δύο
3262 3774 3389 3833 ποσὶ

1818 3869 2078 3951 χορεύσω.
2119 3860 2254 3935 εἶδος
2282 3866 2550 3948 ὀρχήσεως
2576 3872 2612 3940 ἡ
2644 3865 2850 3925 διποδία
2868 3910 2883 3938 ,
2910 3856 2974 3936 ἧς
3010 3862 3272 3941 μέμνηται
3302 3862 3392 3921 καὶ

1825 3962 1927 4036 Κρ.
1960 3962 2013 4017 ἐν
2046 3959 2157 4019 m.

1920 4074 2098 4176 Ᾰρξει
2132 4080 2247 4175 γὰρ
2275 4080 2453 4156 αὐτὸς
2491 4070 2783 4155 διποδίας
2828 4073 3065 4169 (καλὸς)
3098 4081 3317 4153 καλῶς.

1820 4222 1981 4278 Libri
2008 4217 2165 4298 Ἄρξη
2193 4241 2248 4294 γ.
2290 4214 2476 4282 αὐτοὺς
2504 4212 2713 4273 διποδία
2750 4214 2945 4283 καλῶς,
2974 4232 3099 4287 quae
3141 4214 3393 4269 correxit

1822 4312 1867 4365 R
1875 4308 2045 4365 unkel
2053 4348 2067 4363 .
2079 4326 2096 4379 ;
2110 4326 2215 4363 nos
2236 4306 2569 4363 inseruimus
2580 4300 2759 4372 καλὸς,
2774 4320 2952 4375 quum
2970 4301 3136 4370 καλῆς
3148 4300 3389 4375 placuis-

1821 4409 1903 4453 set
1930 4397 2233 4453 Manena.
2256 4393 2547 4470 Aristoph.
2572 4392 2818 4449 Achata.
2840 4389 2955 4445 253
2974 4408 2989 4448 :
3011 4385 3147 4464 Ἄγ·,
3166 4376 3213 4445 ὦ
3238 4386 3393 4463 ούγι..

1821 4505 1931 4562 τερ,
1962 4482 2103 4551 ὅπως
2128 4482 2189 4541 τὸ
2231 4483 2423 4540 κανοῦν
2450 4477 2589 4548 καλὴ
2630 4480 2805 4542 καλῶς
2830 4474 3041 4541 Οἴσεις·
3074 4488 3131 4533 et
3168 4479 3387 4535 Eccles.

1772 4580 1781 4651 ζ
1825 4576 1961 4648 730,
1988 4584 2098 4629 etc.

1821 4808 2137 4881 AEgineticae
2174 4804 2601 4878 projiciebantur
2620 4810 2825 4859 tenerae
2843 4842 2859 4869 ‚
2884 4799 3169 4872 glebisque
3194 4797 3391 4871 gloria-

2571 4896 2625 4945 4.
3142 4884 3387 4953 [bantur.

1823 4986 1904 5040 De
1934 4980 2151 5039 maxilla
2178 4980 2371 5037 bovina
2398 4974 2662 5051 pugnans,

1821 5157 2049 5229 Incipiet
2074 5154 2218 5211 enim
2245 5153 2356 5225 ipse
2379 5070 2655 5224 dipodia51n
2684 5152 3021 5215 (venustus)
3052 5152 3349 5203 venustam.

3095 5251 3125 5290 s
