3809 5850
1475 392 2002 459 Pflavmcflns.

178 544 266 619 (hp.
291 542 338 597 ἐν
363 537 611 609 Μούσαις,
647 534 707 601 ἃς
736 536 1031 611 συγκαθῆκε
1054 532 1160 597 τοῖς
1186 530 1508 610 Βατράχοις,
1533 527 1686 609 φησὶν

178 628 311 693 οὕτως
327 651 339 663 ·

255 742 444 834 Μάκαρ
471 738 800 830 Σοφοκλέης
815 786 834 819 ,
867 733 955 811 ὃς.
993 735 1180 800 πολὺν
1213 732 1423 825 χρόνον
1463 732 1646 815 βιοὺς,

255 846 512 911 ἀπέθανεν
548 839 845 933 εὐδαίμων
877 840 1024 930 ἀνὴρ
1059 838 1161 905 καὶ
1186 830 1402 914 δεξιός·

255 950 458 1028 πολλὰς
491 953 742 1025 ποιήσας
772 946 878 1013 καὶ
911 944 1101 1024 καλὰς
1132 938 1474 1039 τραγῳδίας

255 1064 432 1134 καλῶς
469 1048 808 1133 ἐτελεύτησ’
839 1044 1016 1119 οὐδὲν
1047 1050 1376 1143 ὑπομείνας
1411 1048 1614 1115 κακόν.

180 1190 230 1243 V.
259 1207 278 1244 1
305 1188 464 1246 Mein.
504 1182 837 1266 Σοφοκλέης,
865 1195 1100 1241 auctore
1127 1180 1392 1253 Elmslejo
1409 1220 1428 1253 ,
1454 1198 1566 1255 pro
1595 1178 1698 1237 Σο-

178 1276 349 1351 φοκλῆς,
371 1287 493 1333 etv.
518 1281 551 1341 4
582 1272 756 1339 καλῶς
781 1271 826 1328 δ’
846 1272 920 1330 ἔτ.
944 1268 1262 1328 secundum
1283 1270 1697 1338 Hermannum,

180 1361 350 1418 oblitus
389 1362 638 1437 asyndeti
687 1359 1064 1435 epexegetici,
1124 1356 1198 1413 de
1244 1375 1362 1431 quo
1413 1374 1520 1411 nos
1568 1374 1702 1431 pas—

176 1452 258 1505 sim
278 1450 344 1506 ad
381 1447 707 1528 Euripidem
731 1488 748 1517 ,
778 1447 1249 1522 Aristophanem,
1284 1455 1395 1500 etc.
1429 1445 1703 1500 Praeterea

177 1538 309 1591 metri
331 1538 498 1612 gratia
523 1536 724 1591 malim
751 1530 957 1613 Μάκαρ
982 1529 1074 1604 σὺ,
1098 1528 1403 1610 Σοφοκλῆς,
1429 1531 1698 1586 haustum

175 1636 344 1697 putans
379 1646 440 1681 ου
482 1642 518 1682 a
547 1644 638 1683 σο·
677 1621 884 1694 simili,
922 1633 978 1679 et
1033 1618 1322 1689 ἀπέθανες,
1369 1630 1426 1676 et
1463 1629 1704 1694 propter

177 1712 433 1787 legitimam
497 1724 826 1788 temporum
881 1709 1344 1767 consecutionem
1400 1703 1698 1775 ποιήσας...

177 1797 418 1865 ἐτελεῦτας.
447 1802 606 1877 Saepe
631 1800 804 1857 etiam
837 1820 866 1853 ν
902 1806 958 1854 et
991 1820 1031 1868 ς,
1058 1798 1308 1869 itemque
1336 1815 1369 1850 α
1390 1806 1449 1851 et
1470 1816 1504 1863 η
1525 1836 1542 1863 ,
1571 1812 1703 1868 per-

179 1886 317 1943 mixta
339 1889 592 1945 novimus
620 1889 682 1943 in
704 1886 889 1943 libris.

888 2009 948 2049 2.

235 2106 487 2182 Harpoer.
515 2126 580 2183 p.
617 2113 758 2180 104,
797 2104 858 2175 3,
897 2105 1065 2161 Phot.
1117 2114 1175 2159 et
1201 2103 1400 2160 Suidas
1441 2122 1454 2157 ι
1501 2098 1708 2161 Καδί-

176 2212 384 2259 σκος....
425 2192 636 2271 ἀγγεῖόν
679 2213 758 2264 τι,
787 2192 860 2256 εἰς
885 2188 916 2249 ὃ
942 2187 1304 2270 ἔψηφοφόρουν
1343 2189 1391 2247 οἳ
1431 2186 1706 2265 δικασταὶ,

181 2276 312 2345 οὕτως
332 2280 519 2357 ἔλεγον.
545 2282 664 2359 Φρ.
687 2277 929 2343 Μούσαις
945 2300 959 2313 ·
1625 2270 1647 2279 ’

235 2384 406 2474 .Ῐδοὺ,
433 2388 622 2485 δέχου
653 2396 766 2467 τὴν
799 2388 1028 2482 ψῆφον·
1059 2396 1090 2455 ὀ
1125 2384 1412 2465 καδίσκος
1449 2383 1519 2455 δέ
1557 2414 1652 2453 σοι

253 2502 282 2561 ὁ
311 2500 407 2589 μὲν
436 2500 726 2567 ἀπολύων
758 2495 927 2574 οὗτος
943 2546 962 2581 ,
993 2501 1025 2563 ὀ
1063 2489 1124 2561 δ’
1159 2494 1424 2571 ἀπολλὺς
1465 2485 1591 2561 ὁδί.

178 2646 197 2669 ι
219 2626 390 2700 Attigit
409 2626 524 2683 haec
547 2626 920 2683 Schoemann.
951 2620 1125 2680 Proc.
1159 2625 1276 2678 Att.
1303 2639 1365 2695 p.
1393 2620 1539 2690 7²33
1577 2638 1702 2693 quae

180 2709 368 2768 sortasse
404 2714 475 2770 ad
527 2726 782 2789 agonem
835 2711 1140 2787 Sophoclis
1171 2721 1228 2766 et
1269 2707 1556 2784 Euripidis
1581 2724 1712 2783 spe-

180 2808 317 2855 ciant.
338 2826 361 2849 ι
387 2802 432 2857 Ε
455 2803 539 2861 Μ.
562 2798 584 2816 “

898 2894 954 2950 3.

241 3006 414 3064 Pollux
437 3029 497 3081 7,
529 3007 648 3066 203
687 3027 702 3062 ε
731 3007 786 3064 ἐν
807 3005 862 3063 δὲ
885 3003 1158 3084 Φρυνίχου
1191 2999 1426 3067 Μούσαις

256 3102 300 3184 ὦ
319 3121 411 3186 καὶ
440 3123 786 3215 κάπραινα,
819 3119 923 3186 καὶ
955 3117 1272 3212 περίπολι,
1301 3115 1407 3182 καὶ
1431 3107 1686 3207 δρομάςῖ

185 3245 310 3302 Libri
327 3238 400 3308 ’Ὦ
426 3247 595 3328 κάπρ.
636 3247 732 3306 καὶ
763 3245 1051 3326 περίπολις.
1085 3247 1258 3303 Mein.
1306 3231 1353 3301 ‹Y›
1395 3241 1484 3300 καὶ
1520 3238 1712 3322 κάπρ.,

185 3344 234 3388 ut
247 3347 393 3410 poeta
415 3339 672 3396 incertus
699 3335 856 3412 apud
891 3337 1062 3394 Phot.
1091 3355 1150 3390 v.
1173 3329 1426 3412 Μύραινα
1461 3351 1476 3387 ι

243 3435 310 3506 Ὦ
329 3449 558 3530 προδότι,
583 3449 683 3508 καὶ
713 3447 1029 3528 παραγωγὲ,
1049 3445 1142 3506 καὶ
1165 3443 1395 3524 μύραινα
1424 3442 1515 3503 σύέ

185 3555 277 3629 (Cf.
305 3563 594 3639 Hemipp.
639 3559 855 3640 Ἄρτοπ.
884 3561 958 3622 fr.
1002 3579 1056 3618 α.
1085 3557 1104 3639 )
1135 3560 1341 3635 Bergk.
1397 3558 1712 3619 Commeat.

184 3662 230 3716 p.
267 3646 394 3721 315,
421 3649 692 3728 περίπολι.
735 3651 994 3723 Uterque
1029 3650 1118 3706 vir
1157 3648 1362 3706 doctus
1407 3647 1494 3703 his
1534 3647 1722 3704 verbis

184 3749 264 3804 per
298 3737 558 3796 invidiam
601 3737 900 3813 Euripidis
921 3739 1140 3794 Musam
1173 3735 1504 3810 compellari
1541 3735 1720 3810 suspi-

186 3831 327 3877 catur.
351 3825 534 3901 Pergit
557 3825 724 3901 apud
745 3825 1036 3882 Pollucem
1063 3825 1314 3899 optimus
1336 3822 1466 3880 cod.
1493 3822 1667 3878 Paris.
1703 3843 1715 3875 :

185 3904 495 3990 καὶφορὸὰς
531 3909 632 3985 τὴν
659 3909 858 3991 πόρνην
895 3912 1055 3989 λέγει,
1085 3907 1268 3989 ὥσπερ
1295 3908 1384 3968 καὶ
1415 3906 1606 3984 μαινὰς
1631 3909 1722 3968 καὶ
1747 3921 1751 3924 ’

185 3996 369 4074 μοχλοῖς.

907 4105 965 4164 l..

245 4207 386 4264 Idem
418 4230 508 4279 10,
544 4212 624 4268 86
661 4229 676 4268 :
717 4209 776 4266 οὔ
819 4205 922 4288 γὰρ
951 4205 1106 4284 μόνον
1149 4207 1238 4264 ἐπὶ
1265 4208 1367 4264 τῶν
1397 4203 1719 4264 κοτταὸικῶν

190 4289 352 4368 εἴρηται
375 4295 438 4354 τὰ
459 4295 739 4376 ὀξύὸαφα,
772 4293 910 4354 ἀλλὰ
941 4294 1033 4352 καὶ
1059 4293 1146 4352 ἐπὶ
1177 4296 1281 4352 τῶν
1310 4295 1380 4360 εἰς
1407 4293 1502 4366 τὴν
1541 4291 1720 4352 ἐδώδι-

191 4381 524 4460 μονχρείαν...
560 4385 666 4443 κᾶν
698 4389 811 4449 ταῖς
835 4380 1108 4462 Φρυνίχου
1141 4380 1410 4448 Μούσαις·

1251 4504 1635 4512 ·-—--·.—-—-..———-
1641 4504 1674 4510 —
1679 4503 1793 4511 ——-—
1799 4501 1979 4510 —-—--—

823 4567 1060 4624 MUSAE.

195 4733 358 4795 Beatus
385 4748 444 4796 tu
461 4780 480 4809 ,
497 4739 831 4813 Sophocles,
859 4660 977 4813 quii,
1007 4755 1182 4813 quum
1209 4738 1306 4795 diu
1343 4741 1560 4796 vixisses
1582 4782 1599 4809 ‚

197 4829 402 4880 mortum
423 4826 498 4882 sis
519 4825 654 4882 felix
673 4827 755 4882 vir
775 4833 832 4882 et
857 4827 1064 4898 peritus
1090 4843 1104 4879 :

197 4907 346 4966 multis
367 4911 688 4986 conscriptis
713 4920 770 4969 et
795 4911 1041 4985 pulchris
1069 4911 1370 4982 tragoediis,

200 4991 384 5058 pulchre
401 4997 593 5054 abibas
612 5039 629 5066 ‚
661 4997 816 5055 nullo
838 4997 1114 5056 exantlato
1138 4997 1300 5054 malo.

203 5163 264 5218 Ειι
281 5209 294 5232 ,
315 5171 486 5242 accipe
513 5171 808 5228 tabellam!
832 5093 1022 5245 estgiie
1047 5173 1212 5229 situla
1237 5171 1334 5227 tibi

94 5337 96 5342 μ
203 5247 295 5306 hac
317 5255 526 5326 quidem
551 5258 839 5316 absolvens
861 5301 877 5330 ‚
901 5259 992 5316 illa
1022 5275 1149 5317 vero
1173 5258 1419 5332 perdens.

1767 4381 1774 4394 “
1817 4379 2069 4445 πολλάκις
2114 4378 2177 4450 δὴ
2230 4380 2557 4456 (perperam
2602 4380 2821 4435 editum
2866 4374 2951 4454 δὲ)
2996 4375 3087 4434 καὶ
3114 4373 3381 4446 Ἀθηναῖοι

3239 402 3351 453 215

1881 568 1975 579 -
2040 530 2179 595 Κάν
2242 522 2515 618 ὀξυὲάφῳ
2560 528 2823 617 χρῆσται
2868 533 3022 617 τρεῖς
3088 524 3357 617 χοίνικας

2942 623 3035 696 δύ’
3070 632 3355 723 ἀλεύρων.

1789 764 1951 820 Libri
1992 760 2135 839 Κᾶν,
2164 762 2327 839 quod
2369 761 2619 817 correxit
2647 762 2846 828 Mein„
2884 760 3150 830 suadens,
3200 761 3359 815 inte-

1788 864 1955 927 grato
2003 870 2173 909 versu
2214 862 2477 925 anapaest.
2518 860 2764 918 tetram„
2808 849 2919 903 hoc
2950 849 3041 903 vel
3086 848 3359 921 quiddam

1789 941 1971 997 simile
2009 939 2127 999 Κάν
2152 935 2230 1006 ὀξ.
2256 935 2489 1017 χρῆσται
2520 936 2605 1013 (v.
2640 954 2774 993 ann.
2801 934 2875 991 ad
2912 934 3125 1009 OEdip.
3152 936 3355 992 Colon.

1792 1026 1940 1102 469,
1963 1026 2060 1085 ed.
2084 1027 2395 1083 Hermanni
2424 1023 2561 1083 505.
2594 1024 2755 1080 Libri
2798 1022 3065 1099 χρῆσθαι)
3094 1019 3359 1096 μάττειν

1787 1134 1868 1193 cp.
1895 1134 1953 1191 χ.
1982 1110 2019 1182 ἢ
2042 1112 2092 1173 δ.
2122 1116 2174 1172 ἀ.
2201 1112 2313 1171 Sed
2342 1114 2479 1168 talia
2505 1113 2638 1167 satis
2662 1119 2743 1168 est
2767 1108 3025 1183 intelligi.

2551 1231 2607 1287 5.

1870 1347 2080 1403 Athen.
2112 1365 2169 1416 7,
2194 1365 2258 1419 p.
2283 1344 2421 1419 319,
2443 1345 2513 1402 A.
2548 1338 2887 1415 Πηλαμύς.
2918 1342 3030 1419 Φρ.
3054 1342 3107 1398 ἐν
3128 1341 3205 1399 Μ.
3230 1362 3361 1416 μνη-

1795 1453 2303 1595 pt⁰3:1⁸2sspraeterea
2326 1518 2399 1574 ad
2426 1520 2577 1575 hanc
2606 1515 2721 1573 fab.
2750 1516 2947 1572 referri
2980 1534 3147 1592 posse
3170 1516 3364 1573 viden-

1797 1619 1926 1682 tur,
1966 1607 2138 1664 Mein.
2170 1606 2424 1662 exhibuit
2450 1606 2510 1661 in
2538 1604 2737 1683 fragm.
2763 1605 2964 1663 incert.
3002 1624 3025 1660 1
3065 1616 3123 1661 et
3148 1604 3237 1663 13.

2338 1769 2468 1827 Vll.
2515 1768 2825 1828 ΜΥΣΤΑῙ.

1877 1918 1903 1943 ⁸
1934 1890 2149 1951 Μύσται
2177 1892 2483 1949 laudantur
2508 1912 2541 1949 a
2564 1894 2769 1949 Photio
2790 1904 2849 1949 et
2873 1893 3047 1950 Suida
3076 1912 3130 1949 v.
3160 1894 3212 1952 T
3212 1894 3365 1950 ευτά·

1798 1986 1929 2049 ζειν.
1958 1981 2070 2038 Sed
2102 1980 2255 2038 idem
2284 2001 2338 2039 v.
2360 1978 2628 2058 Φρύνιχος
2650 1980 2899 2037 fabulam
2919 1993 3089 2038 vocat
3119 1979 3361 2053 Μύστην,

1799 2072 2136 2128 concinente
2181 2069 2337 2128 Eust.
2382 2069 2456 2128 ad
2490 2070 2560 2125 Il.
2604 2088 2695 2142 17,
2739 2068 2877 2136 415.
2910 2094 2933 2119 ι·
2978 2070 3158 2128 Mem.
3214 2070 3364 2129 nist.

1800 2160 1929 2215 crit.
1961 2160 2121 2217 Com.
2156 2176 2219 2233 Ρ.
2278 2156 2411 2215 158.
2468 2182 2492 2207 «
2536 2159 2987 2215 Consentaneum
3014 2169 3127 2227 est,
3169 2159 3370 2215 fabulae

1800 2248 2041 2304 chorum
2070 2246 2383 2303 constitisse
2406 2264 2474 2302 ex
2496 2247 2719 2320 Mystis,
2745 2265 2977 2321 prorsus
3002 2256 3067 2302 ut
3090 2247 3151 2301 in
3176 2248 3367 2304 Ranis.

1799 2336 2013 2392 Docuit
2046 2344 2237 2390 autem
2288 2335 2421 2390 Phr.
2464 2336 2705 2407 Mystas,
2760 2352 2877 2407 quo
2918 2344 3173 2409 tempore
3216 2336 3367 2391 Alci·

1799 2421 1998 2479 biades
2020 2423 2303 2479 Eleusinia
2318 2439 2475 2477 sacra
2494 2423 2831 2492 restituerat,
2848 2421 3002 2478 bello
3026 2423 3369 2497 interrupto,

1802 2510 1965 2585 quod
2003 2511 2185 2586 tangit
2226 2510 2521 2585 Aristoph.
2564 2511 2625 2565 in
2664 2510 2841 2567 Ranis
2883 2509 2989 2585 (33
3008 2510 3047 2587 ).
3094 2511 3180 2568 Cf.
3220 2512 3370 2571 Plut.

1801 2598 1986 2654 Alcib.
2016 2618 2069 2655 c.
2103 2596 2199 2666 31..
2228 2622 2253 2649 »
2288 2598 2339 2653 E
2365 2598 2607 2673 Bergke‘o
2636 2596 2979 2657 Commentt.
3011 2616 3070 2672 p.
3095 2596 3233 2668 375.

1885 2836 2123 2891 Photius
2158 2855 2222 2911 p.
2253 2833 2387 2905 583,
2425 2854 2519 2903 10,
2542 2832 2833 2901 Τευτάζε
2851 2856 2903 2889 ιν
2936 2854 2951 2891 :
2999 2832 3373 2912 πραγματεύε-

1809 2916 1984 2993 σθαιῆ
2012 2920 2418 3001 σκευωρεῖσθαι,
2444 2918 2481 2993 ἢ
2506 2919 2916 3000 στραγγεύεσθαι
2934 2965 2951 2995 ,
2978 2919 3069 2981 καὶ
3096 2920 3232 2983 πολὺ
3260 2924 3375 2982 δια·

1806 3008 2004 3091 τρίὸειν
2034 3011 2086 3068 ἐν
2110 3012 2186 3090 τῷ
2208 3009 2439 3088 αὐτῷ...
2474 3009 2565 3068 καὶ
2590 3009 2960 3089 Ἀρτεμίδωρος
2986 3007 3043 3068 δὲ
3074 3009 3373 3090 φροντίζειν.

1808 3099 1917 3177 Φρ.
1945 3096 2185 3166 Μύσταις
2221 3125 2247 3150 ι
2286 3097 2544 3174 Μάστιγα
2594 3097 2643 3155 δ’
2682 3099 2734 3156 ἓν
2764 3098 2943 3178 χερσὶν
2980 3097 3157 3177 ἔχων*
3190 3121 3376 3157 τευτα·

1809 3189 1916 3246 θαι.
1942 3210 1968 3241 ι
1986 3188 2359 3244 Ruhnkenius
2374 3187 2449 3244 ad
2463 3188 2603 3243 Tim.
2624 3206 2685 3261 p.
2720 3185 2859 3256 254,
2881 3188 3161 3262 probante
3176 3187 3371 3245 Valck.

1811 3275 1887 3333 ad
1934 3275 2223 3332 Theocriti
2266 3276 2457 3332 Adon.
2488 3296 2553 3350 p.
2590 3273 2711 3330 236
2732 3319 2749 3345 ‚
2772 3273 3025 3350 Μάστιγα
3056 3273 3101 3330 δ’
3124 3275 3178 3331 ἐν
3200 3277 3376 3351 χεροῖν
3459 3281 3471 3293 ’

1813 3359 1949 3440 ἔχων
1976 3360 2295 3428 τευτάζεται.
2338 3386 2363 3413 α
2388 3361 2635 3418 Exhibui
2658 3363 3074 3418 correctionem
3095 3361 3377 3418 Ruhnke-

1809 3451 1915 3507 nii.
1938 3450 2055 3505 Nec
2076 3449 2329 3506 dubitari
2356 3449 2604 3506 debebat
2638 3448 2711 3504 de
2738 3467 2843 3506 usu
2876 3447 3054 3505 medii
3096 3467 3111 3503 ι
3136 3465 3197 3505 v.
3219 3449 3373 3505 Bast.

1812 3537 1993 3611 Epist.
2026 3539 2155 3598 crit.
2180 3556 2243 3613 Ρ.
2278 3535 2409 3595 152.
2442 3561 2467 3587 n
2494 3537 2546 3592 E
2566 3538 2653 3596 M.
2681 3537 3047 3596 verisimilius
3072 3537 3185 3592 hoc
3230 3535 3370 3592 mibi

1813 3626 2042 3682 videtur
2060 3667 2077 3700 ,

1837 3754 1846 3760 ‘
1916 3773 1997 3787 —
2027 3731 2338 3834 ’Μάστιγα
2377 3733 2433 3805 δ’
2462 3743 2521 3805 ἐν
2552 3745 2751 3832 χεροῖν
2779 3739 2939 3831 ἔχων

1910 3841 2167 3941 (ἔγωγ’)
2197 3846 2577 3918 ἐτευτάσθην.
2618 3935 2623 3942 Ι

1815 3975 2153 4034 pronomini
2169 3977 2421 4032 offecisse
2434 3976 2663 4031 videtur
2673 3973 3009 4031 antecedens
3026 3959 3180 4045 ἔχων.
3207 3975 3380 4048 Berg-

1817 4065 1948 4122 kius
1974 4066 2314 4125 Commentt.
2346 4083 2406 4141 p.
2432 4061 2544 4136 375
2569 4063 2774 4120 maluit
2802 4060 3095 4119 ἐτεῦτασεν.

2571 4198 2623 4236 2.

1897 4295 2151 4351 Eustath.
2183 4294 2259 4350 ad
2279 4295 2349 4349 11.
2389 4312 2483 4363 17,
2514 4291 2656 4361 415,
2678 4312 2743 4366 p.
2776 4309 2950 4364 1112,
2978 4289 3051 4346 36
3078 4308 3091 4344 ι
3116 4285 3295 4350 Ἴωνες
3326 4283 3381 4342 δὲ

2698 4499 2781 4507 ———
3290 4493 3380 4504 —at

2578 4569 2631 4619 3.

1813 4653 1866 4708 Ο
1881 4667 1975 4708 sus
1994 4650 2139 4718 fera,
2158 4650 2389 4708 erratica
2408 4691 2424 4718 ,
2450 4651 2919 4706 circumcursans!

2568 4744 2621 4792 4.

1815 4855 1886 4866 -
1916 4827 1984 4879 Et
2006 4825 2063 4878 in
2104 4821 2385 4880 acetabulo
2425 4830 2641 4895 oportet
2674 4830 2783 4878 tres
2824 4823 2907 4880 vel
2947 4821 3083 4878 duas
3110 4819 3384 4876 choenices

3093 4909 3291 4978 [tritici

2470 4999 2748 5057 MYSTAE.

2574 5094 2623 5142 1.

1887 5209 1941 5216 —-
1970 5175 2335 5246 Flagrumque
2364 5175 2617 5232 manibus
2639 5181 2832 5231 tenens

1813 5261 2069 5333 equidem
2095 5265 2406 5319 cunctabar.
