3809 5850
568 416 677 467 292

1058 558 1137 617 ll.
1183 550 1617 619 ΑΤΑΛΑΝΤΗ.

642 718 801 775 Hanc
822 718 1071 775 fabulam
1091 720 1192 775 diu
1207 729 1338 794 post
1355 718 1742 803 Arisgpphanis
1767 722 1977 797 Ranas,
1996 723 2056 781 h.
2078 741 2129 784 e.

560 816 694 881 post
716 805 934 880 olymp.
955 804 1055 879 93,
1085 804 1118 861 3
1146 804 1286 885 (405
1312 816 1440 863 ante
1462 806 1597 866 Chr.
1624 808 1789 883 nan),
1815 821 1998 865 actam
2018 828 2134 867 esse

560 894 735 949 refert
750 894 925 949 schol.
942 896 1088 949 Rau.
1124 913 1145 949 1
1160 894 1255 958 46.
1276 895 1363 951 Cf.
1382 894 1582 951 Suidas
1600 916 1653 951 v.
1680 894 1861 973 Σκώρ.
1882 898 1970 953 Α1)
1985 918 2130 954 non·

560 979 733 1037 nullis
753 980 961 1037 citatur
992 984 1021 1036 ὁ
1045 977 1117 1037 τὰ
1134 1006 1158 1045 ς
1190 979 1240 1038 Ἀ
1256 1004 1286 1035 τ
1305 1004 1337 1036 α
1353 982 1384 1037 λ
1400 981 1432 1037 ά
1446 1005 1473 1038 ν
1490 1006 1520 1037 τ
1535 1004 1567 1038 α
1585 1007 1608 1047 ς
1632 984 1836 1061 γράψας
1858 1030 1873 1059 ,
1900 988 2126 1061 plurali.

560 1070 883 1125 Atalantam
907 1082 1110 1146 praeter
1145 1072 1377 1127 Calliam
1414 1074 1761 1146 scripserunt
1786 1076 2090 1149 Euthycles
2111 1118 2126 1145 ,

558 1158 783 1233 Alexis,
818 1158 1105 1233 Philynius
1123 1199 1139 1227 ,
1180 1170 1238 1214 et
1272 1159 1596 1216 Philetaerus
1609 1181 1625 1229 ;
1670 1162 1902 1218 Phormi
1941 1174 2126 1219 autem

558 1244 891 1317 Syracusani
924 1257 1446 1303 commemorantur
1475 1250 1763 1309 Atalantae.

1318 1395 1371 1433 1.

636 1506 903 1561 Isocratis
938 1507 1066 1563 Vita
1098 1523 1131 1560 a
1158 1506 1483 1562 Mustoxide
1504 1507 1655 1563 edita
1690 1526 1749 1584 p.
1798 1510 1864 1565 10
1894 1507 2071 1567 Dind.
2111 1530 2124 1565 ε

556 1590 855 1649 σκώπτουσι
882 1590 937 1650 δὲ
959 1590 1113 1650 αὐτὸν
1137 1594 1183 1650 οἱ
1209 1592 1432 1669 κωμικοὶ
1452 1591 1540 1651 ἐπὶ
1566 1596 1633 1671 τῇ
1657 1592 1901 1673 Λαγίσκῃ
1916 1640 1933 1669 ,
1955 1586 2028 1655 ὧν
2057 1586 2128 1663 εἷς

554 1680 665 1738 ἐστι
692 1679 783 1738 καὶ
812 1681 962 1757 Στρ.,
983 1677 1150 1756 λέγων
1180 1682 1347 1737 ταῦτα
1372 1681 1425 1738 ἐν
1455 1678 1768 1759 Ἀταλάντῃ·

1558 409 1963 471 COMOEmAE
2009 413 2332 478 VETERIS
2377 418 2785 495 RELlQUlAE.

2983 576 3036 614 2.

2304 664 2509 723 Athen.
2533 684 2591 736 7,
2621 684 2683 739 p.
2728 663 2865 740 302,
2905 670 2979 735 D,
3030 667 3103 724 de
3123 669 3374 743 thynno:
3413 672 3650 731 ἐπαινεῖται
3671 674 3704 731 ἰὲ

2225 752 2314 808 τοῦ
2341 749 2514 829 ἰχθύος
2539 752 2724 811 τούτου
2759 752 2826 811 τὰ
2852 752 3244 833 ὑπογάστρια...
3278 759 3406 837 Στρ.
3435 758 3530 821 'An

2321 858 2732 959 Ῠπογάστριον
2761 867 2960 933 θύννου
2991 893 3055 933 τι
3093 869 3486 962 κάκροκώλιον

2321 966 2594 1063 δραχμῆς
2622 977 2802 1038 ὕειον.

2223 1100 2314 1157 Sic
2342 1119 2450 1174 pro
2489 1098 2668 1158 θύννου
2692 1080 2749 1157 τε
2777 1103 2950 1160 Mein.
2981 1121 3052 1159 ex
3079 1105 3212 1165 Ath.
3241 1124 3304 1179 9,
3335 1125 3392 1182 p.
3423 1108 3548 1183 399,
3575 1112 3628 1179 D,
3645 1110 3710 1163 ubi

2221 1189 2384 1263 prior
2422 1207 2611 1245 versus
2645 1191 2852 1247 iterum
2877 1192 3170 1267 appositus
3207 1206 3310 1251 est.

2974 1318 3030 1375 3.

2301 1427 2492 1486 Schol.
2516 1428 2804 1503 Aristoph.
2837 1429 2979 1485 Ran.
3009 1429 3120 1497 146
3151 1447 3168 1489 ε
3201 1429 3333 1498 τινές
3352 1454 3475 1511 φασι
3501 1435 3567 1511 τῷ
3591 1434 3719 1507 σκῶρζ

2220 1515 2426 1591 πρῶτον
2470 1516 2760 1592 κεχρῆσθαι
2803 1514 3062 1594 Στράττιν
3095 1518 3148 1575 ἐν
3187 1516 3474 1599 Ἀταλάντῃ
3521 1519 3719 1597 δράματι.ἶ

2220 1601 2405 1680 ψεῦδος
2434 1598 2510 1660 δέ·
2533 1603 2714 1681 πολλῷ
2741 1600 2844 1683 γὰρ
2865 1601 3078 1681 ὕστερον
3115 1607 3220 1664 τῶν
3253 1606 3536 1687 Βατράχων
3555 1612 3584 1677 ἡ
3603 1606 3719 1685 'At-17

2220 1690 2382 1761 λάντη
2458 1689 2776 1771 Στράττιδος
2847 1690 3164 1752 δεδίδακται.
3241 1697 3503 1753 Similiter
3571 1698 3719 1771 Suidas¹

652 1795 774 1863 Kal
810 1799 925 1870 τὴν
978 1794 1311 1887 Λαγίσκαν,
1340 1798 1451 1870 τὴν
1501 1790 1852 1889 ieoxpoitouc
1888 1806 2128 1867 παλλα-
2217 1798 2275 1839 ν.
2305 1780 2483 1859 Σκῶρ.
2503 1783 2686 1856 Vulgo
2714 1777 2891 1859 σκώρ,
2920 1782 3081 1857 quod
3103 1787 3354 1843 correxit
3371 1788 3535 1847 Mein.
3560 1782 3719 1863 collata}

1983 1910 2126 1989 κῆν,

652 2010 832 2099 εὑρεῖν
866 2032 937 2098 με
964 2002 1396 2092 ἆυκάζουσαη*
1425 2003 1529 2074 εἷθ’
1558 2013 1725 2081 ἥκειν
1754 2013 1913 2104 ταχὺ

646 2113 751 2177 τὸν
780 2116 1156 2206 αὐλοτρύπην
1186 2112 1366 2179 αὐτόν
1384 2162 1397 2177 .

558 2277 583 2303 α
630 2255 803 2329 Apud
842 2256 1051 2313 Athen.
1121 2256 1213 2325 13,
1268 2276 1331 2331 p.
1385 2256 1515 2331 592,
1586 2262 1663 2329 D,
1712 2270 1768 2315 et
1826 2262 2114 2334 Harpocr.

549 2360 609 2415 p.
656 2342 795 2413 118,
826 2343 918 2420 15,
952 2355 1241 2418 postrema
1275 2344 1485 2400 horum
1524 2344 1603 2400 ita
1629 2346 1837 2419 scripta
1876 2358 2005 2401 sunt

649 2449 799 2523 ἰδεῖν
846 2484 920 2549 με
946 2452 1318 2537 συκάζουσαν
1354 2456 1589 2524 εὐναίαν
1621 2459 1714 2523 ἔτι
1737 2507 1757 2541 ,

642 2562 751 2627 τόν
785 2569 843 2628 τ’
875 2566 1255 2657 αὐλοτρύπην
1284 2564 1487 2647 αὐτὸν,
1537 2604 1543 2609 -

548 2713 610 2767 in
644 2715 852 2787 quibus
888 2715 964 2771 ad
994 2712 1269 2790 Δαγίσκην
1314 2711 1527 2771 εὐναίαν
1567 2714 1823 2787 Toupius
1861 2712 2014 2772 Add.
2046 2714 2120 2770 ad

506 2794 787 2877 ‘'Theocr.
812 2822 875 2877 p.
921 2812 1035 2872 410
1060 2814 1355 2877 comparat
1382 2798 1558 2877 λαγὼν
1600 2798 1824 2871 εὗναῖον,
1876 2802 2118 2876 leporem

548 2893 605 2944 in
629 2892 802 2948 cubili
816 2897 1135 2963 jacentem3
1164 2890 1325 2966 quod
1347 2890 1664 2966 Schweigh.
1696 2889 1950 2965 probans
1969 2887 2120 2958 εὐνὴν

548 2981 957 3054 interpretatur
990 2983 1257 3056 lupanar,
1302 2980 1363 3035 in
1400 2996 1519 3052 quo
1543 2978 1715 3034 fuerit
1748 2979 1975 3052 mulier,
2015 2996 2118 3034 au·

549 3078 775 3141 tequam
814 3073 1088 3126 Isocrates
1122 3087 1247 3126 eam
1299 3069 1361 3122 in
1402 3066 1637 3123 domum
1674 3081 1833 3122 suam
1876 3082 2112 3140 recepe-

545 3155 653 3225 rit;
686 3175 792 3212 nec
817 3157 989 3212 video
1034 3157 1293 3212 meliora.
1340 3154 1587 3226 Hesych.
1616 3171 1678 3211 v,
1703 3149 1962 3218 Συκάζειν
1991 3173 2005 3208 :
2059 3150 2121 3209 τὸ

546 3239 733 3308 κνίζειν
768 3242 820 3300 ἐν
844 3243 1116 3321 ἐρωτικαῖς
1135 3239 1383 3316 ὁμιλίαις.
1414 3241 1621 3298 Athen.
1649 3240 1783 3296 1000
1812 3240 1910 3295 cit.
1941 3237 2119 3319 :⁶¹Ep-

546 3349 745 3400 μιππος
796 3327 1145 3408 προὸαίνοντά
1186 3351 1313 3408 φησι
1359 3329 1425 3404 τῇ
1473 3324 1652 3406 ἡλικίᾳ
1710 3324 1797 3383 τὸν
1839 3323 2118 3404 Ἰσοκράτη

552 3416 725 3490 (obiit
762 3421 967 3494 olymp.
1015 3439 1145 3488 110,
1182 3417 1239 3488 3,
1271 3436 1322 3475 a.
1357 3418 1491 3474 Chr.
1517 3427 1635 3475 nat.
1668 3415 1798 3486 337,
1836 3415 1914 3490 98
1943 3433 2122 3472 annos

543 3506 737 3582 natus)
762 3504 1044 3564 ἀναλαὸεῗν
1066 3503 1341 3583 Λαγίσκαν
1365 3501 1460 3575 τὴν
1482 3491 1692 3581 ἑταίραν
1717 3501 1789 3568 εἰς
1812 3499 1905 3570 τὴν
1927 3499 2115 3574 οἰκίαν,

545 3591 599 3660 ἐξ
641 3585 705 3664 ἧς
750 3594 842 3653 καὶ
895 3593 1135 3672 γενέσθαι
1194 3595 1338 3670 αὐτῷ
1394 3590 1691 3671 θυγάτριον,
1743 3603 1851 3650 ete.
1918 3592 2120 3649 Suidas

554 3700 610 3741 V.
630 3680 909 3752 Φιλίσκος,
941 3684 1018 3740 (10
1051 3684 1295 3738 Philisco
1323 3681 1539 3739 Milesio
1573 3700 1587 3736 ε
1616 3676 1819 3757 ἐγένετο
1849 3675 1903 3735 δὲ
1939 3678 2121 3759 πρότε·

548 3789 635 3844 ρον
683 3767 913 3840 αὐλητὴς
941 3766 1386 3847 παραδοξότατος·
1436 3764 1515 3824 διὸ
1546 3763 1638 3823 καὶ
1685 3765 2116 3843 αὐλοτρύπην

546 3852 848 3935 Ἰσοκράτης
888 3854 1044 3914 αὐτὸν
1094 3854 1290 3916 ἐκάλει.
1335 3856 1676 3912 Obscoenum
1716 3855 1853 3910 huic
1898 3857 2119 3914 nomini

546 3960 770 3999 sensum
800 3945 1023 4000 subesse
1043 3986 1059 4013 ,
1101 3943 1257 3999 haud
1302 3944 1658 4017 negaverim,
1704 3943 1806 3997 etsi
1844 3939 1998 4007 αὐλὸς
2023 3944 2120 4000 vix

548 4049 787 4104 usquam
810 4050 944 4106 pars
978 4032 1273 4088 muliebris
1312 4030 1467 4086 dicta
1500 4031 1807 4104 reperitur.
1852 4031 2117 4088 Ceterum

551 4120 753 4176 Athen.
782 4132 839 4176 et
864 4123 1141 4195 Harpocr.
1174 4118 1449 4194 Λαγίσκαν
1467 4162 1483 4191 ,
1512 4138 1623 4192 qua
1652 4119 1842 4175 forma
1874 4139 2008 4176 usus
2037 4133 2121 4178 est

546 4209 713 4263 etiarn
736 4209 925 4282 Lysias
952 4209 1155 4266 Athen.
1196 4227 1258 4281 p.
1296 4206 1433 4277 586,
1475 4208 1555 4276 Ι·“;
1594 4209 1861 4263 Isocratis
1893 4208 2118 4283 biogra-

544 4297 694 4370 phus
716 4291 1009 4370 Λαγίσκην.
1034 4297 1368 4370 Respiciunt
1394 4295 1543 4350 hunc
1569 4296 1763 4351 10011111
1788 4296 2121 4351 Plutarchus

550 4385 682 4440 Vitt.
714 4385 770 4439 X
797 4384 977 4440 Oratt.
1006 4403 1068 4460 p.
1104 4383 1241 4452 836,
1282 4383 1329 4441 E
1358 4399 1374 4441 τ
1408 4379 1521 4440 ὅθεν
1547 4383 1617 4448 εἰς
1650 4380 1765 4448 τοὺς
1793 4381 1983 4448 αὐλοὺς
2023 4403 2117 4439 κε-

547 4467 867 4547 κωμῴδηται
894 4471 1228 4546 (isocrates)
1250 4466 1353 4528 ὑπὸ
1377 4467 1770 4550 Ἀριστοφάνους
1795 4467 1887 4527 καὶ
1913 4467 2116 4547 Στράτ-

546 4557 710 4622 τιδος·
740 4570 797 4614 et
836 4561 1035 4614 Pollux
1073 4566 1127 4628 4,
1166 4579 1233 4629 71
1279 4579 1290 4612 :
1332 4555 1423 4615 καὶ
1454 4555 1814 4636 αὖλοτρύπης,
1842 4558 1914 4622 ὣς
1947 4560 1980 4628 ἡ
2009 4579 2118 4614 κω-

548 4645 742 4724 μῳδία.
770 4673 792 4696 υ
825 4649 875 4701 Ε
892 4649 978 4702 M.

1809 4763 1824 4767 —
1856 4762 2043 4771 ———-—

1124 4843 1533 4897 ATALANTA.

1306 4971 1354 5018 1.

550 5071 617 5124 Et
635 5066 920 5139 Lagiscam
935 5107 950 5133 ‚
976 5065 1229 5122 Isocratis
1260 5064 1507 5137 pellicem
1526 5107 1543 5133 ,

546 5155 741 5212 vidisse
764 5171 852 5211 me
876 5153 1237 5220 vellicantem,
1269 5169 1439 5226 quum
1462 5153 1525 5210 ad
1534 5152 1642 5210 11110
1662 5161 1802 5211 esset
1830 5153 1884 5210 in
1917 5154 2111 5221 lustro,

549 5257 705 5314 atque
728 5241 906 5314 ipsum
932 5240 1189 5298 tibiarum
1214 5240 1619 5314 perforatorem.

2219 1868 2510 1925 Lobecliio
2540 1868 2791 1943 paralip.
2823 1888 2883 1944 p.
2910 1888 3002 1939 77.

2969 2006 3023 2065 4.

2295 2107 2518 2183 Suidas‚
2539 2108 2613 2165 Δι
2629 2128 2664 2187 φ
2677 2128 2744 2184 ρο
2757 2105 2835 2185 φό
2853 2128 2921 2186 ρο
2935 2131 2952 2165 ι
2981 2125 2995 2167 :
3029 2108 3160 2186 Στρ.
3193 2110 3246 2167 ἐν
3279 2108 3598 2174 Ἀταλάνταις
3617 2107 3714 2182 (sic).

2969 2244 3027 2304 5.

2293 2359 2486 2419 Schol.
2528 2362 2730 2418 venet.
2780 2358 3072 2433 Aristoph.
3103 2362 3236 2419 Pac.
3281 2362 3396 2434 347
3434 2382 3449 2417 :
3485 2363 3513 2417 δ
3549 2348 3720 2433 δεύτερά

2217 2444 2538 2524 (Φορμίων)
2565 2436 2630 2517 ἦν
2663 2444 2858 2526 κωφός·
2891 2446 3154 2522 μέμνηται
3177 2446 3270 2505 καὶ
3307 2448 3582 2527 Στράττις·
3603 2446 3720 2523 vpz'md

2214 2532 2420 2611 μοιχός·
2464 2533 2720 2610 Κρατῖνος
2771 2532 3090 2612 Ἀταλάντῃ·
3132 2532 3380 2613 τέταρτος
3423 2534 3720 2616 Κροτωνιᾶπιῆ

2214 2622 2459 2699 ἀρχαῖος·
2489 2623 2746 2701 Κρατῖνος
2773 2621 3088 2701 Τροφωνίῳ.
3127 2648 3154 2673 α
3188 2628 3472 2699 Apertum
3507 2637 3582 2680 est
3619 2631 3720 2679 Ata-⁴

2211 2710 2376 2767 lantae
2397 2713 2732 2769 memoriam
2756 2711 2832 2769 ad
2851 2712 3138 2769 Strattidis
3167 2731 3385 2771 nomen
3422 2716 3683 2789 pertinere.
3701 2712 3719 2755 ί

2212 2801 2388 2855 Mein.

2977 2896 3032 2954 6.

2291 3009 2540 3081 Hesych.
2563 3029 2621 3063 v,
2645 3009 3539 3088 Διονυσιοκουροπυρώνην;
3569 3003 3720 3081 veisa?

2213 3091 2477 3152 Διονύσιον
2495 3137 2512 3167 ,
2539 3093 2729 3172 κουρέα
2764 3093 2889 3153 ὄντα
2910 3140 2927 3167 ,
2950 3096 3215 3176 κωμῳδεῖ.
3255 3097 3475 3177 κουρεὺς
3505 3097 3555 3155 δὲ
3575 3089 3720 3172 ἦνπρὸῆ

2212 3180 2460 3254 πάππου,
2486 3184 2556 3248 ὣς
2579 3182 2728 3252 δηλοῖ
2751 3185 2782 3240 ὁ
2803 3180 2896 3248 τὰς
2919 3180 3238 3252 Ἀταλάνταις
3261 3187 3487 3253 συνθείς.
3511 3185 3586 3246 Cf.
3603 3183 3720 3260 11οἱηρ

2213 3283 2403 3327 annot.
2432 3271 2508 3328 ad
2540 3271 2758 3331 Cratini
2789 3273 3012 3349 Seriph.
3043 3291 3101 3330 α.

2965 3407 3022 3458 7.

2291 3497 2486 3555 Schol.
2543 3497 2836 3572 Aristoph.
2883 3499 3090 3554 Avium
3133 3506 3318 3572 11194,
3363 3499 3440 3558 de
3475 3483 3720 3574 opuntia}

2213 3581 2526 3658 μνημονεύει
2554 3583 2600 3642 δ’
2629 3584 2820 3659 αὐτοῦ,
2862 3585 2934 3646 ὣς
2963 3583 3100 3663 μέγα
3131 3581 3325 3664 ῥύγχος
3369 3585 3597 3665 ἔχοντος,
3627 3574 3720 3638 κιὶί

2209 3667 2301 3734 τὰς
2347 3669 2670 3737 Ἀταλάνταις
2702 3671 2938 3751 γράψας,
2967 3671 3057 3730 καὶ
3081 3671 3314 3739 Εὔπολις
3349 3676 3404 3732 ἐν
3425 3671 3719 3750 Τιειξιάρχοις-ἶ

2389 3835 2493 3894 111.
2535 3835 2891 3895 ΖΩΠΥΡΟΣ
2934 3835 3598 3898 ΠΕΡΙΚΑῙΟΜΕΝΟΣ.
3718 3849 3719 3910 Q

2287 3966 2529 4040 Hesych.
2567 3963 2649 4025 Οὔ
2680 3962 2824 4040 μάλα
2856 3962 3041 4029 κικκάς
3071 3963 3232 4041 (cod.
3263 3966 3570 4039 conjuncte
3591 3961 3720 4030 Οὖμ1

2204 4051 2493 4130 λακικκάς)
2531 4070 2548 4114 :
2570 4051 2828 4130 παροιμία
2855 4051 2915 4111 τὸ
2947 4049 3110 4128 μηδὲν
3127 4051 3486 4128 σημαίνουσα.
3507 4043 3720 4124 &viz-ra&

2205 4138 2389 4206 κικκὰς
2419 4139 2578 4218 (cod.
2603 4137 2820 4216 κοκκὰς)
2853 4140 2912 4198 οὗ
2951 4139 3098 4214 μάλα
3129 4137 3395 4219 φαίνεται.
3437 4139 3526 4198 καὶ
3565 4130 3720 4212 Στρ.ἐ’

2206 4227 2448 4306 Ζωπύρῳ
2485 4225 2870 4307 περικαιομένῳ
2898 4254 2924 4279 α
2943 4229 3067 4287 Τῶν
3111 4227 3172 4285 οὗ
3213 4225 3365 4302 μάλα
3403 4231 3432 4260 ⁴¹
3462 4228 3642 4294 τέθηκα
3675 4235 3720 4284 κε

2205 4323 2403 4373 κυκκᾶν
2432 4316 2712 4395 ἐπικρατῆ.
2747 4341 2772 4366 ν
2803 4317 3136 4400 scripserim
3718 4367 3719 4412 γ

2301 4433 2443 4498 Τῶν
2477 4437 2542 4497 οὐ
2588 4431 2756 4522 μάλα
2790 4457 2862 4525 γε
2896 4432 3104 4504 τέθηκε
3138 4429 3362 4499 κικκὰν
3417 4425 3720 4520 Rumpi-‘td

2206 4560 2284 4615 De
2312 4560 2576 4633 Epicrate
2618 4578 2677 4617 v.
2723 4558 2797 4615 ad
2826 4558 3079 4615 Platonis
3116 4554 3401 4633 Πρὲσὸεις.
3431 4562 3519 4616 De
3550 4549 3720 4628 zupynd

2203 4649 2328 4721 quis
2350 4647 2518 4702 fuerit
2546 4648 2801 4721 quaesivit
2833 4647 3011 4706 Mein.
3053 4647 3199 4703 Hist.
3239 4649 3412 4702 Com.
3451 4667 3516 4721 p.
3559 4643 3678 4699 225.

3604 4735 3720 4762 ’.Α

2955 4815 2988 4865 2

2202 4897 2408 4952 Sumen
2433 4893 2626 4968 thynni
2651 4893 2872 4968 aliquod
2898 4903 2951 4950 et
2979 4893 3272 4950 trunculos

2201 4983 2461 5039 drachma
2491 4982 2701 5039 suillos,

2569 5137 2906 5194 ZOPYRUS
2936 5136 3401 5193 USTULATUS.

2200 5243 2306 5296 Pro
2336 5239 2419 5294 his
2443 5237 2683 5312 profecto
2709 5240 2916 5297 ciccum
2943 5255 3052 5296 non
3075 5237 3236 5294 dedit·
3261 5239 3560 5310 Epicrates.
