3809 5850
1571 440 1950 503 Euentus.

159 575 200 646 5
250 577 540 670 σφάλλων
565 625 586 662 ,
629 571 890 666 ἀγύρτης
908 624 926 660 ,
963 570 1202 666 οἶστρος
1225 623 1244 658 ,
1277 575 1720 666 ἀνακάμπτων,

1181 695 1186 701 ’
1505 674 1684 773 δόρας
1703 731 1722 767 ,

253 787 560 868 Auium-m,
611 787 952 866 Κύκλωπες
1044 789 1334 878 ἐπιφέρων
1352 837 1370 870 ,
1418 783 1442 812 *
1479 787 1680 854 Σόλων
1698 837 1718 872 ,

1496 891 1717 986 Σίμων.

161 1083 184 1108 «ι
215 1059 391 1114 Versu
424 1076 449 1113 1
495 1053 624 1132 ἅρμ’
659 1056 752 1116 ὑπ.
798 1052 962 1122 πόδας
1013 1067 1168 1116 recte
1207 1059 1392 1114 Bentl.
1433 1059 1607 1134 Epist.
1657 1059 1732 1116 ad

164 1145 307 1203 Mill.
336 1163 401 1220 p.
435 1143 552 1211 486
577 1141 668 1200 ed.
697 1144 858 1218 Lips.
891 1144 1156 1222 intelligit
1191 1147 1438 1202 talorum
1467 1145 1722 1220 jactum,

161 1235 262 1308 qui
283 1242 444 1289 tanto
467 1233 590 1289 aliis
607 1235 804 1310 anteit,
823 1244 1042 1308 quanto
1063 1236 1260 1310 auriga
1282 1237 1530 1308 cursori3
1547 1255 1734 1312 quem·

161 1321 474 1378 admodum
505 1321 666 1395 ajunt
699 1323 1010 1396 proverbio
1035 1321 1202 1390 Πεζδς
1225 1319 1416 1380 ὁδεύων
1441 1321 1588 1401 παρὰ

3270 449 3379 502 447

2570 575 2627 635 3.

1895 688 2164 762 Hesych.,
2198 686 2385 757 Μάνης
2410 702 2425 744 t
2451 685 2759 744 κυὸευτικοῧ
2797 684 2953 764 βόλου
2980 686 3179 762 ὄνομα,
3210 684 3386 744 καθοί-

1815 798 1917 854 πιρ
1946 777 2017 836 Ε.
2060 775 2115 832 ἐν
2164 773 2305 838 Κυὸ.
2362 772 2687 852 παρίστησι,
2725 773 2817 832 καὶ
2867 772 3043 832 ἄλλων
3082 771 3388 850 καταλέγων

1819 861 2055 939 ὀνόματα
2088 861 2279 941 βόλων.
2309 855 2468 920 idem
2500 864 2613 920 alio
2651 866 2784 920 loco
2822 863 3091 924 mendose
3114 860 3336 940 Μάγνης
3371 882 3382 915 :

1822 949 1947 1009 κυὸ.
1980 949 2138 1030 βόλου
2164 947 2493 1030 προσηγορία
2509 994 2525 1022 ,
2558 961 2667 1010 etc.

2570 1096 2631 1157 4.
3386 1129 3395 1138 .

1901 1205 2215 1262 Proverbia
2238 1203 2461 1276 Bodlej.
2486 1203 2637 1273 642,
2676 1201 2898 1269 Μίδας
2926 1203 2991 1260 ἕν
3027 1197 3261 1267 κύὸοις
3288 1202 3390 1259 εὗ-

1616 1322 1734 1384 Λύ-
1822 1290 2235 1358 somnne:
2265 1289 2421 1370 βόλου
2444 1289 2657 1368 ὄνομαδ
2678 1289 2867 1363 Μίδας,
2892 1281 2952 1350 οὗ
2971 1289 3063 1348 καὶ
3080 1291 3148 1350 Ε.
3172 1290 3225 1346 ἐν
3248 1287 3387 1348 Κυὸ.

159 1409 268 1466 διον
293 1408 462 1488 195²·-
492 1433 522 1460 .
547 1411 600 1464 Ε
623 1409 714 1465 Μ,
746 1411 815 1469 ν,
846 1427 880 1465 2
927 1408 1064 1466 dedi
1104 1408 1373 1489 κεραυνός.
1413 1413 1598 1487 vulgo
1634 1409 1732 1482 κή,
1823 1378 2107 1458 μέμνηται.
2133 1381 2515 1437 Probabiliter
2538 1399 2765 1436 versum
2782 1382 3047 1436 restituas
3078 1378 3389 1435 scribendo

163 1520 308 1576 ρυνος
360 1501 482 1558 sine
533 1517 731 1568 sensu,
773 1498 876 1556 sed
918 1499 1054 1560 cod.
1108 1502 1407 1576 Jungerm.
1449 1498 1730 1582 κήρυννος,

163 1589 324 1663 quod
353 1589 592 1664 propius
615 1604 778 1644 vero.
805 1587 940 1646 Scil.
965 1599 1182 1646 mutata
1205 1589 1356 1646 sorte
1381 1609 1407 1646 ε
1433 1591 1496 1646 in
1526 1611 1581 1660 η,
1611 1610 1646 1645 α
1675 1592 1736 1646 in
1771 1583 1778 1648 Ι
1827 1643 1842 1658 ,
2015 1644 2027 1656 ,
2225 1638 2241 1665 ,
2992 1641 3006 1652 .

847 1661 859 1667 -
1696 1679 1734 1736 f·
1771 1651 1778 1704 Ι
1825 1661 1885 1698 m
1931 1643 2139 1718 quibus
2196 1640 2227 1700 δ
2290 1637 2353 1698 ἂν
2400 1640 2551 1700 forte
2591 1641 2911 1716 neglectum
2950 1640 3218 1708 videatur
3260 1651 3392 1714 post

163 1700 266 1746 υ,υ
289 1680 350 1732 in
373 1697 426 1748 ν,
459 1688 527 1748 ut
563 1677 722 1738 alias.
751 1678 835 1734 De
866 1679 1162 1756 permixtis
1198 1699 1234 1736 α
1267 1688 1325 1734 et
1364 1699 1396 1735 υ
1438 1680 1642 1736 litteris
1663 1699 1694 1736 c

165 1768 374 1823 Athen.
432 1765 526 1837 13,
572 1784 634 1840 p.
679 1764 820 1842 509,
849 1769 934 1837 E,
969 1767 1072 1823 ubi
1111 1766 1386 1844 δυστυχεῖν
1429 1787 1734 1844 perperam

161 1856 436 1928 scriptum
469 1853 701 1910 videtur
743 1873 855 1930 pro
905 1853 1227 1932 δυσμαχεϊν,
1271 1867 1381 1914 etc.
1421 1857 1671 1916 Meinek.
1714 1877 1726 1911 :

167 1965 190 1994 ι
221 1945 440 1999 Forsan
469 1939 732 2020 Κήρυκας,
758 1941 918 2017 quod
939 1944 1048 1998 viri
1073 1962 1285 2000 nomen
1305 1955 1386 2001 est
1408 1961 1505 2019 ap.
1532 1945 1730 2020 steph.

161 2034 295 2105 Byz.
329 2049 388 2088 v.
419 2028 656 2106 Γέρασα.
681 2029 904 2088 Deinde
922 2032 1099 2107 vulgo
1123 2033 1388 2104 κυνῶτας,
1411 2033 1541 2092 cod.
1561 2035 1732 2109 Jung.

165 2115 432 2185 Κυνωτός.
457 2119 846 2195 Theognostus
881 2120 1129 2177 Crameri
1162 2118 1390 2179 Anecd.
1435 2139 1494 2193 α,
1532 2140 1598 2197 p.
1634 2139 1732 2192 21,

167 2225 266 2277 2²,
301 2203 546 2272 Κυνωτός
590 2226 605 2262 :
641 2203 814 2285 βώλου
855 2204 990 2272 ὄνος.
1021 2210 1174 2286 Lege
1217 2204 1374 2285 βόλον
1420 2204 1612 2283 ὄνομα.
1640 2211 1736 2266 Ja-

164 2307 292 2350 ctus
309 2294 468 2350 hand
491 2293 668 2350 dubie
688 2312 724 2351 a
745 2296 900 2352 canis
917 2295 1150 2355 auribus
1169 2296 1493 2355 nominatus
1511 2338 1528 2367 ,
1559 2295 1715 2372 (inse-

163 2383 240 2436 lix
271 2381 524 2456 quidem,
554 2377 719 2441 κύων.
749 2381 951 2458 Both.)
981 2392 1045 2437 ut
1068 2380 1348 2460 κυνορχίας
1365 2383 1524 2460 apud
1550 2385 1704 2459 Hesy

165 2471 379 2530 chium.
404 2472 539 2526 Post
560 2466 720 2547 ἄρτια
745 2470 920 2546 vulgo
948 2470 1160 2527 lectum
1179 2467 1542 2548 ἁρματίαινε]
1561 2469 1740 2552 ἁρμά-

167 2577 254 2613 τια
307 2557 524 2615 delevit
563 2559 752 2616 Benu.
789 2559 862 2618 V.
919 2557 954 2613 3
987 2560 1164 2635 vulgo
1202 2556 1397 2622 Λάκων
1439 2556 1735 2625 ἀντίτυπος.

169 2645 442 2720 Hesych„
467 2641 700 2723 Ἀργείης
725 2643 880 2720 (lege
908 2642 1164 2725 Ἀργεῖος)
1190 2663 1208 2705 t
1245 2643 1554 2704 κυὸευτικοῦ
1581 2645 1740 2724 βόλου

167 2728 350 2804 ὄνομα.
377 2757 404 2780 ι
431 2735 496 2788 V.
525 2739 560 2799 4
592 2733 924 2788 Timocritus
945 2734 1075 2806 quis
1097 2733 1290 2804 fuerit,
1319 2743 1377 2790 et
1398 2743 1591 2790 utrum
1606 2734 1739 2791 felix

171 2837 240 2874 an
263 2817 463 2877 infelix
473 2821 656 2892 jactus
671 2821 784 2876 hoc
803 2822 1038 2878 nomine
1061 2819 1438 2897 significetur,
1457 2823 1738 2879 incertum

171 2919 268 2964 est.
335 2934 364 2959 ιι
423 2907 694 2980 Πυαλίτης
746 2920 1088 2990 usurpatum
1133 2929 1244 2986 pro
1309 2911 1488 2987 magis
1546 2913 1739 2969 Attico

175 2992 419 3067 πυελίτης
437 2996 578 3053 addi
605 3008 796 3073 potest
817 2999 916 3068 ἰίε,
943 3017 1068 3073 quae
1097 2998 1171 3055 de
1198 2999 1385 3055 forma
1413 2995 1612 3065 πύαλος
1630 3020 1740 3075 pro

175 3080 359 3147 πύελος
429 3084 698 3141 dixerunt
743 3086 1064 3145 Hemsterh.
1117 3086 1192 3143 ad
1253 3087 1534 3143 Thomam
1588 3090 1740 3164 Mag.

175 3190 228 3245 ρ.
255 3172 394 3242 863,
423 3182 482 3229 et
507 3173 757 3231 Lobeck.
783 3173 860 3230 ad
883 3174 1093 3249 Phryn.
1124 3193 1184 3250 p.
1215 3174 1356 3250 309.
1383 3178 1453 3234 V.
1489 3174 1524 3233 5
1545 3175 1736 3250 Etym.

181 3261 250 3316 M.
287 3272 346 3317 et
373 3262 654 3337 Παγαὶ,
693 3258 943 3340 Ἀγύρτης
975 3282 988 3319 :
1024 3258 1116 3320 καὶ
1149 3258 1316 3337 ὄνομα
1359 3262 1518 3340 βόλου
1549 3261 1740 3322 κυὸευ·

176 3350 335 3407 mii.
363 3348 590 3407 Deinde
619 3352 884 3407 nonnulli
912 3350 1042 3409 Mas.
1072 3347 1481 3409 ἀνακαλύπτων.
1511 3349 1740 3429 (Δύρας,

175 3437 342 3512 vulgo
367 3434 582 3516 δοριὺς,
609 3456 734 3512 quse
765 3456 884 3496 vox
905 3438 1094 3496 nihili.
1121 3439 1322 3515 Both.)
1347 3442 1415 3499 V.
1438 3440 1476 3495 6
1505 3438 1742 3497 photius

177 3526 309 3585 Lex.
339 3546 406 3600 p.
439 3545 581 3597 207,
627 3524 876 3602 Λάμπων
920 3547 936 3583 2
978 3523 1280 3593 κυὸιστικὸς
1321 3525 1460 3604 (leg.
1499 3525 1742 3586 κυὸευτιι-

177 3614 286 3692 κὸς)
335 3610 506 3694 βόλος.
553 3615 716 3685 οὕτως
757 3618 825 3678 Ε.
876 3644 905 3671 ι·
951 3622 1002 3677 Ε
1041 3622 1131 3677 Μ.
1161 3622 1458 3695 Ineptum,
1499 3622 1547 3677 si
1583 3623 1743 3695 quod

178 3706 354 3777 aliud,
379 3708 516 3764 huic
533 3708 622 3765 rei
649 3726 863 3765 nomen
894 3710 1122 3765 Solonis
1134 3730 1154 3780 ;
1178 3710 1528 3783 aptissimum
1553 3722 1740 3766 autem

179 3812 248 3848 συ
263 3793 416 3865 λῶν,
445 3813 554 3853 nec
583 3812 722 3853 raro
748 3797 1062 3853 litterarum
1078 3818 1110 3853 ο
1135 3808 1194 3853 et
1218 3818 1252 3852 υ
1268 3808 1740 3854 commutaturum

181 3884 430 3957 exempla
473 3884 729 3941 invenias
777 3902 794 3943 t
836 3886 994 3943 velut
1037 3882 1168 3965 ὑπὲρ
1211 3904 1322 3960 pro
1365 3882 1496 3963 ὅπερ
1537 3886 1744 3960 legitur

182 3970 326 4043 apud
355 3972 702 4045 Hesychium
723 3990 781 4027 v.
812 3971 1171 4048 Καμμύσουσι
1203 3974 1291 4049 (v.
1318 3992 1452 4029 ann.
1479 3974 1552 4029 ad
1575 3974 1736 4030 Iliad.

1920 1505 2122 1592 Μίδας
2148 1505 2251 1606 (δ’
2290 1507 2401 1604 ἂν)
2429 1515 2487 1579 ἐν
2520 1507 2793 1580 κύὲοισιν
2818 1507 3225 1589 εὐὸολώτατος
3243 1562 3262 1598 ,

1823 1729 1977 1800 -δας.
2011 1734 2145 1792 Haec
2169 1742 2299 1806 apte
2320 1730 2588 1790 claudant
2610 1741 2781 1804 atque
2799 1730 3081 1788 illustrent
3104 1729 3305 1804 fragm.
3330 1746 3387 1787 a.

2585 1859 2637 1917 5.

1912 2017 1937 2040 ιι
1982 1989 2074 2048 Ad
2107 1989 2348 2046 eandem
2385 1989 2533 2044 hanc
2576 1987 2829 2044 fabulam
2868 1987 3107 2044 sortasse
3144 1987 3396 2061 pertinet

1771 2128 1782 2142 .
1828 2081 2017 2154 glossa
2052 2079 2321 2152 Hesychii
2340 2119 2357 2148 ,
2400 2073 2697 2150 Ξανθιμίας
2741 2071 2885 2154 (sie)
2930 2096 2943 2131 :
2990 2073 3149 2154 βόλου
3188 2073 3354 2151 ὄνομα
3373 2120 3391 2148 ,

1770 2163 1929 2226 ,subi
1972 2168 2095 2242 lege
2132 2161 2445 2228 Ξανθίας.
2490 2163 2707 2240 (Immo
2756 2163 3186 2235 Ξάνθιππος,
3226 2183 3403 2240 quem·

1825 2255 2107 2329 intelligas
2118 2252 2346 2310 Periclis
2366 2249 2545 2308 filium
2558 2253 2839 2310 minorem
2852 2251 3167 2328 perditum,
3190 2250 3262 2308 de
3278 2271 3396 2328 quo

1825 2343 1989 2400 Plato
2014 2343 2235 2398 Mencx.
2256 2360 2315 2418 p.
2337 2348 2435 2416 94.
2466 2343 2553 2398 Dc
2572 2361 2615 2416 μ
2636 2351 2694 2398 et
2711 2361 2753 2396 π
2772 2341 3114 2398 commutari
3136 2341 3310 2398 solitis
3322 2341 3399 2398 ad

1827 2431 2117 2506 Aristoph.
2149 2431 2298 2486 Plut.
2332 2429 2499 2488 1016.
2522 2429 2690 2486 Both.
2712 2427 2756 2504 ).
2776 2431 2862 2490 De
2878 2446 3119 2486 numero
3140 2425 3400 2499 jactuum

1827 2517 1991 2577 Eust.
2022 2517 2097 2574 ad
2124 2516 2292 2578 Iliad.
2322 2537 2383 2593 p.
2429 2515 2598 2592 1289,
2620 2516 2725 2588 58,
2756 2536 2826 2580 ex
2850 2511 3099 2592 antiquis
3119 2534 3401 2591 gramma-

1833 2607 1959 2663 ticis
1991 2625 2004 2662 :
2035 2594 2172 2676 ἦσαν
2202 2601 2295 2681 δὲ,
2315 2603 2471 2686 φασὶν
2484 2647 2505 2678 ,
2530 2605 2586 2664 αἱ
2609 2613 2780 2665 πᾶσαι
2816 2601 3043 2669 πτώσεις
3066 2604 3174 2670 τῶν
3202 2603 3397 2680 ἄστρα·

1829 2690 2007 2770 γάλων
2041 2689 2641 2774 παραλαμὸανομὲνων,
2671 2692 2740 2758 ὡς
2769 2687 2913 2761 ἔθος,
2942 2687 3099 2748 πέντε
3128 2687 3219 2748 καὶ
3254 2689 3402 2768 τριά-

1827 2802 1985 2839 κοντα
2005 2823 2021 2852 ,
2043 2769 2117 2838 ὗν
2152 2780 2208 2837 αἱ
2238 2777 2332 2852 μὶν
2357 2781 2485 2838 θεῶν
2516 2778 2812 2855 ἐπώνυμοι,
2846 2780 2901 2836 αἱ
2940 2775 2995 2836 δὲ
3020 2777 3231 2856 ἡρώων,
3258 2779 3313 2835 αἱ
3344 2777 3399 2836 δὲ

1833 2866 2051 2936 ἕνδόξων
2096 2867 2297 2947 ἀνδρῶν
2312 2911 2329 2941 ,
2358 2870 2415 2924 αἱ
2454 2867 2509 2924 δὲ
2557 2867 2831 2949 ἑταιρίδων
2850 2910 2867 2941 ,
2912 2867 2968 2924 αἱ
3004 2865 3059 2924 δὲ
3098 2865 3206 2924 ἀπό
3246 2889 3399 2923 τινων

1830 2954 2243 3035 συμὸεὸηκότων
2268 2954 2405 3015 κατὰ
2424 2954 2582 3033 τιμὴν
2608 2952 2645 3027 ἢ
2663 2956 2863 3036 χλεύην
2878 2951 3343 3035 προσηγόρευνται.
3368 2980 3393 3005 ν

2108 3172 2352 3234 xxvn.
2400 3160 2768 3263 ΛΑΚΩΝΕΣ
2808 3166 2844 3239 ἢ
2888 3166 3113 3229 Anas.

1912 3326 2183 3403 Eupolidi
2223 3343 2456 3401 quoque
2484 3324 2761 3381 tribuitur
2787 3324 2979 3383 fabule
3002 3324 3081 3381 sic
3109 3321 3400 3395 inscripta.

1833 3414 2135 3473 Erotianus
2176 3414 2364 3475 Gloss.
2392 3412 2675 3488 Hippocr.
2705 3430 2771 3487 p.
2815 3411 2955 3481 246,
2993 3407 3320 3471 Μυττωτόντ
3354 3410 3403 3467 οἳ
3506 3420 3509 3427 “

1833 3500 1929 3579 μὲν
1962 3499 2188 3561 Ἀττικοὶ
2222 3498 2565 3577 ὖπότριμμα,
2690 3494 2925 3562 Εὔπολις
2960 3493 3016 3554 δὲ
3052 3496 3105 3557 ἐν
3142 3493 3399 3567 Λάκωσι,

1833 3590 1892 3649 τὸ
1923 3589 2125 3665 ἄμυλον
2148 3586 2341 3667 λέγων,
2369 3586 2500 3667 φησὶ

1915 3702 2002 3764 Τὰ
2028 3702 2236 3782 συκάρι’
2262 3700 2479 3772 ἐποίησε
2509 3698 2779 3777 μυττωτὸν
2808 3696 2996 3758 πολύν.

1833 3844 1857 3871 κ
1887 3820 2001 3877 Sed
2021 3820 2132 3877 hoc
2156 3821 2191 3875 l.
2216 3818 2411 3875 malim
2430 3812 2695 3882 Εὗὸουλος
2713 3860 2728 3887 ,
2750 3817 2910 3891 cujus
2932 3811 3177 3877 Λάκωνες
3197 3812 3402 3891 passim

1831 3908 2154 3965 laudantur.
2184 3908 2488 3965 Nominum
2515 3901 2742 3970 Εὔπολις
2771 3916 2828 3961 et
2858 3900 3121 3967 Εύὸουλος
3145 3920 3403 3957 commu-

1833 4006 2083 4053 tatorum
2113 3996 2437 4071 exemplum
2458 4014 2515 4050 v.
2540 3995 2751 4050 Athen.
2780 4012 2841 4069 9,
2868 4012 2926 4071 p.
2961 3991 3101 4061 384,
3126 3991 3204 4065 C,
3225 4014 3250 4039 ν
3286 4002 3398 4046 etc.

191 4074 276 4127 1¹³
331 4058 480 4130 4⁵3³
547 4078 656 4134 ¹9»
727 4066 866 4135 ¹493
922 4062 1040 4131 23»
1087 4064 1197 4137 69,
1271 4062 1514 4137 AEnehyl.
1572 4064 1737 4123 Eum·
1834 4080 2788 4160 Mein.nist.crit.C0m.p.115.

185 4146 348 4223 843),
377 4160 488 4208 etc.
523 4172 548 4199 ι
579 4146 800 4225 Σίμων,
829 4170 948 4207 non
971 4162 1262 4227 repertum
1299 4154 1361 4207 in
1399 4150 1576 4210 codd.
1613 4148 1742 4229 (sed

185 4233 306 4295 fort.
335 4238 602 4294 omissum
629 4256 735 4313 per
761 4239 1165 4316 negligentiam
1203 4239 1576 4295 librariorum
1611 4253 1746 4314 post

185 4324 350 4383 simile
371 4326 566 4386 συλῶν.
596 4328 760 4384 Certe
787 4346 900 4383 vox
915 4326 1196 4399 ejusmodi
1217 4328 1407 4383 versui
1423 4328 1743 4402 supplendo

185 4417 478 4472 necessaria
500 4424 604 4472 est.
635 4416 806 4473 Both.
824 4415 870 4493 ),
895 4418 1112 4473 sirecte
1135 4414 1574 4489 hahet,.jactum
1599 4414 1741 4471 infe·

189 4498 340 4555 licem
365 4502 792 4579 significaverit,
819 4522 854 4560 a
882 4505 1136 4573 Simone,
1165 4503 1384 4560 famoso
1406 4512 1744 4573 veteratore,

189 4591 517 4661 appellatum
547 4612 561 4647 ε
587 4612 643 4649 v.
668 4593 886 4652 Zenob.
923 4592 988 4663 5,
1013 4600 1112 4663 41,
1150 4603 1210 4649 et
1231 4594 1455 4649 Tzetzes
1485 4590 1635 4649 Chil.
1682 4612 1739 4662 7,

197 4674 320 4747 ηδ,
342 4678 672 4737 emendatus
703 4700 738 4737 a
763 4681 1062 4739 Lobeckio
1093 4682 1378 4759 Aglaoph.
1402 4700 1461 4756 p.
1489 4698 1512 4737 1
1531 4699 1666 4756 199.
1713 4705 1738 4731 u

194 4762 340 4821 EM.
367 4767 451 4826 ef.
483 4768 554 4823 fr.
593 4774 653 4835 4.

195 4930 224 4978 5
261 4928 488 5000 emam,
515 4934 827 5004 circulator,
851 4944 1051 4993 oestrus
1066 4978 1081 5004 ‚
1103 4936 1398 4993 reflectens
1417 4976 1434 5004 ‚
1465 4936 1620 4992 hasta
1635 4976 1650 5001 ‚

263 5014 493 5090 Lampon
511 5062 528 5089 2
563 5022 854 5095 Cyclopes,
876 5022 1172 5095 adjiciens,
1193 5024 1436 5097 expilatis
1453 5065 1470 5093 ‚
1501 5023 1712 5080 Simon.

929 5150 984 5198 4.

201 5263 358 5325 Midas
379 5272 432 5329 in
453 5273 574 5333 alea
597 5274 946 5336 felicissimus
961 5278 1160 5351 jactus

2593 4224 2644 4260 1.

1914 4319 2119 4376 Athen.
2153 4338 2209 4391 7,
2240 4337 2303 4394 p.
2336 4316 2483 4388 330,
2524 4318 2569 4373 C
2597 4336 2611 4372 τ
2638 4312 3019 4394 παραθήσομέν
3050 4334 3131 4371 σοι
3154 4310 3244 4371 καὶ
3268 4310 3300 4369 ἃ
3336 4312 3402 4372 Ε.

1835 4404 2041 4484 εἴρηκεν
2065 4408 2119 4464 ἐν
2148 4404 2399 4466 Λάκωσιν
2422 4404 2459 4475 ἢ
2484 4403 2638 4481 Λήδᾳ
2656 4448 2672 4477 ,

1938 4538 2102 4629 Πρὸς
2132 4538 2437 4603 τούτοισιν
2467 4530 2536 4602 δὲ
2566 4537 2863 4627 παρέσται
2896 4559 2989 4600 σοι

1932 4644 2129 4710 θύννου
2161 4646 2429 4735 τέμαχος
2447 4692 2465 4728 ,
2494 4645 2638 4734 κρέα
2665 4634 3053 4731 δελφακίων,

1934 4744 2152 4841 χορδαί
2182 4756 2241 4817 τ’
2267 4748 2498 4841 ἐρίφων,
2525 4746 2697 4843 ἦποίρ
2720 4772 2791 4813 τε
2815 4747 3047 4839 κάπρου
3062 4795 3082 4830 ,

2260 4932 2589 4988 LACONES
2624 4930 2708 4987 vel
2749 4930 2968 4987 [ΕΒΑ.

1916 5110 2186 5164 Praeterea
2212 5104 2311 5161 tibi
2334 5104 2512 5161 aderit
2604 5024 2653 5072 ¹·

1901 5193 2096 5267 thynni
2120 5193 2513 5249 salsamentum
2534 5234 2550 5259 ‚
2581 5206 2711 5247 earo
2742 5189 3111 5263 poi-culorum,

1904 5289 1957 5337 et
1981 5280 2153 5338 botuli
2178 5278 2465 5336 hoedorum
2485 5319 2500 5347 ‚
2528 5276 2803 5350 heparque
2830 5276 3005 5349 capri,
