3809 5850
441 402 514 452 20
1416 383 1822 446 GOMOEmAE
1864 382 2016 442 VET
2027 381 2196 442 ERlS
2238 377 2651 454 REMQUIAE.

438 519 835 603 συκοφάντης...
862 515 1177 595 μνημονεύει
1204 511 1261 574 δὲ
1290 515 1451 574 αὐτοῦ
1474 515 1566 574 καὶ
1589 512 1819 576 Πλάτων
1853 514 1996 588 (co-

435 614 653 688 micus)
680 613 733 670 ἕν
774 607 1085 687 Πεισάνδρῳ
1113 604 1203 666 καὶ
1242 609 1343 684 Κρ.
1386 605 1440 664 ἐν
1474 607 1577 684 Θρ.
1620 606 1895 661 Euathlus
1931 623 2000 659 ex

438 699 767 776 Protagorae
798 695 1095 772 disciplina
1122 705 1334 765 orator,
1359 691 1565 750 deinde
1590 694 1953 766 demagogus.

842 870 951 928 xl.
996 863 1589 926 ΚΛΕΟΒΟΥΔῙΝΑΙ.

516 1011 803 1085 Diogenes
827 1011 1018 1064 Laert.
1076 1024 1130 1080 1,
1175 1005 1251 1079 89
1286 1023 1297 1058 :
1335 1000 1660 1067 Κλεόόουλος
1702 998 1998 1079 Εὐαγόρου,

441 1095 744 1169 Λίνδιος,...
779 1091 1017 1169 γενέσθαι
1040 1114 1094 1149 τε
1125 1089 1267 1170 αὐτῷ
1300 1087 1560 1168 θυγατέρα
1584 1083 1964 1157 Κλεοὸουλίνην
1983 1129 2001 1162 ,

439 1181 760 1259 αἰνιγμάτων
779 1177 1075 1256 ἑξαμέτρων
1095 1175 1398 1256 ποιήτριαν,
1420 1169 1485 1248 ἧς
1502 1174 1766 1252 μέμνηται
1786 1171 1876 1231 καὶ
1898 1174 2002 1250 Κρ.

441 1273 494 1328 ἐν
543 1272 621 1350 τῷ
664 1266 931 1348 ὁμωνύμῳ
976 1264 1234 1346 δράματι,
1282 1264 1639 1336 πληθυντικῶς
1684 1259 1998 1338 ἐπιγράψας.

440 1384 465 1408 α
496 1357 703 1433 Graeci,
726 1367 793 1413 ut
814 1366 981 1412 erant
1002 1357 1063 1410 in
1082 1355 1237 1409 omni
1257 1355 1373 1408 vita
1394 1351 1691 1407 hilaritatis
1710 1349 2007 1422 omnisque

438 1447 656 1522 generis
692 1445 1022 1502 facetiarum
1068 1441 1466 1509 amantissimi,
1516 1440 1597 1494 ita
1642 1439 1813 1493 etiam
1856 1435 2006 1498 inter

438 1532 791 1609 epulandum
835 1531 1127 1586 liberalem
1164 1530 1341 1584 animi
1388 1528 1831 1583 oblectationem
1874 1543 2004 1579 cum

438 1622 563 1677 aliis
592 1621 781 1690 rebus,
830 1629 951 1674 tum
980 1618 1289 1692 aenigmatis
1335 1615 1722 1690 excogitandis
1756 1612 2006 1678 studiose

440 1709 788 1782 quaerebant.
818 1707 1222 1781 Aristophanes
1239 1708 1407 1780 Vesp.
1437 1721 1512 1760 20
1548 1723 1560 1757 ε

516 1843 687 1906 Οὐδὲν
716 1843 821 1922 ἄρα
841 1841 1025 1922 γρίφου
1046 1838 1278 1919 διαφέρει
1304 1836 1641 1916 Κλεώνυμος.

519 1960 542 1987 ι
570 1935 699 2000 Πῶς
721 1931 819 2005 δή;
848 1957 875 1982 ¹·
902 1930 1147 2010 προσερεῖ
1174 1951 1251 1995 τις
1293 1930 1444 1986 τοῖσι’
1488 1926 1801 2004 συμπόταις.
1847 1926 2005 2006 Λέγω

1168 2017 1289 2095 [sic
1317 2019 1507 2076 scribo
1533 2037 1643 2094 pro
1673 2015 1861 2094 λέγων.
1888 2015 2002 2093 B.]

518 2110 599 2169 ὅτι
635 2106 823 2168 ταύτὸν
852 2108 906 2165 ἓν
930 2110 998 2186 γῇ
1023 2105 1071 2164 τ’
1094 2105 1389 2177 ἀπέὸαλεν,
1419 2107 1517 2164 κᾶν
1536 2105 1757 2184 οὐρανῷ,

516 2200 615 2258 κάν
639 2201 707 2276 τῇ
734 2193 967 2271 θαλάττῃ
1002 2193 1177 2273 θηρίον
1203 2192 1300 2264 τὴν
1323 2192 1539 2252 ἀσπίδα.

436 2341 642 2397 Athen.
681 2357 774 2413 10,
799 2356 861 2413 p.
887 2335 1023 2408 448,
1052 2338 1095 2394 F
1122 2353 1137 2394 τ
1168 2333 1474 2414 Ἀντιφάνης
1500 2333 1594 2410 μὲν
1626 2335 1679 2394 ἓν
1711 2333 2008 2394 Κνοισθιδεῖ

437 2426 471 2496 ἢ
504 2423 776 2504 Γάστρωνί
799 2445 954 2503 φησιν

518 2553 665 2632 Ἐγὼ
691 2552 940 2634 πρότερον
966 2551 1063 2629 μὲν
1085 2549 1203 2614 τοὺς
1230 2547 1535 2617 κελεύοντας
1555 2549 1725 2626 λέγειν

518 2643 729 2722 γρίφους
750 2639 897 2718 παρὰ
918 2639 1080 2698 πότον
1108 2637 1290 2719 ᾠόμην
1318 2639 1495 2715 ληρεῖν
1522 2639 1719 2717 σαφῶς.

440 2777 510 2834 Et
541 2775 621 2832 ib.
666 2793 725 2850 p.
779 2771 887 2840 451
914 2814 929 2840 ,
969 2773 1014 2826 B
1043 2789 1057 2824 ι
1090 2765 1305 2846 Δίφιλος
1332 2765 1378 2823 δ’
1417 2767 1471 2824 ἐν
1512 2767 1686 2837 Θησεῖ
1714 2777 1849 2844 τρεῖς
1876 2789 2004 2825 ποτε

442 2861 597 2943 κόρας
624 2857 836 2937 Σαμίας
860 2853 1013 2938 φησὶν
1042 2853 1332 2916 Ἀδωνίοισι
1374 2852 1632 2937 γριφεύειν
1671 2854 1818 2933 παρὰ
1847 2853 2004 2914 πότον

440 2966 550 3012 etc.
581 2954 663 3008 Ea
702 2968 792 3009 res
833 2966 1011 3022 quum
1050 2957 1272 3003 mature
1317 2946 1377 3000 in
1406 2944 1689 3019 quendam
1722 2944 1877 3015 velut
1911 2945 2007 3003 lu-

442 3040 616 3097 dendi
678 3040 935 3095 furorem
993 3036 1405 3111 degenerasset,
1460 3034 1667 3089 comici
1713 3045 1896 3110 poetae
1947 3036 2003 3092 id

442 3132 623 3204 ipsum
641 3144 871 3201 quoque
892 3124 1255 3181 festivissimis
1258 3120 1408 3194 jocis
1419 3122 1817 3197 exagitandum
1837 3135 2006 3199 puta-

442 3228 595 3275 runt.
627 3214 1095 3291 Antiquissimum
1126 3210 1247 3284 ejus
1265 3212 1349 3267 rei
1386 3212 1709 3287 exemplum
1736 3213 2008 3271 habemus

439 3304 653 3362 Cratini
684 3304 1063 3369 Cleobulinas,
1096 3320 1130 3356 a
1165 3300 1429 3359 Cleobuli
1470 3301 1665 3357 Lindii
1705 3298 1819 3356 filia
1844 3302 2006 3376 inge—

438 3394 624 3463 niosa,
666 3389 1093 3462 multorumque
1120 3386 1481 3461 aenigmatum
1516 3397 1751 3443 auctore
1794 3387 2006 3443 celebri

438 3480 776 3553 appellatas,
807 3496 921 3551 qua
946 3479 1005 3531 in
1035 3474 1225 3532 fabula
1252 3474 1512 3532 Cratinus
1539 3476 2006 3531 muliercularum

438 3576 647 3621 coetum
674 3565 989 3621 exhibuisse
1015 3561 1241 3619 videtur
1268 3562 1578 3636 aenigmatis
1600 3561 1792 3617 multis
1820 3560 2006 3617 modis

440 3654 753 3731 ludentium
786 3651 885 3729 (v,
914 3652 983 3708 fr.
1014 3650 1073 3718 3,
1101 3650 1158 3718 6,
1192 3670 1221 3719 7
1246 3648 1291 3723 ).
1322 3651 1537 3706 Cratini
1568 3650 1815 3723 vestigiis
1840 3650 2004 3704 insti-

438 3742 573 3795 terit
601 3740 821 3811 Alexis‚
844 3738 1000 3809 cujus
1020 3736 1414 3794 Cleobulinam
1440 3736 1635 3792 laudat
1670 3737 1869 3793 Athen.
1908 3736 2003 3810 13,

438 3844 499 3901 p.
537 3825 673 3896 586,
702 3830 773 3895 A,
807 3834 865 3881 et
893 3824 1149 3880 Eubulus
1174 3824 1663 3899 Sphingocarione
1682 3863 1698 3892 ‚
1732 3842 1894 3880 servo
1925 3824 2004 3880 nil

438 3914 545 3968 nisi
566 3912 1141 3986 aenigmataloquente
1162 3910 1256 3985 (v,
1274 3910 1480 3967 Athen.
1519 3930 1611 3978 10,
1629 3930 1690 3984 p.
1717 3916 1850 3984 449,
1874 3913 1936 3967 F.
1957 3912 2004 3984 >3

438 4019 545 4056 nec
584 4000 849 4055 dissimile
888 3998 1228 4074 Antiphanis
1264 3996 1372 4053 suit
1413 3998 1742 4065 consilium,
1799 3998 1897 4070 qui
1940 3996 2002 4053 in

441 4089 751 4163 Sapphone
773 4087 1053 4161 poetriam
1070 4086 1247 4159 ipsam
1266 4086 1563 4158 aenigmata
1585 4096 2005 4158 proponentem

441 4188 499 4231 et
538 4177 611 4231 ab
656 4176 776 4231 aliis
817 4175 1113 4250 proposita
1154 4175 1503 4241 solventem,
1560 4174 1891 4247 pariterque
1944 4175 2005 4227 in

440 4263 801 4319 Problemate
832 4263 1199 4316 convivantes
1232 4279 1301 4315 eo
1333 4260 1458 4315 lusu
1502 4272 1723 4333 tempus
1747 4259 2005 4329 jucunde

442 4351 692 4405 fallentes
720 4348 1021 4403 induxerat
1063 4366 1161 4404 tv.
1193 4347 1398 4403 Athen.
1439 4366 1531 4421 10,
1560 4365 1621 4420 p.
1671 4346 1807 4413 450.
1849 4374 1873 4397 α
1909 4348 2003 4405 Sic

442 4440 557 4493 sere
588 4437 938 4491 doctissimus
979 4434 1227 4491 Meinek.
1271 4434 1419 4492 Hist.
1465 4436 1595 4490 crit.
1628 4452 1685 4506 p.
1728 4452 1838 4505 277
1879 4454 1998 4509 seq.

440 4524 607 4581 Adde
631 4524 833 4597 Bergk.
854 4524 1194 4580 Commentt.
1224 4542 1280 4595 p.
1311 4539 1333 4575 1
1353 4540 1418 4576 ια
1445 4540 1603 4595 seqq.

973 4690 1257 4746 CLEOBU
1267 4690 1473 4744 LINAE.

1204 4784 1227 4830 1
1241 4819 1251 4830 .

444 4874 759 4925 Acestorem
782 4866 929 4920 enim
952 4864 1310 4921 nihilominus
1332 4877 1549 4933 aequum
1573 4870 1655 4918 est

445 4952 733 5019 verberari,
762 4952 869 5007 nisi
894 4958 1015 5022 apte
1038 4957 1330 5021 componat
1358 4964 1460 5005 res,

1202 5042 1234 5090 2

448 5130 671 5199 Insuper
687 5124 840 5184 dedit
863 5124 1224 5199 palmularum
1242 5080 1461 5182 lancem
1478 5140 1539 5181 ex
1562 5123 1795 5196 Phegeu.

2851 528 2874 564 1

2171 611 2363 666 Schol.
2398 607 2686 682 Aristoph.
2715 607 2818 664 Av.
2861 604 2928 660 31
2980 623 2993 658 :
3042 601 3323 682 Ἀκέστωρ,
3367 601 3678 682 τραγῳδίας

2093 693 2333 766 ποιητής.
2363 695 2600 751 ἐκαλεῖτο
2627 691 2683 751 δὲ
2715 690 2896 757 Σάκας
2915 688 3002 748 διὰ
3024 689 3086 748 τὸ
3113 687 3251 758 ξένος
3277 681 3411 748 εἶναι
3437 691 3458 768 (
3489 689 3676 750 Σάκαι

2092 779 2196 861 γὰρ
2240 780 2452 861 Θρᾷκές
2489 783 2618 838 εἰσιν
2651 778 2691 860 )·
2734 779 3053 855 Θεόπομπος
3093 777 3146 835 δὲ
3185 778 3278 836 καὶ
3325 777 3413 836 τὸν
3457 776 3678 856 πατέρα

2097 871 2260 927 αὐτοῦ
2289 867 2473 928 Σάκαν
2501 865 2966 948 προσηγόρευσε...
2999 867 3072 931 εἰς
3113 865 3167 924 δὲ
3208 863 3302 936 τὴν
3331 863 3546 937 ποίησιν
3575 869 3678 924 αὖ·

2093 956 2182 1015 τὸν
2209 955 2562 1036 κεχλευάκασι
2593 953 2833 1020 Καλλίας
2856 951 2954 1030 μὲν
2979 955 3032 1012 ἐν
3058 952 3426 1024 Πεδήταις,...
3461 955 3574 1033 Κρ.
3621 954 3678 1010 δὲ

2097 1045 2148 1102 ἐν
2174 1039 2578 1108 Κλεοὸουλίναις
2605 1041 2786 1120 (male
2809 1043 2942 1098 libri
2965 1037 3315 1106 Κλεοὸοὖλοις
3339 1042 3382 1118 ),

2192 1198 2290 1210 —-
2321 1155 2632 1252 Ᾰκέστορα
2652 1157 2766 1251 γὰρ
2798 1160 2962 1249 ὅμως
2999 1157 3152 1233 εἰκὸς
3178 1151 3387 1223 ludetur

2192 1264 2456 1358 πληγὰς,
2485 1263 2586 1330 ἐὰν
2625 1269 2706 1355 μὴ
2745 1263 3037 1355 συστρέφῃ
3072 1259 3152 1329 τὰ
3183 1260 3549 1355 πράγματα,

2098 1396 2140 1454 i.
2158 1412 2211 1452 e.
2225 1395 2346 1450 Nisi
2365 1391 2635 1449 retundet
2651 1393 2879 1466 suisque
2900 1390 3108 1447 finibus
3132 1391 3568 1447 circumscribat
3591 1411 3684 1448 ar-

2097 1491 2426 1556 gumentum
2465 1481 2866 1554 actionemque
2907 1479 3144 1548 fabulae,
3181 1479 3680 1551 quemadmodum

2099 1563 2404 1645 συστρέφειν
2445 1563 2542 1637 τὴν
2565 1563 2732 1638 λέξιν,
2761 1562 3024 1644 συστροφὴ
3049 1568 3140 1623 τοῦ
3168 1563 3356 1640 λόγου,
3385 1577 3444 1622 et
3463 1567 3682 1621 similia

2099 1657 2538 1711 concinnitatem
2562 1654 2839 1711 orationis
2881 1649 3216 1728 significant,
3257 1663 3322 1708 ut
3355 1653 3535 1710 Mein.
3569 1671 3680 1708 an-

2097 1744 2340 1798 notavit.
2387 1742 2574 1799 codd.
2613 1737 2902 1819 συστρίψῃ,
2945 1751 3266 1796 correctum
3311 1758 3348 1795 a
3379 1741 3680 1812 Bentleio;

2100 1831 2369 1910 συστραφῇ
2397 1829 2695 1898 Dobraeus‚
2721 1828 2997 1903 probatus
3019 1847 3052 1883 a
3081 1827 3380 1886 Meinekio.

2855 1943 2912 1982 α.

2180 2030 2386 2089 Pollux
2418 2051 2512 2100 10,
2551 2031 2658 2088 105
2699 2053 2710 2086 :
2753 2028 2932 2088 ἄδακα
2969 2030 3016 2088 δ’
3044 2029 3090 2086 εἰ
3130 2026 3343 2106 βούλοιό
3373 2051 3424 2086 τι
3447 2031 3559 2087 τῶν
3585 2033 3684 2088 τοῦ

2103 2117 2354 2196 μαγείρου
2398 2120 2596 2176 σκευῶν
2624 2119 2829 2189 καλεῖν,
2860 2114 3253 2196 προσχρηστέον
3285 2139 3368 2175 σοι
3395 2116 3680 2198 Κρατίνῳ,

2102 2207 2153 2264 ἰν
2177 2208 2282 2266 Κλ.
2309 2203 2512 2283 λέγοντι

2199 2314 2490 2388 Επέδωκε
2531 2323 2807 2406 βαλάνων
2843 2317 3049 2387 ἅὸακα
3075 2330 3196 2387 τῶν
3231 2324 3300 2388 ἐκ
3335 2324 3614 2414 Φηγέως.

2103 2453 2176 2505 Et
2197 2450 2255 2520 6,
2283 2448 2357 2506 86
2385 2467 2402 2509 τ
2425 2453 2592 2507 ταῦτα
2613 2447 2668 2506 δὲ
2687 2445 2787 2506 ὅσα
2813 2447 2950 2506 κατὰ
2969 2447 3158 2528 φιάλας
3181 2450 3516 2509 ἀνεπέπτατο
3539 2495 3560 2526 ,
3586 2453 3684 2509 καὶ

2103 2532 2374 2613 κάναστρα
2415 2532 2714 2612 καλούμενα
2747 2537 2914 2612 εὑρεῖν
2939 2533 3050 2592 ἔστι
3074 2534 3222 2615 παρὰ
3265 2538 3576 2616 Νικοφῶντι
3605 2541 3684 2616 τῷ

2103 2623 2352 2701 κωμικῷ,
2383 2623 2452 2686 ὡς
2483 2622 2572 2679 καὶ
2602 2621 2748 2701 παρὰ
2787 2621 3035 2702 Κρατίνῳ
3068 2621 3382 2700 βαλάνων
3413 2622 3680 2684 deux«.

2103 2736 2128 2760 «ι
2159 2713 2357 2784 Imque
2377 2707 2511 2776 ἄὸαξ
2525 2711 2890 2785 intelligenda
2903 2713 3209 2786 lanxplana
3230 2723 3284 2769 et
3302 2713 3520 2787 patula,
3533 2731 3684 2786 qua·

2102 2798 2170 2853 lis
2211 2797 2533 2871 phialarum
2563 2797 2746 2854 forma
2773 2810 2878 2854 est.
2926 2823 2952 2847 ιο
2988 2799 3070 2853 Μ.
3109 2795 3350 2863 Φελλίας
3397 2797 3546 2874 (qui
3598 2812 3686 2856 est

2103 2901 2263 2941 mons
2289 2883 2523 2960 Atticae)
2553 2886 2869 2961 Bentleius;
2893 2886 3026 2943 libri
3051 2885 3309 2958 Φιττὲως,
3337 2885 3498 2961 quod
3527 2888 3683 2943 Mei-

2101 2970 2234 3029 nelt.
2254 2973 2473 3051 egregie
2493 2974 2739 3031 correxit
2762 2972 2872 3033 ‹1›fl
2886 2973 3103 3045 ΓΕΩΣ,
3129 2992 3338 3031 nomen
3355 2974 3466 3031 loci
3491 2992 3685 3051 prope

2101 3060 2496 3118 Marathonem
2537 3072 2596 3117 et
2628 3064 2978 3117 Brauronem
3007 3064 3098 3117 siti
3135 3074 3192 3117 et
3229 3062 3492 3137 fagorum
3521 3062 3686 3119 fera-

2102 3150 2204 3217 cis,
2229 3160 2294 3203 ut
2321 3150 2506 3223 ipsum
2531 3166 2744 3204 nomen
2773 3150 3006 3208 indicat.

2859 3252 2914 3307 3.

2183 3348 2546 3421 Hephaestion
2569 3348 2802 3406 Euchir.
2840 3367 2890 3417 1,
2919 3348 2975 3418 3,
2999 3366 3060 3422 p.
3093 3365 3183 3418 17,
3211 3348 3285 3405 de
3307 3349 3682 3422 correptione

2101 3435 2326 3509 syllaBae
2353 3446 2485 3491 ante
2511 3444 2730 3489 mutam
2757 3446 2814 3489 et
2842 3434 3118 3508 liquidam
3145 3455 3158 3490 :
3187 3432 3451 3509 ἐδείξαμεν
3475 3434 3556 3491 ἔτι
3585 3438 3684 3491 καὶ

2102 3520 2227 3600 παρ’
2253 3524 2396 3601 αὐτῷ
2417 3524 2492 3599 τῷ
2521 3520 2767 3601 Κρατίνῳ
2792 3520 3044 3587 πολλάκις
3071 3510 3230 3579 οὖσαν
3246 3565 3263 3594 ,
3289 3523 3361 3589 ὡς
3383 3523 3436 3580 ἒν
3471 3523 3580 3581 Κλ.

2193 3628 2382 3706 ἔστιν
2410 3636 2620 3730 ἄκμων
2641 3636 2746 3704 καὶ
2766 3648 2958 3728 σφῦρα
2983 3636 3186 3724 νεανίᾳ
3203 3639 3430 3729 εὕτριχι
3447 3640 3680 3721 Πώλῳ.

2103 3766 2286 3825 codd.
2321 3768 2441 3823 duo
2469 3763 2674 3844 πώπῳ,
2711 3766 2884 3823 ceteri
2922 3762 3104 3843 πώλῳ,
3131 3765 3293 3839 quod
3337 3774 3686 3821 transversos

2103 3854 2354 3929 abripuit
2373 3856 2526 3909 viros
2545 3854 2766 3922 doctos,
2781 3852 3064 3925 siquidem
3081 3852 3239 3907 haud
3259 3851 3688 3908 dubienotatur

2101 3940 2178 3996 ob
2189 3941 2474 3998 lasciviam
2483 3982 2499 4008 ‚
2517 3952 2786 4015 tanquam
2800 3936 3232 4018 e'pecco'utvoc[xai
3243 3936 3490 4015 ἐρέσσων,
3504 3936 3687 3995 Polus

2101 4030 2531 4104 Agrigentinus,‘
2543 4030 2793 4103 sophista
2815 4046 3027 4103 nugax,
3049 4046 3220 4101 quem
3235 4026 3402 4083 Plato
3425 4046 3688 4085 comme-

2099 4118 2344 4171 moravit
2365 4114 2637 4183 Phaedro,
2667 4117 2906 4189 Gorgia,
2938 4127 2996 4171 et
3037 4116 3192 4171 alias.
3231 4113 3502 4171 Similiter
3531 4116 3690 4171 istud

2101 4200 2488 4279 παραμέδοντος
2517 4205 2576 4257 in
2617 4201 2926 4266 Μαλθακοῖς
2955 4204 3022 4257 fr.
3061 4224 3084 4257 1
3121 4204 3342 4258 curavit
3375 4204 3684 4260 Dobraeus.

2187 4396 2430 4468 llcsych.
2465 4390 2626 4461 Αἷθὴς
2647 4306 2998 4470 πέπλος.4Κρ.
3037 4394 3141 4452 Κλ.

2203 4546 2299 4557 -
2339 4504 2750 4598 Ϊὲμὸοίλλοντα
2778 4511 2916 4584 τοὺς
2947 4510 3134 4584 αἰθεῒς
3159 4512 3445 4585 πέπλους.

2107 4774 2362 4832 incudem
2412 4784 2468 4832 et
2517 4774 2776 4833 malleum
2829 4697 2993 4833 hibet
3049 4776 3364 4834 adolescens
3423 4783 3684 4834 comatus

3473 4864 3678 4931 [Polus

2865 4957 2919 5005 4.

2111 5038 2447 5109 injicientem
2471 5037 2618 5096 hisce
2641 5036 2894 5097 ardentes
2921 5037 3154 5095 tunicas.
