<?xml version="1.0" encoding="UTF-8"?>
<!DOCTYPE html PUBLIC "-//W3C//DTD XHTML 1.0 Transitional//EN"
    "http://www.w3.org/TR/xhtml1/DTD/xhtml1-transitional.dtd">
<html xmlns="http://www.w3.org/1999/xhtml" xml:lang="en" lang="en">
 <head>
  <title>
</title>
<meta http-equiv="Content-Type" content="text/html;charset=utf-8" />
  <meta name='ocr-system' content='tesseract 3.04.00' />
  <meta name='ocr-capabilities' content='ocr_page ocr_carea ocr_par ocr_line ocrx_word'/>
</head>
<body>
  <div class='ocr_page' id='page_1' title='image "./poetarumcomicor01hunzgoog_0449.png"; bbox 0 0 3809 5850; ppageno 0'>
   <div class='ocr_carea' id='block_1_1' title="bbox 1395 413 2023 475">
    <p class='ocr_par' dir='ltr' id='par_1_1' title="bbox 1395 413 2023 475">
     <span class='ocr_line' id='line_1_1' title="bbox 1395 413 2023 475; baseline 0.003 -2"><span class='ocrx_word' id='word_1_1' title='bbox 1395 414 1712 473; x_wconf 74' lang='lat' dir='ltr'>ANAXAN</span> <span class='ocrx_word' id='word_1_2' title='bbox 1725 414 1822 475; x_wconf 85' lang='lat' dir='ltr'>DR</span> <span class='ocrx_word' id='word_1_3' title='bbox 1836 413 2023 475; x_wconf 85' lang='lat' dir='ltr'>lDES.</span> 
     </span>
    </p>
   </div>
   <div class='ocr_carea' id='block_1_2' title="bbox 149 539 1708 1763">
    <p class='ocr_par' dir='ltr' id='par_1_2' title="bbox 149 539 1708 1763">
     <span class='ocr_line' id='line_1_2' title="bbox 159 539 1695 621; baseline 0.001 -24"><span class='ocrx_word' id='word_1_4' title='bbox 159 540 354 616; x_wconf 71' lang='grc'><strong>1844),</strong></span> <span class='ocrx_word' id='word_1_5' title='bbox 393 544 808 617; x_wconf 72' lang='lat' dir='ltr'><strong>proposuimus</strong></span> <span class='ocrx_word' id='word_1_6' title='bbox 832 562 921 619; x_wconf 80' lang='grc' dir='ltr'>χρ.</span> <span class='ocrx_word' id='word_1_7' title='bbox 964 562 1021 599; x_wconf 89' lang='grc' dir='ltr'>τε</span> <span class='ocrx_word' id='word_1_8' title='bbox 1071 563 1126 601; x_wconf 92' lang='grc' dir='ltr'>σ.</span> <span class='ocrx_word' id='word_1_9' title='bbox 1185 540 1379 621; x_wconf 72' lang='grc' dir='ltr'><strong>φιάλην</strong></span> <span class='ocrx_word' id='word_1_10' title='bbox 1420 539 1695 618; x_wconf 78' lang='grc' dir='ltr'><strong>λεπάδων,</strong></span> 
     </span>
     <span class='ocr_line' id='line_1_3' title="bbox 149 628 1698 706; baseline 0.002 -21"><span class='ocrx_word' id='word_1_11' title='bbox 149 633 276 688; x_wconf 80' lang='lat' dir='ltr'>dass.</span> <span class='ocrx_word' id='word_1_12' title='bbox 297 632 654 702; x_wconf 75' lang='lat' dir='ltr'>dergoedene</span> <span class='ocrx_word' id='word_1_13' title='bbox 665 632 872 687; x_wconf 75' lang='lat' dir='ltr'>Sche’lcl</span> <span class='ocrx_word' id='word_1_14' title='bbox 888 632 977 686; x_wconf 71' lang='lat' dir='ltr'>alr</span> <span class='ocrx_word' id='word_1_15' title='bbox 990 629 1381 703; x_wconf 75' lang='lat' dir='ltr'>Schiisselfic&#39;r</span> <span class='ocrx_word' id='word_1_16' title='bbox 1399 634 1490 688; x_wconf 78' lang='lat' dir='ltr'>die</span> <span class='ocrx_word' id='word_1_17' title='bbox 1503 634 1568 687; x_wconf 84' lang='lat' dir='ltr'><em>N</em></span> <span class='ocrx_word' id='word_1_18' title='bbox 1564 628 1698 706; x_wconf 74' lang='lat' dir='ltr'>apf-</span> 
     </span>
     <span class='ocr_line' id='line_1_4' title="bbox 151 719 1702 791; baseline 0.001 -18"><span class='ocrx_word' id='word_1_19' title='bbox 151 720 428 774; x_wconf 66' lang='lat' dir='ltr'>schneeken</span> <span class='ocrx_word' id='word_1_20' title='bbox 463 721 712 791; x_wconf 77' lang='lat' dir='ltr'>gede&#39;ent</span> <span class='ocrx_word' id='word_1_21' title='bbox 743 719 950 787; x_wconf 66' lang='grc'><strong>1110110,-</strong></span> <span class='ocrx_word' id='word_1_22' title='bbox 998 726 1092 776; x_wconf 77' lang='lat' dir='ltr'>ein</span> <span class='ocrx_word' id='word_1_23' title='bbox 1139 720 1432 791; x_wconf 68' lang='lat' dir='ltr'>Coun-ast,</span> <span class='ocrx_word' id='word_1_24' title='bbox 1469 722 1575 777; x_wconf 80' lang='lat' dir='ltr'>der</span> <span class='ocrx_word' id='word_1_25' title='bbox 1605 722 1702 777; x_wconf 80' lang='lat' dir='ltr'>die</span> 
     </span>
     <span class='ocr_line' id='line_1_5' title="bbox 153 806 1702 884; baseline 0.001 -23"><span class='ocrx_word' id='word_1_26' title='bbox 153 806 600 863; x_wconf 73' lang='lat' dir='ltr'>loecherlichkeit</span> <span class='ocrx_word' id='word_1_27' title='bbox 621 808 724 863; x_wconf 80' lang='lat' dir='ltr'>des</span> <span class='ocrx_word' id='word_1_28' title='bbox 752 808 1240 884; x_wconf 53' lang='lat' dir='ltr'>geschmmkwen</span> <span class='ocrx_word' id='word_1_29' title='bbox 1267 810 1548 865; x_wconf 82' lang='lat' dir='ltr'>Gasemals</span> <span class='ocrx_word' id='word_1_30' title='bbox 1575 826 1702 864; x_wconf 81' lang='lat' dir='ltr'>ver-</span> 
     </span>
     <span class='ocr_line' id='line_1_6' title="bbox 153 894 1704 973; baseline 0.001 -24"><span class='ocrx_word' id='word_1_31' title='bbox 153 894 306 949; x_wconf 73' lang='lat' dir='ltr'>melzrt</span> <span class='ocrx_word' id='word_1_32' title='bbox 347 894 466 971; x_wconf 87' lang='lat' dir='ltr'>(sic</span> <span class='ocrx_word' id='word_1_33' title='bbox 505 896 570 951; x_wconf 89' lang='lat' dir='ltr'>in</span> <span class='ocrx_word' id='word_1_34' title='bbox 607 896 712 951; x_wconf 87' lang='lat' dir='ltr'>illo</span> <span class='ocrx_word' id='word_1_35' title='bbox 749 895 902 952; x_wconf 87' lang='lat' dir='ltr'>libro</span> <span class='ocrx_word' id='word_1_36' title='bbox 947 914 1006 971; x_wconf 88' lang='lat' dir='ltr'>p.</span> <span class='ocrx_word' id='word_1_37' title='bbox 1047 896 1121 967; x_wconf 85' lang='lat'>37</span> <span class='ocrx_word' id='word_1_38' title='bbox 1163 896 1343 973; x_wconf 88' lang='lat' dir='ltr'>seq.).</span> <span class='ocrx_word' id='word_1_39' title='bbox 1386 897 1600 953; x_wconf 77' lang='lat' dir='ltr'>Similia</span> <span class='ocrx_word' id='word_1_40' title='bbox 1639 897 1704 951; x_wconf 90' lang='lat' dir='ltr'>in</span> 
     </span>
     <span class='ocr_line' id='line_1_7' title="bbox 151 984 1699 1061; baseline 0.001 -23"><span class='ocrx_word' id='word_1_41' title='bbox 151 985 282 1039; x_wconf 85' lang='lat' dir='ltr'>libris</span> <span class='ocrx_word' id='word_1_42' title='bbox 305 984 353 1059; x_wconf 77' lang='grc' dir='ltr'>δ,</span> <span class='ocrx_word' id='word_1_43' title='bbox 381 1004 440 1053; x_wconf 73' lang='lat' dir='ltr'>c,</span> <span class='ocrx_word' id='word_1_44' title='bbox 463 993 584 1041; x_wconf 81' lang='lat' dir='ltr'>etc.</span> <span class='ocrx_word' id='word_1_45' title='bbox 617 1004 634 1039; x_wconf 89' lang='lat'>:</span> <span class='ocrx_word' id='word_1_46' title='bbox 660 1004 722 1044; x_wconf 78' lang='lat' dir='ltr'>v,</span> <span class='ocrx_word' id='word_1_47' title='bbox 745 984 1061 1061; x_wconf 84' lang='lat' dir='ltr'>Schweigh.</span> <span class='ocrx_word' id='word_1_48' title='bbox 1082 984 1158 1042; x_wconf 80' lang='lat' dir='ltr'>ad</span> <span class='ocrx_word' id='word_1_49' title='bbox 1180 986 1386 1044; x_wconf 85' lang='lat' dir='ltr'>Athen.</span> <span class='ocrx_word' id='word_1_50' title='bbox 1418 1003 1480 1060; x_wconf 93' lang='grc' dir='ltr'>Ρ.</span> <span class='ocrx_word' id='word_1_51' title='bbox 1509 984 1611 1055; x_wconf 92' lang='grc'>54,</span> <span class='ocrx_word' id='word_1_52' title='bbox 1630 986 1699 1056; x_wconf 81' lang='grc' dir='ltr'>Ε,</span> 
     </span>
     <span class='ocr_line' id='line_1_8' title="bbox 155 1069 1704 1151; baseline -0.001 -22"><span class='ocrx_word' id='word_1_53' title='bbox 155 1070 418 1131; x_wconf 76' lang='lat' dir='ltr'>Animadv.</span> <span class='ocrx_word' id='word_1_54' title='bbox 445 1074 576 1129; x_wconf 73' lang='lat' dir='ltr'>vol.</span> <span class='ocrx_word' id='word_1_55' title='bbox 613 1092 672 1147; x_wconf 83' lang='lat'>1,</span> <span class='ocrx_word' id='word_1_56' title='bbox 708 1090 772 1147; x_wconf 92' lang='lat' dir='ltr'>p.</span> <span class='ocrx_word' id='word_1_57' title='bbox 799 1070 936 1131; x_wconf 96' lang='grc'><strong>366.</strong></span> <span class='ocrx_word' id='word_1_58' title='bbox 982 1073 1050 1133; x_wconf 90' lang='lat' dir='ltr'><strong>V.</strong></span> <span class='ocrx_word' id='word_1_59' title='bbox 1081 1091 1156 1145; x_wconf 91' lang='grc'>27</span> <span class='ocrx_word' id='word_1_60' title='bbox 1194 1096 1220 1124; x_wconf 73' lang='grc' dir='ltr'>α</span> <span class='ocrx_word' id='word_1_61' title='bbox 1255 1069 1396 1151; x_wconf 80' lang='grc' dir='ltr'><strong>σιρὸς</strong></span> <span class='ocrx_word' id='word_1_62' title='bbox 1429 1082 1514 1129; x_wconf 87' lang='lat' dir='ltr'>est</span> <span class='ocrx_word' id='word_1_63' title='bbox 1538 1072 1704 1129; x_wconf 81' lang='lat' dir='ltr'>fovea</span> 
     </span>
     <span class='ocr_line' id='line_1_9' title="bbox 155 1160 1705 1237; baseline -0.001 -21"><span class='ocrx_word' id='word_1_64' title='bbox 155 1164 362 1217; x_wconf 82' lang='lat' dir='ltr'>inusmn</span> <span class='ocrx_word' id='word_1_65' title='bbox 399 1162 711 1237; x_wconf 71' lang='lat' dir='ltr'>apothecae</span> <span class='ocrx_word' id='word_1_66' title='bbox 737 1171 1041 1230; x_wconf 76' lang='lat' dir='ltr'>excavata,</span> <span class='ocrx_word' id='word_1_67' title='bbox 1071 1160 1336 1235; x_wconf 73' lang='lat' dir='ltr'>frequens</span> <span class='ocrx_word' id='word_1_68' title='bbox 1361 1162 1424 1216; x_wconf 88' lang='lat' dir='ltr'>in</span> <span class='ocrx_word' id='word_1_69' title='bbox 1462 1160 1705 1215; x_wconf 77' lang='lat' dir='ltr'>Thracia</span> 
     </span>
     <span class='ocr_line' id='line_1_10' title="bbox 153 1245 1702 1323; baseline -0.001 -18"><span class='ocrx_word' id='word_1_70' title='bbox 153 1248 424 1305; x_wconf 73' lang='lat' dir='ltr'>secundum</span> <span class='ocrx_word' id='word_1_71' title='bbox 457 1252 788 1305; x_wconf 81' lang='lat' dir='ltr'>Varronem</span> <span class='ocrx_word' id='word_1_72' title='bbox 813 1250 893 1308; x_wconf 78' lang='lat' dir='ltr'>R.</span> <span class='ocrx_word' id='word_1_73' title='bbox 927 1250 1002 1306; x_wconf 86' lang='lat' dir='ltr'>R.</span> <span class='ocrx_word' id='word_1_74' title='bbox 1030 1267 1086 1323; x_wconf 82' lang='lat'>1,</span> <span class='ocrx_word' id='word_1_75' title='bbox 1116 1245 1227 1319; x_wconf 78' lang='lat'>573</span> <span class='ocrx_word' id='word_1_76' title='bbox 1261 1248 1338 1306; x_wconf 79' lang='lat' dir='ltr'>cf.</span> <span class='ocrx_word' id='word_1_77' title='bbox 1382 1248 1564 1303; x_wconf 86' lang='lat' dir='ltr'>schol.</span> <span class='ocrx_word' id='word_1_78' title='bbox 1593 1248 1702 1303; x_wconf 86' lang='lat' dir='ltr'>De·</span> 
     </span>
     <span class='ocr_line' id='line_1_11' title="bbox 153 1332 1700 1413; baseline -0.001 -21"><span class='ocrx_word' id='word_1_79' title='bbox 153 1338 318 1393; x_wconf 80' lang='lat' dir='ltr'>masth.</span> <span class='ocrx_word' id='word_1_80' title='bbox 341 1336 500 1394; x_wconf 85' lang='lat' dir='ltr'><strong>Phil.</strong></span> <span class='ocrx_word' id='word_1_81' title='bbox 545 1345 608 1410; x_wconf 89' lang='grc'>4,</span> <span class='ocrx_word' id='word_1_82' title='bbox 635 1356 696 1413; x_wconf 86' lang='grc' dir='ltr'>Ρ.</span> <span class='ocrx_word' id='word_1_83' title='bbox 739 1334 873 1396; x_wconf 89' lang='grc'><strong>135.</strong></span> <span class='ocrx_word' id='word_1_84' title='bbox 905 1334 1121 1394; x_wconf 62' lang='lat' dir='ltr'>Romi-32</span> <span class='ocrx_word' id='word_1_85' title='bbox 1145 1346 1204 1392; x_wconf 90' lang='lat' dir='ltr'>et</span> <span class='ocrx_word' id='word_1_86' title='bbox 1233 1332 1468 1413; x_wconf 87' lang='grc' dir='ltr'><strong>κέγχρων</strong></span> <span class='ocrx_word' id='word_1_87' title='bbox 1494 1332 1700 1413; x_wconf 85' lang='lat' dir='ltr'><strong>(codd.</strong></span> 
     </span>
     <span class='ocr_line' id='line_1_12' title="bbox 153 1421 1708 1504; baseline -0.003 -22"><span class='ocrx_word' id='word_1_88' title='bbox 153 1425 227 1482; x_wconf 74' lang='grc' dir='ltr'>ΑΡ</span> <span class='ocrx_word' id='word_1_89' title='bbox 253 1422 520 1504; x_wconf 76' lang='grc' dir='ltr'><strong>κέρχνων)</strong></span> <span class='ocrx_word' id='word_1_90' title='bbox 568 1424 917 1499; x_wconf 73' lang='lat' dir='ltr'>transposuit</span> <span class='ocrx_word' id='word_1_91' title='bbox 951 1421 1246 1482; x_wconf 73' lang='lat' dir='ltr'>Dobra&#39;eus.</span> <span class='ocrx_word' id='word_1_92' title='bbox 1297 1424 1480 1479; x_wconf 86' lang='lat' dir='ltr'>Possis</span> <span class='ocrx_word' id='word_1_93' title='bbox 1535 1423 1708 1478; x_wconf 85' lang='lat' dir='ltr'>etiam</span> 
     </span>
     <span class='ocr_line' id='line_1_13' title="bbox 153 1509 1704 1591; baseline -0.001 -24"><span class='ocrx_word' id='word_1_94' title='bbox 153 1510 314 1589; x_wconf 54' lang='lat' dir='ltr'>pix-pov</span> <span class='ocrx_word' id='word_1_95' title='bbox 347 1523 407 1569; x_wconf 87' lang='lat' dir='ltr'>et</span> <span class='ocrx_word' id='word_1_96' title='bbox 443 1509 604 1591; x_wconf 81' lang='grc' dir='ltr'><strong>σιρὸν</strong></span> <span class='ocrx_word' id='word_1_97' title='bbox 643 1523 1033 1587; x_wconf 75' lang='lat' dir='ltr'><strong>transponere.</strong></span> <span class='ocrx_word' id='word_1_98' title='bbox 1069 1511 1422 1570; x_wconf 80' lang='lat' dir='ltr'><strong>Alterutrum</strong></span> <span class='ocrx_word' id='word_1_99' title='bbox 1454 1527 1704 1567; x_wconf 84' lang='lat' dir='ltr'>necessa·</span> 
     </span>
     <span class='ocr_line' id='line_1_14' title="bbox 155 1597 1704 1673; baseline 0 -20"><span class='ocrx_word' id='word_1_100' title='bbox 155 1602 328 1658; x_wconf 77' lang='lat' dir='ltr'>rimu.-</span> <span class='ocrx_word' id='word_1_101' title='bbox 359 1602 410 1656; x_wconf 81' lang='lat' dir='ltr'>F.</span> <span class='ocrx_word' id='word_1_102' title='bbox 443 1602 545 1659; x_wconf 75' lang='lat' dir='ltr'>M.</span> <span class='ocrx_word' id='word_1_103' title='bbox 579 1604 652 1659; x_wconf 95' lang='lat' dir='ltr'><strong>V.</strong></span> <span class='ocrx_word' id='word_1_104' title='bbox 685 1600 762 1656; x_wconf 93' lang='grc'>28</span> <span class='ocrx_word' id='word_1_105' title='bbox 787 1600 922 1656; x_wconf 86' lang='lat' dir='ltr'>libri</span> <span class='ocrx_word' id='word_1_106' title='bbox 949 1598 1277 1657; x_wconf 82' lang='grc' dir='ltr'><strong>πολυπόδων.</strong></span> <span class='ocrx_word' id='word_1_107' title='bbox 1311 1602 1378 1657; x_wconf 89' lang='lat' dir='ltr'>V.</span> <span class='ocrx_word' id='word_1_108' title='bbox 1417 1597 1490 1654; x_wconf 85' lang='lat'>33</span> <span class='ocrx_word' id='word_1_109' title='bbox 1529 1600 1704 1673; x_wconf 82' lang='lat' dir='ltr'>vulgo</span> 
     </span>
     <span class='ocr_line' id='line_1_15' title="bbox 153 1684 1702 1763; baseline 0.001 -21"><span class='ocrx_word' id='word_1_110' title='bbox 153 1690 324 1763; x_wconf 83' lang='lat' dir='ltr'>legitur</span> <span class='ocrx_word' id='word_1_111' title='bbox 356 1686 638 1759; x_wconf 74' lang='grc' dir='ltr'><strong>ἐκλείπει,</strong></span> <span class='ocrx_word' id='word_1_112' title='bbox 685 1688 790 1746; x_wconf 85' lang='lat' dir='ltr'>sed</span> <span class='ocrx_word' id='word_1_113' title='bbox 828 1706 885 1747; x_wconf 70' lang='lat' dir='ltr'>V.</span> <span class='ocrx_word' id='word_1_114' title='bbox 931 1705 1058 1745; x_wconf 79' lang='lat' dir='ltr'>ann.</span> <span class='ocrx_word' id='word_1_115' title='bbox 1103 1688 1180 1744; x_wconf 83' lang='lat' dir='ltr'>ad</span> <span class='ocrx_word' id='word_1_116' title='bbox 1216 1692 1320 1745; x_wconf 87' lang='lat' dir='ltr'>Ar.</span> <span class='ocrx_word' id='word_1_117' title='bbox 1371 1684 1528 1743; x_wconf 88' lang='lat' dir='ltr'>Pluti</span> <span class='ocrx_word' id='word_1_118' title='bbox 1563 1684 1702 1744; x_wconf 83' lang='lat'><strong>855.</strong></span> 
     </span>
    </p>
   </div>
   <div class='ocr_carea' id='block_1_3' title="bbox 155 1772 1707 1857">
    <p class='ocr_par' dir='ltr' id='par_1_3' title="bbox 155 1772 1707 1857">
     <span class='ocr_line' id='line_1_16' title="bbox 155 1772 1707 1857; baseline -0.001 -26"><span class='ocrx_word' id='word_1_119' title='bbox 155 1780 208 1835; x_wconf 69' lang='lat' dir='ltr'><strong>V.</strong></span> <span class='ocrx_word' id='word_1_120' title='bbox 245 1778 308 1835; x_wconf 87' lang='grc'>35</span> <span class='ocrx_word' id='word_1_121' title='bbox 349 1779 496 1835; x_wconf 84' lang='lat' dir='ltr'>libri</span> <span class='ocrx_word' id='word_1_122' title='bbox 541 1778 665 1835; x_wconf 86' lang='lat' dir='ltr'>fere</span> <span class='ocrx_word' id='word_1_123' title='bbox 729 1774 964 1857; x_wconf 76' lang='grc' dir='ltr'><strong>σμύρνης</strong></span> <span class='ocrx_word' id='word_1_124' title='bbox 1009 1772 1102 1834; x_wconf 80' lang='grc' dir='ltr'>καὶ</span> <span class='ocrx_word' id='word_1_125' title='bbox 1148 1773 1351 1855; x_wconf 87' lang='grc' dir='ltr'><strong>συρίας.</strong></span> <span class='ocrx_word' id='word_1_126' title='bbox 1407 1775 1606 1835; x_wconf 83' lang='lat' dir='ltr'>Codex</span> <span class='ocrx_word' id='word_1_127' title='bbox 1650 1783 1707 1830; x_wconf 90' lang='lat' dir='ltr'>et</span> 
     </span>
    </p>
   </div>
   <div class='ocr_carea' id='block_1_4' title="bbox 155 1860 1730 1943">
    <p class='ocr_par' dir='ltr' id='par_1_4' title="bbox 155 1860 1730 1943">
     <span class='ocr_line' id='line_1_17' title="bbox 155 1860 1730 1943; baseline -0.002 -22"><span class='ocrx_word' id='word_1_128' title='bbox 155 1870 265 1940; x_wconf 77' lang='lat' dir='ltr'>epit.</span> <span class='ocrx_word' id='word_1_129' title='bbox 305 1867 555 1925; x_wconf 58' lang='lat' dir='ltr'>nosch.</span> <span class='ocrx_word' id='word_1_130' title='bbox 605 1862 842 1943; x_wconf 78' lang='grc' dir='ltr'><strong>σμύρνης</strong></span> <span class='ocrx_word' id='word_1_131' title='bbox 883 1862 1108 1943; x_wconf 78' lang='grc' dir='ltr'><strong>Συρίας,</strong></span> <span class='ocrx_word' id='word_1_132' title='bbox 1152 1864 1317 1921; x_wconf 85' lang='lat' dir='ltr'>facile</span> <span class='ocrx_word' id='word_1_133' title='bbox 1360 1864 1620 1939; x_wconf 83' lang='lat' dir='ltr'>neglecta</span> <span class='ocrx_word' id='word_1_134' title='bbox 1673 1860 1730 1932; x_wconf 77' lang='grc' dir='ltr'>ἢ·</span> 
     </span>
    </p>
   </div>
   <div class='ocr_carea' id='block_1_5' title="bbox 97 1945 1715 3799">
    <p class='ocr_par' dir='ltr' id='par_1_5' title="bbox 97 1945 1715 3799">
     <span class='ocr_line' id='line_1_18' title="bbox 153 1945 1712 2027; baseline -0.004 -17"><span class='ocrx_word' id='word_1_135' title='bbox 153 1956 418 2027; x_wconf 82' lang='lat' dir='ltr'>particula.</span> <span class='ocrx_word' id='word_1_136' title='bbox 461 1979 489 2005; x_wconf 77' lang='grc' dir='ltr'>ι</span> <span class='ocrx_word' id='word_1_137' title='bbox 533 1955 798 2011; x_wconf 81' lang='lat' dir='ltr'>Fortasse</span> <span class='ocrx_word' id='word_1_138' title='bbox 842 1962 1072 2027; x_wconf 63' lang='lat' dir='ltr'>prestat</span> <span class='ocrx_word' id='word_1_139' title='bbox 1109 1948 1274 2027; x_wconf 83' lang='grc' dir='ltr'><strong>ὀσμαί</strong></span> <span class='ocrx_word' id='word_1_140' title='bbox 1306 1971 1320 2007; x_wconf 89' lang='lat'><strong>:</strong></span> <span class='ocrx_word' id='word_1_141' title='bbox 1349 1952 1450 2007; x_wconf 90' lang='lat' dir='ltr'>sed</span> <span class='ocrx_word' id='word_1_142' title='bbox 1483 1945 1621 2025; x_wconf 82' lang='grc' dir='ltr'><strong>ὀδμὴ</strong></span> <span class='ocrx_word' id='word_1_143' title='bbox 1649 1950 1712 2004; x_wconf 90' lang='lat' dir='ltr'>in</span> 
     </span>
     <span class='ocr_line' id='line_1_19' title="bbox 154 2038 1703 2116; baseline -0.001 -18"><span class='ocrx_word' id='word_1_144' title='bbox 154 2045 408 2116; x_wconf 64' lang='lat' dir='ltr'>anapestis</span> <span class='ocrx_word' id='word_1_145' title='bbox 457 2043 643 2098; x_wconf 87' lang='lat' dir='ltr'>etiam</span> <span class='ocrx_word' id='word_1_146' title='bbox 664 2040 1081 2097; x_wconf 80' lang='lat' dir='ltr'>Mnesimachus</span> <span class='ocrx_word' id='word_1_147' title='bbox 1120 2041 1389 2115; x_wconf 85' lang='lat' dir='ltr'>Hippotr.</span> <span class='ocrx_word' id='word_1_148' title='bbox 1423 2038 1517 2095; x_wconf 88' lang='lat'>60.</span> <span class='ocrx_word' id='word_1_149' title='bbox 1545 2060 1571 2089; x_wconf 77' lang='grc' dir='ltr'><strong>ιι</strong></span> <span class='ocrx_word' id='word_1_150' title='bbox 1609 2038 1703 2097; x_wconf 90' lang='lat' dir='ltr'>M.</span> 
     </span>
     <span class='ocr_line' id='line_1_20' title="bbox 153 2123 1708 2202; baseline -0.001 -19"><span class='ocrx_word' id='word_1_151' title='bbox 153 2132 208 2188; x_wconf 69' lang='lat' dir='ltr'>V.</span> <span class='ocrx_word' id='word_1_152' title='bbox 235 2129 300 2184; x_wconf 85' lang='lat'>38</span> <span class='ocrx_word' id='word_1_153' title='bbox 325 2130 548 2185; x_wconf 76' lang='lat' dir='ltr'>insulse</span> <span class='ocrx_word' id='word_1_154' title='bbox 569 2128 708 2183; x_wconf 85' lang='lat' dir='ltr'>libri</span> <span class='ocrx_word' id='word_1_155' title='bbox 734 2123 1112 2199; x_wconf 80' lang='grc' dir='ltr'><strong>πολυποδείων,</strong></span> <span class='ocrx_word' id='word_1_156' title='bbox 1135 2126 1450 2202; x_wconf 80' lang='lat' dir='ltr'>Schweigh.</span> <span class='ocrx_word' id='word_1_157' title='bbox 1473 2127 1708 2182; x_wconf 88' lang='lat' dir='ltr'>laterem</span> 
     </span>
     <span class='ocr_line' id='line_1_21' title="bbox 155 2208 1707 2292; baseline -0.003 -21"><span class='ocrx_word' id='word_1_158' title='bbox 155 2218 315 2272; x_wconf 77' lang='lat' dir='ltr'>lavans</span> <span class='ocrx_word' id='word_1_159' title='bbox 353 2212 781 2273; x_wconf 74' lang='grc' dir='ltr'><strong>πουλυποδείων.</strong></span> <span class='ocrx_word' id='word_1_160' title='bbox 815 2219 884 2273; x_wconf 95' lang='lat' dir='ltr'><strong>V.</strong></span> <span class='ocrx_word' id='word_1_161' title='bbox 938 2214 1011 2282; x_wconf 90' lang='grc'>45</span> <span class='ocrx_word' id='word_1_162' title='bbox 1059 2214 1234 2271; x_wconf 88' lang='lat' dir='ltr'>iidem</span> <span class='ocrx_word' id='word_1_163' title='bbox 1267 2210 1490 2292; x_wconf 77' lang='grc' dir='ltr'><strong>κάραὸοι</strong></span> <span class='ocrx_word' id='word_1_164' title='bbox 1528 2208 1707 2284; x_wconf 81' lang='grc' dir='ltr'><strong>ὀπτοὶ,</strong></span> 
     </span>
     <span class='ocr_line' id='line_1_22' title="bbox 153 2300 1708 2377; baseline -0.003 -18"><span class='ocrx_word' id='word_1_165' title='bbox 153 2304 284 2360; x_wconf 74' lang='lat' dir='ltr'>hiatu</span> <span class='ocrx_word' id='word_1_166' title='bbox 317 2304 704 2361; x_wconf 81' lang='lat' dir='ltr'>intolerabili.</span> <span class='ocrx_word' id='word_1_167' title='bbox 743 2304 811 2361; x_wconf 88' lang='lat' dir='ltr'><strong>V.</strong></span> <span class='ocrx_word' id='word_1_168' title='bbox 859 2302 935 2359; x_wconf 92' lang='grc'>52</span> <span class='ocrx_word' id='word_1_169' title='bbox 973 2303 1109 2359; x_wconf 86' lang='lat' dir='ltr'>libri</span> <span class='ocrx_word' id='word_1_170' title='bbox 1149 2304 1326 2377; x_wconf 76' lang='grc' dir='ltr'><strong>σῦκα,</strong></span> <span class='ocrx_word' id='word_1_171' title='bbox 1357 2300 1708 2371; x_wconf 75' lang='grc' dir='ltr'><strong>πλακοῦντες,</strong></span> 
     </span>
     <span class='ocr_line' id='line_1_23' title="bbox 153 2389 1714 2469; baseline -0.002 -21"><span class='ocrx_word' id='word_1_172' title='bbox 153 2393 230 2448; x_wconf 75' lang='lat' dir='ltr'>sed</span> <span class='ocrx_word' id='word_1_173' title='bbox 250 2394 530 2469; x_wconf 62' lang='lat' dir='ltr'>placenta</span> <span class='ocrx_word' id='word_1_174' title='bbox 542 2393 856 2469; x_wconf 77' lang='lat' dir='ltr'>generatim</span> <span class='ocrx_word' id='word_1_175' title='bbox 876 2392 1081 2465; x_wconf 81' lang='lat' dir='ltr'>jamin</span> <span class='ocrx_word' id='word_1_176' title='bbox 1108 2389 1575 2447; x_wconf 81' lang='lat' dir='ltr'>antecedentibus</span> <span class='ocrx_word' id='word_1_177' title='bbox 1594 2406 1714 2445; x_wconf 90' lang='lat' dir='ltr'>me·</span> 
     </span>
     <span class='ocr_line' id='line_1_24' title="bbox 153 2474 1715 2557; baseline -0.001 -22"><span class='ocrx_word' id='word_1_178' title='bbox 153 2492 354 2537; x_wconf 83' lang='lat' dir='ltr'>moratae</span> <span class='ocrx_word' id='word_1_179' title='bbox 373 2492 550 2553; x_wconf 81' lang='lat' dir='ltr'>sunt3</span> <span class='ocrx_word' id='word_1_180' title='bbox 572 2500 728 2538; x_wconf 89' lang='grc'><strong>1111110</strong></span> <span class='ocrx_word' id='word_1_181' title='bbox 744 2480 1038 2557; x_wconf 85' lang='lat' dir='ltr'>peculiare</span> <span class='ocrx_word' id='word_1_182' title='bbox 1055 2474 1520 2557; x_wconf 61' lang='lat' dir='ltr'>praestantiusque</span> <span class='ocrx_word' id='word_1_183' title='bbox 1537 2496 1715 2553; x_wconf 87' lang='lat' dir='ltr'>genus</span> 
     </span>
     <span class='ocr_line' id='line_1_25' title="bbox 155 2564 1706 2645; baseline -0.001 -20"><span class='ocrx_word' id='word_1_184' title='bbox 155 2588 322 2625; x_wconf 78' lang='lat' dir='ltr'>eorum</span> <span class='ocrx_word' id='word_1_185' title='bbox 338 2570 558 2627; x_wconf 83' lang='lat' dir='ltr'>dixisse</span> <span class='ocrx_word' id='word_1_186' title='bbox 569 2570 801 2626; x_wconf 76' lang='lat' dir='ltr'>videtur</span> <span class='ocrx_word' id='word_1_187' title='bbox 818 2568 931 2631; x_wconf 86' lang='lat' dir='ltr'>An.</span> <span class='ocrx_word' id='word_1_188' title='bbox 953 2572 1018 2626; x_wconf 88' lang='lat' dir='ltr'>V.</span> <span class='ocrx_word' id='word_1_189' title='bbox 1040 2568 1114 2626; x_wconf 87' lang='lat'>55</span> <span class='ocrx_word' id='word_1_190' title='bbox 1135 2565 1340 2645; x_wconf 75' lang='grc' dir='ltr'><strong>γήτειον</strong></span> <span class='ocrx_word' id='word_1_191' title='bbox 1357 2578 1514 2623; x_wconf 90' lang='lat' dir='ltr'>recte</span> <span class='ocrx_word' id='word_1_192' title='bbox 1531 2564 1706 2623; x_wconf 89' lang='lat' dir='ltr'>Dind.</span> 
     </span>
     <span class='ocr_line' id='line_1_26' title="bbox 153 2652 1712 2735; baseline -0.002 -23"><span class='ocrx_word' id='word_1_193' title='bbox 153 2660 294 2713; x_wconf 76' lang='lat' dir='ltr'>metri</span> <span class='ocrx_word' id='word_1_194' title='bbox 333 2660 532 2735; x_wconf 86' lang='lat' dir='ltr'>gratia</span> <span class='ocrx_word' id='word_1_195' title='bbox 557 2676 670 2733; x_wconf 86' lang='lat' dir='ltr'>pro</span> <span class='ocrx_word' id='word_1_196' title='bbox 695 2654 906 2735; x_wconf 78' lang='grc' dir='ltr'><strong>γήτεια.</strong></span> <span class='ocrx_word' id='word_1_197' title='bbox 941 2660 1010 2715; x_wconf 92' lang='lat' dir='ltr'><strong>V.</strong></span> <span class='ocrx_word' id='word_1_198' title='bbox 1049 2656 1126 2714; x_wconf 84' lang='lat'>58</span> <span class='ocrx_word' id='word_1_199' title='bbox 1163 2652 1318 2730; x_wconf 81' lang='grc' dir='ltr'><strong>ὀποί,</strong></span> <span class='ocrx_word' id='word_1_200' title='bbox 1349 2674 1408 2711; x_wconf 81' lang='lat' dir='ltr'>v.</span> <span class='ocrx_word' id='word_1_201' title='bbox 1448 2673 1582 2710; x_wconf 83' lang='lat' dir='ltr'>ann.</span> <span class='ocrx_word' id='word_1_202' title='bbox 1637 2654 1712 2710; x_wconf 85' lang='lat' dir='ltr'>ad</span> 
     </span>
     <span class='ocr_line' id='line_1_27' title="bbox 158 2732 1714 2824; baseline -0.001 -22"><span class='ocrx_word' id='word_1_203' title='bbox 158 2746 424 2823; x_wconf 82' lang='lat' dir='ltr'>Aristoph.</span> <span class='ocrx_word' id='word_1_204' title='bbox 457 2748 605 2803; x_wconf 80' lang='lat' dir='ltr'>Plut.</span> <span class='ocrx_word' id='word_1_205' title='bbox 637 2752 775 2817; x_wconf 80' lang='grc'><strong>714,</strong></span> <span class='ocrx_word' id='word_1_206' title='bbox 805 2758 866 2803; x_wconf 88' lang='lat' dir='ltr'>et</span> <span class='ocrx_word' id='word_1_207' title='bbox 897 2764 932 2801; x_wconf 82' lang='lat' dir='ltr'>a</span> <span class='ocrx_word' id='word_1_208' title='bbox 959 2746 1132 2804; x_wconf 77' lang='lat' dir='ltr'>Mein.</span> <span class='ocrx_word' id='word_1_209' title='bbox 1161 2742 1300 2824; x_wconf 83' lang='lat' dir='ltr'>(qui</span> <span class='ocrx_word' id='word_1_210' title='bbox 1327 2741 1448 2800; x_wconf 82' lang='grc' dir='ltr'><strong>ὀποί</strong></span> <span class='ocrx_word' id='word_1_211' title='bbox 1463 2732 1714 2801; x_wconf 76' lang='lat' dir='ltr'>‘restituit</span> 
     </span>
     <span class='ocr_line' id='line_1_28' title="bbox 157 2831 1710 2911; baseline 0.001 -22"><span class='ocrx_word' id='word_1_212' title='bbox 157 2852 242 2907; x_wconf 84' lang='lat' dir='ltr'>pro</span> <span class='ocrx_word' id='word_1_213' title='bbox 267 2832 451 2911; x_wconf 78' lang='grc' dir='ltr'><strong>ὀπτοί)</strong></span> <span class='ocrx_word' id='word_1_214' title='bbox 481 2834 746 2891; x_wconf 82' lang='lat' dir='ltr'>laudatos</span> <span class='ocrx_word' id='word_1_215' title='bbox 779 2836 1014 2894; x_wconf 85' lang='lat' dir='ltr'>Salmas.</span> <span class='ocrx_word' id='word_1_216' title='bbox 1049 2835 1248 2891; x_wconf 82' lang='lat' dir='ltr'>Exere.</span> <span class='ocrx_word' id='word_1_217' title='bbox 1273 2831 1422 2890; x_wconf 84' lang='lat' dir='ltr'>Plin.</span> <span class='ocrx_word' id='word_1_218' title='bbox 1463 2852 1524 2909; x_wconf 90' lang='lat' dir='ltr'>p.</span> <span class='ocrx_word' id='word_1_219' title='bbox 1561 2832 1710 2905; x_wconf 89' lang='grc'><strong>256,</strong></span> 
     </span>
     <span class='ocr_line' id='line_1_29' title="bbox 97 2917 1714 3007; baseline 0.001 -29"><span class='ocrx_word' id='word_1_220' title='bbox 97 3004 99 3007; x_wconf 10' lang='lat' dir='ltr'>y</span> <span class='ocrx_word' id='word_1_221' title='bbox 163 2935 205 2978; x_wconf 84' lang='lat' dir='ltr'>et</span> <span class='ocrx_word' id='word_1_222' title='bbox 229 2924 464 2984; x_wconf 64' lang='lat' dir='ltr'>camah.</span> <span class='ocrx_word' id='word_1_223' title='bbox 513 2924 594 2982; x_wconf 86' lang='lat' dir='ltr'>ad</span> <span class='ocrx_word' id='word_1_224' title='bbox 628 2924 766 2983; x_wconf 88' lang='lat' dir='ltr'>Ath.</span> <span class='ocrx_word' id='word_1_225' title='bbox 794 2923 854 2994; x_wconf 88' lang='grc'>3,</span> <span class='ocrx_word' id='word_1_226' title='bbox 891 2942 954 2999; x_wconf 89' lang='lat' dir='ltr'>p.</span> <span class='ocrx_word' id='word_1_227' title='bbox 1001 2924 1234 2990; x_wconf 86' lang='lat' dir='ltr'>1oo,F.</span> <span class='ocrx_word' id='word_1_228' title='bbox 1251 2924 1319 2980; x_wconf 91' lang='lat' dir='ltr'><strong>V.</strong></span> <span class='ocrx_word' id='word_1_229' title='bbox 1373 2918 1449 2998; x_wconf 85' lang='lat'>59</span> <span class='ocrx_word' id='word_1_230' title='bbox 1493 2917 1714 3002; x_wconf 82' lang='grc' dir='ltr'><strong>κήρυκες</strong></span> 
     </span>
     <span class='ocr_line' id='line_1_30' title="bbox 163 3009 1713 3090; baseline 0 -24"><span class='ocrx_word' id='word_1_231' title='bbox 163 3009 256 3078; x_wconf 64' lang='grc' dir='ltr'><strong>ἁλὸς</strong></span> <span class='ocrx_word' id='word_1_232' title='bbox 272 3056 288 3085; x_wconf 92' lang='grc'>,</span> <span class='ocrx_word' id='word_1_233' title='bbox 313 3032 616 3090; x_wconf 79' lang='lat' dir='ltr'>proecones</span> <span class='ocrx_word' id='word_1_234' title='bbox 654 3019 858 3082; x_wconf 79' lang='lat' dir='ltr'>maris,</span> <span class='ocrx_word' id='word_1_235' title='bbox 889 3013 1102 3089; x_wconf 79' lang='lat' dir='ltr'>pisces,</span> <span class='ocrx_word' id='word_1_236' title='bbox 1135 3031 1258 3068; x_wconf 89' lang='lat' dir='ltr'>non</span> <span class='ocrx_word' id='word_1_237' title='bbox 1275 3013 1539 3068; x_wconf 87' lang='lat' dir='ltr'>homines</span> <span class='ocrx_word' id='word_1_238' title='bbox 1563 3013 1713 3068; x_wconf 87' lang='lat' dir='ltr'>scili-</span> 
     </span>
     <span class='ocr_line' id='line_1_31' title="bbox 163 3097 1712 3180; baseline 0.001 -25"><span class='ocrx_word' id='word_1_239' title='bbox 163 3113 232 3156; x_wconf 80' lang='lat' dir='ltr'>cet</span> <span class='ocrx_word' id='word_1_240' title='bbox 266 3106 340 3160; x_wconf 80' lang='lat' dir='ltr'>ita</span> <span class='ocrx_word' id='word_1_241' title='bbox 386 3103 554 3162; x_wconf 84' lang='lat' dir='ltr'>dicti.</span> <span class='ocrx_word' id='word_1_242' title='bbox 595 3103 802 3178; x_wconf 84' lang='lat' dir='ltr'>Inepte</span> <span class='ocrx_word' id='word_1_243' title='bbox 843 3101 1016 3162; x_wconf 89' lang='lat' dir='ltr'>codd.</span> <span class='ocrx_word' id='word_1_244' title='bbox 1049 3099 1302 3180; x_wconf 72' lang='grc' dir='ltr'><strong>κήρυκες,</strong></span> <span class='ocrx_word' id='word_1_245' title='bbox 1335 3097 1474 3166; x_wconf 77' lang='grc' dir='ltr'><strong>ἅλες.</strong></span> <span class='ocrx_word' id='word_1_246' title='bbox 1516 3101 1582 3157; x_wconf 90' lang='lat' dir='ltr'><strong>V.</strong></span> <span class='ocrx_word' id='word_1_247' title='bbox 1635 3099 1712 3156; x_wconf 89' lang='lat'>60</span> 
     </span>
     <span class='ocr_line' id='line_1_32' title="bbox 161 3184 1712 3268; baseline -0.001 -25"><span class='ocrx_word' id='word_1_248' title='bbox 161 3184 342 3266; x_wconf 69' lang='grc' dir='ltr'><strong>ὄστρεια</strong></span> <span class='ocrx_word' id='word_1_249' title='bbox 365 3191 692 3266; x_wconf 77' lang='lat' dir='ltr'>Schweigh.</span> <span class='ocrx_word' id='word_1_250' title='bbox 713 3209 822 3266; x_wconf 91' lang='lat' dir='ltr'>pro</span> <span class='ocrx_word' id='word_1_251' title='bbox 853 3187 1044 3268; x_wconf 72' lang='grc' dir='ltr'><strong>ὄστρεα</strong></span> <span class='ocrx_word' id='word_1_252' title='bbox 1067 3191 1414 3246; x_wconf 86' lang='lat' dir='ltr'>inconcinno</span> <span class='ocrx_word' id='word_1_253' title='bbox 1438 3229 1455 3260; x_wconf 88' lang='lat'><strong>,</strong></span> <span class='ocrx_word' id='word_1_254' title='bbox 1485 3206 1590 3244; x_wconf 88' lang='grc'><strong>1100</strong></span> <span class='ocrx_word' id='word_1_255' title='bbox 1605 3190 1712 3243; x_wconf 89' lang='lat' dir='ltr'>mi·</span> 
     </span>
     <span class='ocr_line' id='line_1_33' title="bbox 161 3271 1712 3360; baseline -0.002 -26"><span class='ocrx_word' id='word_1_256' title='bbox 161 3296 246 3334; x_wconf 80' lang='lat' dir='ltr'>nus</span> <span class='ocrx_word' id='word_1_257' title='bbox 277 3280 426 3336; x_wconf 88' lang='lat' dir='ltr'>bene</span> <span class='ocrx_word' id='word_1_258' title='bbox 457 3299 520 3338; x_wconf 80' lang='lat' dir='ltr'>v.</span> <span class='ocrx_word' id='word_1_259' title='bbox 569 3279 646 3336; x_wconf 91' lang='grc'><strong>62</strong></span> <span class='ocrx_word' id='word_1_260' title='bbox 686 3279 882 3360; x_wconf 75' lang='grc' dir='ltr'><strong>ἄφατον</strong></span> <span class='ocrx_word' id='word_1_261' title='bbox 917 3297 1032 3355; x_wconf 87' lang='lat' dir='ltr'>pro</span> <span class='ocrx_word' id='word_1_262' title='bbox 1073 3275 1309 3357; x_wconf 75' lang='grc' dir='ltr'><strong>ἀφάτων.</strong></span> <span class='ocrx_word' id='word_1_263' title='bbox 1351 3276 1424 3338; x_wconf 83' lang='lat' dir='ltr'><strong>V.</strong></span> <span class='ocrx_word' id='word_1_264' title='bbox 1457 3274 1531 3331; x_wconf 88' lang='grc'><strong>65</strong></span> <span class='ocrx_word' id='word_1_265' title='bbox 1569 3271 1712 3332; x_wconf 88' lang='grc' dir='ltr'><strong>τουδί</strong></span> 
     </span>
     <span class='ocr_line' id='line_1_34' title="bbox 97 3363 1710 3443; baseline -0.001 -23"><span class='ocrx_word' id='word_1_266' title='bbox 97 3386 99 3389; x_wconf 62' lang='grc'>’</span> <span class='ocrx_word' id='word_1_267' title='bbox 161 3367 382 3426; x_wconf 73' lang='lat' dir='ltr'>Meinek.</span> <span class='ocrx_word' id='word_1_268' title='bbox 413 3387 528 3443; x_wconf 90' lang='lat' dir='ltr'>pro</span> <span class='ocrx_word' id='word_1_269' title='bbox 561 3363 784 3424; x_wconf 87' lang='grc' dir='ltr'><strong>τουτουί.</strong></span> <span class='ocrx_word' id='word_1_270' title='bbox 826 3391 852 3419; x_wconf 75' lang='grc' dir='ltr'>α</span> <span class='ocrx_word' id='word_1_271' title='bbox 880 3369 992 3424; x_wconf 84' lang='lat' dir='ltr'>Hic</span> <span class='ocrx_word' id='word_1_272' title='bbox 1030 3367 1212 3443; x_wconf 83' lang='lat' dir='ltr'>digito</span> <span class='ocrx_word' id='word_1_273' title='bbox 1246 3365 1600 3422; x_wconf 80' lang='lat' dir='ltr'>monstrabat</span> <span class='ocrx_word' id='word_1_274' title='bbox 1624 3364 1710 3418; x_wconf 91' lang='lat' dir='ltr'>hi·</span> 
     </span>
     <span class='ocr_line' id='line_1_35' title="bbox 161 3453 1712 3534; baseline -0.001 -24"><span class='ocrx_word' id='word_1_275' title='bbox 161 3459 278 3513; x_wconf 81' lang='lat' dir='ltr'>strio</span> <span class='ocrx_word' id='word_1_276' title='bbox 308 3458 590 3516; x_wconf 83' lang='lat' dir='ltr'>cinaedum</span> <span class='ocrx_word' id='word_1_277' title='bbox 623 3457 874 3533; x_wconf 84' lang='lat' dir='ltr'>aliquem</span> <span class='ocrx_word' id='word_1_278' title='bbox 894 3459 1046 3515; x_wconf 86' lang='lat' dir='ltr'>inter</span> <span class='ocrx_word' id='word_1_279' title='bbox 1074 3467 1420 3534; x_wconf 82' lang='lat' dir='ltr'>spectatores</span> <span class='ocrx_word' id='word_1_280' title='bbox 1443 3453 1712 3512; x_wconf 86' lang='lat' dir='ltr'>deriden-</span> 
     </span>
     <span class='ocr_line' id='line_1_36' title="bbox 163 3533 1714 3622; baseline -0.002 -17"><span class='ocrx_word' id='word_1_281' title='bbox 163 3543 298 3605; x_wconf 68' lang='lat' dir='ltr'>dum.</span> <span class='ocrx_word' id='word_1_282' title='bbox 327 3573 348 3598; x_wconf 74' lang='grc' dir='ltr'>ι</span> <span class='ocrx_word' id='word_1_283' title='bbox 371 3549 422 3602; x_wconf 84' lang='grc' dir='ltr'><em>Ε</em></span> <span class='ocrx_word' id='word_1_284' title='bbox 448 3547 584 3604; x_wconf 81' lang='lat' dir='ltr'>Cas.</span> <span class='ocrx_word' id='word_1_285' title='bbox 615 3561 674 3604; x_wconf 77' lang='lat' dir='ltr'>et</span> <span class='ocrx_word' id='word_1_286' title='bbox 699 3549 790 3604; x_wconf 83' lang='lat' dir='ltr'>M.</span> <span class='ocrx_word' id='word_1_287' title='bbox 817 3551 886 3606; x_wconf 90' lang='lat' dir='ltr'><strong>V.</strong></span> <span class='ocrx_word' id='word_1_288' title='bbox 927 3548 1005 3622; x_wconf 88' lang='grc'>69</span> <span class='ocrx_word' id='word_1_289' title='bbox 1040 3548 1210 3606; x_wconf 87' lang='lat' dir='ltr'>codd.</span> <span class='ocrx_word' id='word_1_290' title='bbox 1250 3547 1391 3604; x_wconf 82' lang='lat' dir='ltr'>ACP</span> <span class='ocrx_word' id='word_1_291' title='bbox 1423 3533 1586 3622; x_wconf 69' lang='grc' dir='ltr'><strong>οἶνοι,</strong></span> <span class='ocrx_word' id='word_1_292' title='bbox 1617 3546 1714 3602; x_wconf 85' lang='lat' dir='ltr'>VL</span> 
     </span>
     <span class='ocr_line' id='line_1_37' title="bbox 159 3621 1712 3708; baseline -0.002 -16"><span class='ocrx_word' id='word_1_293' title='bbox 159 3621 296 3699; x_wconf 69' lang='grc' dir='ltr'><strong>οἶνος.</strong></span> <span class='ocrx_word' id='word_1_294' title='bbox 321 3635 548 3694; x_wconf 85' lang='lat' dir='ltr'>Jacobs.</span> <span class='ocrx_word' id='word_1_295' title='bbox 577 3623 709 3700; x_wconf 72' lang='grc' dir='ltr'><strong>οἶνος</strong></span> <span class='ocrx_word' id='word_1_296' title='bbox 730 3635 776 3692; x_wconf 87' lang='grc' dir='ltr'>δ’</span> <span class='ocrx_word' id='word_1_297' title='bbox 800 3631 948 3692; x_wconf 79' lang='grc' dir='ltr'><strong>ἔσται</strong></span> <span class='ocrx_word' id='word_1_298' title='bbox 981 3631 1183 3699; x_wconf 80' lang='grc' dir='ltr'><strong>λευκός.</strong></span> <span class='ocrx_word' id='word_1_299' title='bbox 1207 3634 1415 3708; x_wconf 81' lang='lat' dir='ltr'>Accepi</span> <span class='ocrx_word' id='word_1_300' title='bbox 1431 3629 1613 3704; x_wconf 67' lang='grc' dir='ltr'><strong>ἕσται,</strong></span> <span class='ocrx_word' id='word_1_301' title='bbox 1633 3651 1712 3689; x_wconf 86' lang='lat' dir='ltr'>re·</span> 
     </span>
     <span class='ocr_line' id='line_1_38' title="bbox 162 3720 1712 3799; baseline 0.003 -22"><span class='ocrx_word' id='word_1_302' title='bbox 162 3721 383 3794; x_wconf 85' lang='lat' dir='ltr'>pudiato</span> <span class='ocrx_word' id='word_1_303' title='bbox 402 3721 587 3789; x_wconf 73' lang='grc' dir='ltr'><strong>λευκὸς</strong></span> <span class='ocrx_word' id='word_1_304' title='bbox 602 3766 621 3794; x_wconf 94' lang='grc'>,</span> <span class='ocrx_word' id='word_1_305' title='bbox 649 3735 920 3798; x_wconf 80' lang='lat' dir='ltr'>tanquam</span> <span class='ocrx_word' id='word_1_306' title='bbox 939 3725 1274 3799; x_wconf 83' lang='lat' dir='ltr'>glossemate</span> <span class='ocrx_word' id='word_1_307' title='bbox 1287 3761 1304 3790; x_wconf 92' lang='lat'><strong>,</strong></span> <span class='ocrx_word' id='word_1_308' title='bbox 1325 3739 1508 3794; x_wconf 85' lang='lat' dir='ltr'>eoque</span> <span class='ocrx_word' id='word_1_309' title='bbox 1527 3720 1670 3778; x_wconf 87' lang='lat' dir='ltr'>falso</span> <span class='ocrx_word' id='word_1_310' title='bbox 1695 3739 1712 3781; x_wconf 73' lang='grc' dir='ltr'><em>τ</em></span> 
     </span>
    </p>
   </div>
   <div class='ocr_carea' id='block_1_6' title="bbox 165 3799 1769 3892">
    <p class='ocr_par' dir='ltr' id='par_1_6' title="bbox 165 3799 1769 3892">
     <span class='ocr_line' id='line_1_39' title="bbox 165 3799 1769 3892; baseline -0.006 -22"><span class='ocrx_word' id='word_1_311' title='bbox 165 3830 210 3872; x_wconf 65' lang='lat' dir='ltr'>v,</span> <span class='ocrx_word' id='word_1_312' title='bbox 237 3829 358 3869; x_wconf 87' lang='lat' dir='ltr'>ann.</span> <span class='ocrx_word' id='word_1_313' title='bbox 385 3811 459 3868; x_wconf 90' lang='lat' dir='ltr'>ad</span> <span class='ocrx_word' id='word_1_314' title='bbox 482 3811 690 3888; x_wconf 72' lang='lat' dir='ltr'>odyss.</span> <span class='ocrx_word' id='word_1_315' title='bbox 719 3811 780 3892; x_wconf 87' lang='grc'>5,</span> <span class='ocrx_word' id='word_1_316' title='bbox 813 3812 961 3884; x_wconf 79' lang='lat'><strong>2653</strong></span> <span class='ocrx_word' id='word_1_317' title='bbox 995 3813 1074 3870; x_wconf 89' lang='lat' dir='ltr'>ib.</span> <span class='ocrx_word' id='word_1_318' title='bbox 1111 3809 1220 3867; x_wconf 87' lang='grc'>165</span> <span class='ocrx_word' id='word_1_319' title='bbox 1247 3799 1412 3887; x_wconf 77' lang='grc' dir='ltr'><strong>(οἶνον</strong></span> <span class='ocrx_word' id='word_1_320' title='bbox 1433 3805 1709 3887; x_wconf 65' lang='grc' dir='ltr'><strong>ἐρυθρὸν),</strong></span> <span class='ocrx_word' id='word_1_321' title='bbox 1759 3841 1769 3853; x_wconf 91' lang='grc'>-</span> 
     </span>
    </p>
   </div>
   <div class='ocr_carea' id='block_1_7' title="bbox 165 3889 1718 4422">
    <p class='ocr_par' dir='ltr' id='par_1_7' title="bbox 165 3889 1718 4422">
     <span class='ocr_line' id='line_1_40' title="bbox 165 3889 1715 3976; baseline -0.001 -22"><span class='ocrx_word' id='word_1_322' title='bbox 165 3909 263 3958; x_wconf 83' lang='grc'><strong>010.</strong></span> <span class='ocrx_word' id='word_1_323' title='bbox 299 3889 446 3966; x_wconf 72' lang='grc' dir='ltr'><strong>Οἶνος</strong></span> <span class='ocrx_word' id='word_1_324' title='bbox 487 3897 684 3976; x_wconf 74' lang='grc' dir='ltr'><strong>γλυκὺς</strong></span> <span class='ocrx_word' id='word_1_325' title='bbox 717 3901 928 3957; x_wconf 86' lang='lat' dir='ltr'>dicitur</span> <span class='ocrx_word' id='word_1_326' title='bbox 965 3899 1084 3956; x_wconf 87' lang='grc' dir='ltr'><strong>κατ’</strong></span> <span class='ocrx_word' id='word_1_327' title='bbox 1127 3895 1314 3976; x_wconf 79' lang='grc' dir='ltr'><strong>ἐξοχὴν</strong></span> <span class='ocrx_word' id='word_1_328' title='bbox 1352 3901 1544 3954; x_wconf 73' lang='lat' dir='ltr'>vinum</span> <span class='ocrx_word' id='word_1_329' title='bbox 1577 3917 1715 3971; x_wconf 80' lang='lat' dir='ltr'>pas-</span> 
     </span>
     <span class='ocr_line' id='line_1_41' title="bbox 165 3985 1710 4065; baseline 0.002 -23"><span class='ocrx_word' id='word_1_330' title='bbox 165 4007 270 4043; x_wconf 80' lang='lat' dir='ltr'>sum</span> <span class='ocrx_word' id='word_1_331' title='bbox 313 4007 330 4048; x_wconf 90' lang='lat'>:</span> <span class='ocrx_word' id='word_1_332' title='bbox 372 4009 428 4046; x_wconf 75' lang='lat' dir='ltr'>v.</span> <span class='ocrx_word' id='word_1_333' title='bbox 483 3991 696 4048; x_wconf 83' lang='lat' dir='ltr'>Athen.</span> <span class='ocrx_word' id='word_1_334' title='bbox 745 4009 806 4065; x_wconf 87' lang='lat' dir='ltr'>p.</span> <span class='ocrx_word' id='word_1_335' title='bbox 865 3988 1014 4060; x_wconf 87' lang='grc'><strong>652,</strong></span> <span class='ocrx_word' id='word_1_336' title='bbox 1061 3987 1142 4057; x_wconf 80' lang='lat' dir='ltr'>F,</span> <span class='ocrx_word' id='word_1_337' title='bbox 1191 3985 1526 4043; x_wconf 87' lang='lat' dir='ltr'>Schneideri</span> <span class='ocrx_word' id='word_1_338' title='bbox 1573 3986 1710 4046; x_wconf 87' lang='lat' dir='ltr'>Lex.</span> 
     </span>
     <span class='ocr_line' id='line_1_42' title="bbox 168 4063 1716 4151; baseline -0.003 -17"><span class='ocrx_word' id='word_1_339' title='bbox 168 4096 216 4134; x_wconf 80' lang='lat' dir='ltr'>v.</span> <span class='ocrx_word' id='word_1_340' title='bbox 239 4076 446 4143; x_wconf 83' lang='grc' dir='ltr'><strong>Γλυκύς.</strong></span> <span class='ocrx_word' id='word_1_341' title='bbox 480 4083 556 4137; x_wconf 92' lang='lat' dir='ltr'><strong>V.</strong></span> <span class='ocrx_word' id='word_1_342' title='bbox 584 4099 658 4151; x_wconf 88' lang='lat'>70</span> <span class='ocrx_word' id='word_1_343' title='bbox 685 4075 810 4150; x_wconf 75' lang='grc' dir='ltr'><strong>ἡδὺς</strong></span> <span class='ocrx_word' id='word_1_344' title='bbox 836 4087 1079 4135; x_wconf 78' lang='lat' dir='ltr'>vocatur</span> <span class='ocrx_word' id='word_1_345' title='bbox 1116 4063 1250 4141; x_wconf 75' lang='grc' dir='ltr'><strong>οἶνος</strong></span> <span class='ocrx_word' id='word_1_346' title='bbox 1293 4071 1523 4140; x_wconf 83' lang='grc' dir='ltr'><strong>καπνίας</strong></span> <span class='ocrx_word' id='word_1_347' title='bbox 1571 4091 1716 4149; x_wconf 90' lang='lat' dir='ltr'>pro-</span> 
     </span>
     <span class='ocr_line' id='line_1_43' title="bbox 169 4160 1718 4241; baseline -0.003 -19"><span class='ocrx_word' id='word_1_348' title='bbox 169 4175 287 4239; x_wconf 85' lang='lat' dir='ltr'>pter</span> <span class='ocrx_word' id='word_1_349' title='bbox 333 4179 696 4238; x_wconf 83' lang='lat' dir='ltr'>vetustatem,</span> <span class='ocrx_word' id='word_1_350' title='bbox 751 4185 864 4241; x_wconf 85' lang='lat' dir='ltr'>qua</span> <span class='ocrx_word' id='word_1_351' title='bbox 893 4165 1167 4222; x_wconf 79' lang='lat' dir='ltr'>excellere</span> <span class='ocrx_word' id='word_1_352' title='bbox 1206 4164 1465 4220; x_wconf 88' lang='lat' dir='ltr'>solebant</span> <span class='ocrx_word' id='word_1_353' title='bbox 1485 4160 1718 4232; x_wconf 82' lang='lat' dir='ltr'>fumoso</span> 
     </span>
     <span class='ocr_line' id='line_1_44' title="bbox 172 4248 1716 4334; baseline -0.001 -26"><span class='ocrx_word' id='word_1_354' title='bbox 172 4255 374 4310; x_wconf 73' lang='lat' dir='ltr'>madito</span> <span class='ocrx_word' id='word_1_355' title='bbox 392 4262 534 4315; x_wconf 80' lang='lat' dir='ltr'>vina</span> <span class='ocrx_word' id='word_1_356' title='bbox 555 4257 698 4312; x_wconf 84' lang='lat' dir='ltr'>cado</span> <span class='ocrx_word' id='word_1_357' title='bbox 721 4255 922 4334; x_wconf 77' lang='lat' dir='ltr'>(Ovid.</span> <span class='ocrx_word' id='word_1_358' title='bbox 953 4255 1102 4311; x_wconf 86' lang='lat' dir='ltr'>Fast.</span> <span class='ocrx_word' id='word_1_359' title='bbox 1127 4251 1186 4330; x_wconf 83' lang='lat'>5,</span> <span class='ocrx_word' id='word_1_360' title='bbox 1211 4248 1390 4332; x_wconf 84' lang='lat'>518);</span> <span class='ocrx_word' id='word_1_361' title='bbox 1420 4252 1492 4312; x_wconf 86' lang='lat' dir='ltr'>cf.</span> <span class='ocrx_word' id='word_1_362' title='bbox 1520 4252 1716 4326; x_wconf 71' lang='lat' dir='ltr'>odyss.</span> 
     </span>
     <span class='ocr_line' id='line_1_45' title="bbox 176 4342 634 4422; baseline 0.015 -26"><span class='ocrx_word' id='word_1_363' title='bbox 176 4359 224 4410; x_wconf 86' lang='grc'>1,</span> <span class='ocrx_word' id='word_1_364' title='bbox 251 4342 385 4422; x_wconf 71' lang='grc'><strong>340,</strong></span> <span class='ocrx_word' id='word_1_365' title='bbox 411 4345 467 4417; x_wconf 89' lang='grc'>3,</span> <span class='ocrx_word' id='word_1_366' title='bbox 498 4346 634 4422; x_wconf 90' lang='grc'><strong>391.</strong></span> 
     </span>
    </p>
   </div>
   <div class='ocr_carea' id='block_1_8' title="bbox 899 4477 932 4513">
    <p class='ocr_par' dir='ltr' id='par_1_8' title="bbox 899 4477 932 4513">
     <span class='ocr_line' id='line_1_46' title="bbox 899 4477 932 4513; baseline 0 0"><span class='ocrx_word' id='word_1_367' title='bbox 899 4477 932 4513; x_wconf 79' lang='lat'>2</span> 
     </span>
    </p>
   </div>
   <div class='ocr_carea' id='block_1_9' title="bbox 177 4567 1720 4966">
    <p class='ocr_par' dir='ltr' id='par_1_9' title="bbox 177 4567 1720 4966">
     <span class='ocr_line' id='line_1_47' title="bbox 246 4567 1720 4647; baseline -0.001 -24"><span class='ocrx_word' id='word_1_368' title='bbox 246 4569 393 4626; x_wconf 83' lang='lat' dir='ltr'>Idem</span> <span class='ocrx_word' id='word_1_369' title='bbox 426 4589 515 4642; x_wconf 86' lang='grc'>12,</span> <span class='ocrx_word' id='word_1_370' title='bbox 536 4592 601 4647; x_wconf 88' lang='lat' dir='ltr'>p.</span> <span class='ocrx_word' id='word_1_371' title='bbox 633 4570 780 4642; x_wconf 89' lang='grc'><strong>553,</strong></span> <span class='ocrx_word' id='word_1_372' title='bbox 823 4573 906 4640; x_wconf 91' lang='lat' dir='ltr'>D,</span> <span class='ocrx_word' id='word_1_373' title='bbox 943 4570 1046 4625; x_wconf 87' lang='lat' dir='ltr'>ubi</span> <span class='ocrx_word' id='word_1_374' title='bbox 1083 4569 1222 4625; x_wconf 91' lang='lat' dir='ltr'>dicit</span> <span class='ocrx_word' id='word_1_375' title='bbox 1240 4568 1312 4625; x_wconf 89' lang='lat' dir='ltr'>de</span> <span class='ocrx_word' id='word_1_376' title='bbox 1345 4584 1508 4623; x_wconf 89' lang='lat' dir='ltr'>more</span> <span class='ocrx_word' id='word_1_377' title='bbox 1545 4567 1720 4643; x_wconf 72' lang='lat' dir='ltr'>pedes</span> 
     </span>
     <span class='ocr_line' id='line_1_48' title="bbox 177 4655 1516 4734; baseline -0.001 -19"><span class='ocrx_word' id='word_1_378' title='bbox 177 4657 427 4731; x_wconf 78' lang='lat' dir='ltr'>ungendi,</span> <span class='ocrx_word' id='word_1_379' title='bbox 453 4671 510 4715; x_wconf 89' lang='lat' dir='ltr'>et</span> <span class='ocrx_word' id='word_1_380' title='bbox 538 4658 630 4731; x_wconf 90' lang='grc'>15,</span> <span class='ocrx_word' id='word_1_381' title='bbox 657 4677 720 4734; x_wconf 91' lang='grc' dir='ltr'>Ρ.</span> <span class='ocrx_word' id='word_1_382' title='bbox 743 4659 876 4734; x_wconf 89' lang='grc'><strong>690,</strong></span> <span class='ocrx_word' id='word_1_383' title='bbox 907 4661 958 4714; x_wconf 92' lang='lat' dir='ltr'>A</span> <span class='ocrx_word' id='word_1_384' title='bbox 992 4676 1008 4711; x_wconf 73' lang='grc' dir='ltr'><strong>ε</strong></span> <span class='ocrx_word' id='word_1_385' title='bbox 1040 4657 1148 4714; x_wconf 83' lang='grc' dir='ltr'>Ἀν.</span> <span class='ocrx_word' id='word_1_386' title='bbox 1171 4655 1220 4712; x_wconf 85' lang='grc' dir='ltr'>δ’</span> <span class='ocrx_word' id='word_1_387' title='bbox 1248 4655 1303 4712; x_wconf 73' lang='grc' dir='ltr'>ἐν</span> <span class='ocrx_word' id='word_1_388' title='bbox 1332 4655 1516 4732; x_wconf 87' lang='grc' dir='ltr'><strong>Πρωτ.</strong></span> 
     </span>
     <span class='ocr_line' id='line_1_49' title="bbox 273 4760 1611 4864; baseline 0 -32"><span class='ocrx_word' id='word_1_389' title='bbox 273 4773 452 4860; x_wconf 81' lang='grc' dir='ltr'><strong>Μύρον</strong></span> <span class='ocrx_word' id='word_1_390' title='bbox 481 4764 548 4838; x_wconf 75' lang='grc' dir='ltr'>δὲ</span> <span class='ocrx_word' id='word_1_391' title='bbox 588 4767 758 4864; x_wconf 79' lang='grc' dir='ltr'><strong>παρὰ</strong></span> <span class='ocrx_word' id='word_1_392' title='bbox 783 4771 1058 4863; x_wconf 83' lang='grc' dir='ltr'><strong>Πέρωνος</strong></span> <span class='ocrx_word' id='word_1_393' title='bbox 1081 4819 1099 4854; x_wconf 89' lang='grc'>,</span> <span class='ocrx_word' id='word_1_394' title='bbox 1142 4765 1316 4860; x_wconf 74' lang='grc' dir='ltr'><strong>οὗπερ</strong></span> <span class='ocrx_word' id='word_1_395' title='bbox 1344 4760 1611 4834; x_wconf 78' lang='grc' dir='ltr'><strong>ἀπέδοτο</strong></span> 
     </span>
     <span class='ocr_line' id='line_1_50' title="bbox 277 4872 1651 4966; baseline -0.003 -24"><span class='ocrx_word' id='word_1_396' title='bbox 277 4877 424 4964; x_wconf 77' lang='grc' dir='ltr'><strong>ἐχθὲς</strong></span> <span class='ocrx_word' id='word_1_397' title='bbox 447 4882 804 4963; x_wconf 83' lang='grc' dir='ltr'><strong>Μελανώπῳ</strong></span> <span class='ocrx_word' id='word_1_398' title='bbox 825 4926 844 4962; x_wconf 92' lang='grc'>,</span> <span class='ocrx_word' id='word_1_399' title='bbox 879 4882 1242 4952; x_wconf 76' lang='grc' dir='ltr'><strong>πολυτελοῦς</strong></span> <span class='ocrx_word' id='word_1_400' title='bbox 1271 4872 1610 4966; x_wconf 77' lang='grc' dir='ltr'><strong>Αἰγυπτίου</strong></span> <span class='ocrx_word' id='word_1_401' title='bbox 1631 4920 1651 4957; x_wconf 94' lang='grc'>,</span> 
     </span>
    </p>
   </div>
   <div class='ocr_carea' id='block_1_10' title="bbox 199 5065 1467 5320">
    <p class='ocr_par' dir='ltr' id='par_1_10' title="bbox 199 5065 1467 5320">
     <span class='ocr_line' id='line_1_51' title="bbox 199 5065 1304 5218; baseline 0.005 -24"><span class='ocrx_word' id='word_1_402' title='bbox 199 5143 242 5194; x_wconf 80' lang='grc' dir='ltr'><strong>Α</strong></span> <span class='ocrx_word' id='word_1_403' title='bbox 271 5141 450 5201; x_wconf 82' lang='lat' dir='ltr'>Perone</span> <span class='ocrx_word' id='word_1_404' title='bbox 469 5153 644 5204; x_wconf 83' lang='lat' dir='ltr'>autem</span> <span class='ocrx_word' id='word_1_405' title='bbox 669 5065 984 5218; x_wconf 52' lang='lat' dir='ltr'>pretiosgm</span> <span class='ocrx_word' id='word_1_406' title='bbox 1003 5143 1304 5218; x_wconf 75' lang='lat' dir='ltr'>AEgyptium</span> 
     </span>
     <span class='ocr_line' id='line_1_52' title="bbox 199 5230 1467 5320; baseline -0.001 -33"><span class='ocrx_word' id='word_1_407' title='bbox 199 5239 533 5304; x_wconf 84' lang='lat' dir='ltr'>unguentum,</span> <span class='ocrx_word' id='word_1_408' title='bbox 553 5233 696 5307; x_wconf 85' lang='lat' dir='ltr'>quod</span> <span class='ocrx_word' id='word_1_409' title='bbox 723 5233 842 5320; x_wconf 78' lang='lat' dir='ltr'>heri</span> <span class='ocrx_word' id='word_1_410' title='bbox 867 5232 1126 5318; x_wconf 70' lang='lat' dir='ltr'>vendebat</span> <span class='ocrx_word' id='word_1_411' title='bbox 1149 5230 1438 5303; x_wconf 82' lang='lat' dir='ltr'>Melanopo</span> <span class='ocrx_word' id='word_1_412' title='bbox 1453 5271 1467 5299; x_wconf 77' lang='grc'>,</span> 
     </span>
    </p>
   </div>
   <div class='ocr_carea' id='block_1_11' title="bbox 1888 429 3369 638">
    <p class='ocr_par' dir='ltr' id='par_1_11' title="bbox 1888 429 3369 638">
     <span class='ocr_line' id='line_1_53' title="bbox 3252 429 3369 481; baseline -0.009 0"><span class='ocrx_word' id='word_1_413' title='bbox 3252 429 3369 481; x_wconf 74' lang='grc'>429</span> 
     </span>
     <span class='ocr_line' id='line_1_54' title="bbox 1888 540 3266 638; baseline 0.004 -26"><span class='ocrx_word' id='word_1_414' title='bbox 1888 544 1937 633; x_wconf 83' lang='grc' dir='ltr'>ᾧ</span> <span class='ocrx_word' id='word_1_415' title='bbox 1964 556 2063 613; x_wconf 80' lang='grc' dir='ltr'>νῦν</span> <span class='ocrx_word' id='word_1_416' title='bbox 2088 545 2318 635; x_wconf 81' lang='grc' dir='ltr'><strong>ἀλείφει</strong></span> <span class='ocrx_word' id='word_1_417' title='bbox 2362 546 2497 621; x_wconf 83' lang='grc' dir='ltr'><strong>τοὺς</strong></span> <span class='ocrx_word' id='word_1_418' title='bbox 2540 540 2733 622; x_wconf 74' lang='grc' dir='ltr'><strong>πόδας</strong></span> <span class='ocrx_word' id='word_1_419' title='bbox 2774 546 3266 638; x_wconf 76' lang='grc' dir='ltr'><strong>Καλλιστράτου.</strong></span> 
     </span>
    </p>
   </div>
   <div class='ocr_carea' id='block_1_12' title="bbox 1788 672 3373 1983">
    <p class='ocr_par' dir='ltr' id='par_1_12' title="bbox 1788 672 3373 1983">
     <span class='ocr_line' id='line_1_55' title="bbox 1789 672 3365 755; baseline 0.003 -22"><span class='ocrx_word' id='word_1_420' title='bbox 1789 678 1967 733; x_wconf 88' lang='lat' dir='ltr'>Versu</span> <span class='ocrx_word' id='word_1_421' title='bbox 1996 695 2021 732; x_wconf 90' lang='lat'>1</span> <span class='ocrx_word' id='word_1_422' title='bbox 2060 672 2239 751; x_wconf 83' lang='grc' dir='ltr'><strong>Μύρον</strong></span> <span class='ocrx_word' id='word_1_423' title='bbox 2267 674 2399 732; x_wconf 85' lang='grc' dir='ltr'><strong>Α111.</strong></span> <span class='ocrx_word' id='word_1_424' title='bbox 2433 674 2752 749; x_wconf 86' lang='lat' dir='ltr'>posteriore</span> <span class='ocrx_word' id='word_1_425' title='bbox 2769 675 2933 745; x_wconf 88' lang='lat' dir='ltr'>loco;</span> <span class='ocrx_word' id='word_1_426' title='bbox 2961 676 3157 751; x_wconf 90' lang='lat' dir='ltr'>priore</span> <span class='ocrx_word' id='word_1_427' title='bbox 3177 674 3365 755; x_wconf 85' lang='grc' dir='ltr'><strong>Μύρῳ.</strong></span> 
     </span>
     <span class='ocr_line' id='line_1_56' title="bbox 1788 759 3367 842; baseline 0.001 -23"><span class='ocrx_word' id='word_1_428' title='bbox 1788 763 1897 819; x_wconf 92' lang='grc'><strong>1110</strong></span> <span class='ocrx_word' id='word_1_429' title='bbox 1918 764 2037 819; x_wconf 87' lang='lat' dir='ltr'>haec</span> <span class='ocrx_word' id='word_1_430' title='bbox 2060 762 2224 819; x_wconf 90' lang='lat' dir='ltr'>addit</span> <span class='ocrx_word' id='word_1_431' title='bbox 2246 759 2559 835; x_wconf 82' lang='grc' dir='ltr'><strong>μνημονεύει</strong></span> <span class='ocrx_word' id='word_1_432' title='bbox 2575 764 2665 819; x_wconf 76' lang='grc' dir='ltr'>τοῦ</span> <span class='ocrx_word' id='word_1_433' title='bbox 2690 760 3003 840; x_wconf 83' lang='grc' dir='ltr'><strong>μυροπώλου</strong></span> <span class='ocrx_word' id='word_1_434' title='bbox 3031 762 3216 821; x_wconf 86' lang='grc' dir='ltr'><strong>τούτου</strong></span> <span class='ocrx_word' id='word_1_435' title='bbox 3243 764 3367 842; x_wconf 84' lang='grc' dir='ltr'><strong>[τοῦ</strong></span> 
     </span>
     <span class='ocr_line' id='line_1_57' title="bbox 1793 844 3361 933; baseline 0.001 -26"><span class='ocrx_word' id='word_1_436' title='bbox 1793 844 2071 931; x_wconf 75' lang='grc' dir='ltr'><strong>Πέρωνος]</strong></span> <span class='ocrx_word' id='word_1_437' title='bbox 2101 846 2193 907; x_wconf 81' lang='grc' dir='ltr'>καὶ</span> <span class='ocrx_word' id='word_1_438' title='bbox 2218 846 2541 925; x_wconf 83' lang='grc' dir='ltr'><strong>Θεόπομπος</strong></span> <span class='ocrx_word' id='word_1_439' title='bbox 2569 848 2622 909; x_wconf 70' lang='grc' dir='ltr'>ἐν</span> <span class='ocrx_word' id='word_1_440' title='bbox 2658 846 2899 929; x_wconf 76' lang='grc' dir='ltr'><strong>Ἀδμήτῳ</strong></span> <span class='ocrx_word' id='word_1_441' title='bbox 2923 848 3015 908; x_wconf 75' lang='grc' dir='ltr'>καὶ</span> <span class='ocrx_word' id='word_1_442' title='bbox 3044 848 3361 933; x_wconf 76' lang='grc' dir='ltr'><strong>Ἡδυχάρει.</strong></span> 
     </span>
     <span class='ocr_line' id='line_1_58' title="bbox 1792 936 3365 1017; baseline -0.001 -19"><span class='ocrx_word' id='word_1_443' title='bbox 1792 939 1878 999; x_wconf 82' lang='lat' dir='ltr'>cf.</span> <span class='ocrx_word' id='word_1_444' title='bbox 1900 940 2067 997; x_wconf 84' lang='lat' dir='ltr'>Terei</span> <span class='ocrx_word' id='word_1_445' title='bbox 2104 938 2177 997; x_wconf 79' lang='lat' dir='ltr'>fr.</span> <span class='ocrx_word' id='word_1_446' title='bbox 2213 936 2265 995; x_wconf 87' lang='grc'>3.</span> <span class='ocrx_word' id='word_1_447' title='bbox 2298 939 2675 995; x_wconf 83' lang='lat' dir='ltr'>Recentiores</span> <span class='ocrx_word' id='word_1_448' title='bbox 2712 937 2889 997; x_wconf 90' lang='lat' dir='ltr'>codd.</span> <span class='ocrx_word' id='word_1_449' title='bbox 2923 936 3199 1017; x_wconf 69' lang='grc' dir='ltr'><strong>Πέρωνος.</strong></span> <span class='ocrx_word' id='word_1_450' title='bbox 3229 945 3295 999; x_wconf 83' lang='lat' dir='ltr'><strong>V.</strong></span> <span class='ocrx_word' id='word_1_451' title='bbox 3331 960 3365 997; x_wconf 91' lang='grc'><strong>2</strong></span> 
     </span>
     <span class='ocr_line' id='line_1_59' title="bbox 1791 1014 3369 1105; baseline 0.002 -21"><span class='ocrx_word' id='word_1_452' title='bbox 1791 1039 1848 1084; x_wconf 83' lang='grc'>01</span> <span class='ocrx_word' id='word_1_453' title='bbox 1872 1026 1907 1083; x_wconf 87' lang='grc'><strong>3</strong></span> <span class='ocrx_word' id='word_1_454' title='bbox 1942 1027 2067 1103; x_wconf 77' lang='grc' dir='ltr'><strong>Αἰγ.</strong></span> <span class='ocrx_word' id='word_1_455' title='bbox 2110 1014 2157 1105; x_wconf 82' lang='lat'>5</span> <span class='ocrx_word' id='word_1_456' title='bbox 2196 1028 2285 1083; x_wconf 79' lang='grc' dir='ltr'>νῦν</span> <span class='ocrx_word' id='word_1_457' title='bbox 2326 1024 2416 1087; x_wconf 79' lang='grc' dir='ltr'>ἀλ.</span> <span class='ocrx_word' id='word_1_458' title='bbox 2448 1028 2529 1083; x_wconf 84' lang='lat' dir='ltr'>sic</span> <span class='ocrx_word' id='word_1_459' title='bbox 2566 1026 2703 1087; x_wconf 91' lang='lat' dir='ltr'>Ath.</span> <span class='ocrx_word' id='word_1_460' title='bbox 2730 1045 2789 1101; x_wconf 95' lang='lat' dir='ltr'>p.</span> <span class='ocrx_word' id='word_1_461' title='bbox 2818 1026 2969 1103; x_wconf 83' lang='grc' dir='ltr'><strong>69ος</strong></span> <span class='ocrx_word' id='word_1_462' title='bbox 3018 1029 3197 1085; x_wconf 75' lang='lat' dir='ltr'>altero</span> <span class='ocrx_word' id='word_1_463' title='bbox 3236 1030 3369 1087; x_wconf 89' lang='lat' dir='ltr'>loco</span> 
     </span>
     <span class='ocr_line' id='line_1_60' title="bbox 1793 1105 3369 1195; baseline 0.001 -24"><span class='ocrx_word' id='word_1_464' title='bbox 1793 1115 1926 1175; x_wconf 91' lang='lat' dir='ltr'>cod.</span> <span class='ocrx_word' id='word_1_465' title='bbox 1970 1116 2020 1177; x_wconf 79' lang='lat' dir='ltr'>A</span> <span class='ocrx_word' id='word_1_466' title='bbox 2050 1113 2104 1170; x_wconf 71' lang='grc' dir='ltr'>ἐν</span> <span class='ocrx_word' id='word_1_467' title='bbox 2144 1111 2340 1193; x_wconf 80' lang='grc' dir='ltr'><strong>αἶπτίῳ</strong></span> <span class='ocrx_word' id='word_1_468' title='bbox 2367 1110 2698 1193; x_wconf 77' lang='grc' dir='ltr'><strong>συναλείφει,</strong></span> <span class='ocrx_word' id='word_1_469' title='bbox 2730 1114 2775 1173; x_wconf 88' lang='grc' dir='ltr'><strong>Β</strong></span> <span class='ocrx_word' id='word_1_470' title='bbox 2798 1114 2851 1171; x_wconf 72' lang='grc' dir='ltr'>ἐν</span> <span class='ocrx_word' id='word_1_471' title='bbox 2889 1112 3149 1194; x_wconf 77' lang='grc' dir='ltr'><strong>αἰγυπτίῳ</strong></span> <span class='ocrx_word' id='word_1_472' title='bbox 3176 1105 3221 1195; x_wconf 76' lang='grc' dir='ltr'>ᾧ</span> <span class='ocrx_word' id='word_1_473' title='bbox 3248 1138 3369 1173; x_wconf 88' lang='grc' dir='ltr'><strong>συν-</strong></span> 
     </span>
     <span class='ocr_line' id='line_1_61' title="bbox 1792 1200 3371 1281; baseline 0.002 -23"><span class='ocrx_word' id='word_1_474' title='bbox 1792 1202 1880 1264; x_wconf 88' lang='grc' dir='ltr'>αλ.</span> <span class='ocrx_word' id='word_1_475' title='bbox 1922 1213 2033 1260; x_wconf 83' lang='grc'><strong>010.</strong></span> <span class='ocrx_word' id='word_1_476' title='bbox 2066 1226 2091 1252; x_wconf 82' lang='lat'><strong>«</strong></span> <span class='ocrx_word' id='word_1_477' title='bbox 2120 1200 2491 1275; x_wconf 85' lang='lat' dir='ltr'>Melanopus,</span> <span class='ocrx_word' id='word_1_478' title='bbox 2535 1202 2695 1272; x_wconf 82' lang='lat' dir='ltr'>cujus</span> <span class='ocrx_word' id='word_1_479' title='bbox 2733 1202 3031 1259; x_wconf 88' lang='lat' dir='ltr'>mollitiem</span> <span class='ocrx_word' id='word_1_480' title='bbox 3067 1205 3167 1261; x_wconf 78' lang='lat' dir='ltr'>hic</span> <span class='ocrx_word' id='word_1_481' title='bbox 3191 1208 3371 1281; x_wconf 81' lang='lat' dir='ltr'>tangit</span> 
     </span>
     <span class='ocr_line' id='line_1_62' title="bbox 1791 1284 3369 1367; baseline 0.001 -21"><span class='ocrx_word' id='word_1_482' title='bbox 1791 1302 2097 1367; x_wconf 81' lang='lat' dir='ltr'>poeta‚una</span> <span class='ocrx_word' id='word_1_483' title='bbox 2112 1309 2243 1345; x_wconf 86' lang='lat' dir='ltr'>cum</span> <span class='ocrx_word' id='word_1_484' title='bbox 2255 1290 2573 1347; x_wconf 78' lang='lat' dir='ltr'>Callistrato</span> <span class='ocrx_word' id='word_1_485' title='bbox 2591 1284 2825 1364; x_wconf 84' lang='lat' dir='ltr'>aliisque</span> <span class='ocrx_word' id='word_1_486' title='bbox 2846 1291 3041 1367; x_wconf 82' lang='lat' dir='ltr'>legatis</span> <span class='ocrx_word' id='word_1_487' title='bbox 3062 1293 3369 1349; x_wconf 85' lang='lat' dir='ltr'>Athenien·</span> 
     </span>
     <span class='ocr_line' id='line_1_63' title="bbox 1791 1376 3369 1458; baseline 0.002 -23"><span class='ocrx_word' id='word_1_488' title='bbox 1791 1379 1937 1435; x_wconf 88' lang='lat' dir='ltr'>sium</span> <span class='ocrx_word' id='word_1_489' title='bbox 1958 1378 2219 1453; x_wconf 85' lang='lat' dir='ltr'>Spartam</span> <span class='ocrx_word' id='word_1_490' title='bbox 2246 1377 2444 1433; x_wconf 85' lang='lat' dir='ltr'>missus</span> <span class='ocrx_word' id='word_1_491' title='bbox 2460 1387 2548 1434; x_wconf 87' lang='lat' dir='ltr'>est</span> <span class='ocrx_word' id='word_1_492' title='bbox 2570 1378 2787 1452; x_wconf 80' lang='lat' dir='ltr'>olymp.</span> <span class='ocrx_word' id='word_1_493' title='bbox 2829 1396 2960 1449; x_wconf 88' lang='grc'><strong>102,</strong></span> <span class='ocrx_word' id='word_1_494' title='bbox 2990 1398 3023 1435; x_wconf 91' lang='grc'><strong>2</strong></span> <span class='ocrx_word' id='word_1_495' title='bbox 3050 1376 3215 1458; x_wconf 86' lang='lat' dir='ltr'>(ante</span> <span class='ocrx_word' id='word_1_496' title='bbox 3237 1382 3369 1438; x_wconf 85' lang='lat' dir='ltr'>Chr.</span> 
     </span>
     <span class='ocr_line' id='line_1_64' title="bbox 1793 1458 3365 1544; baseline 0.001 -21"><span class='ocrx_word' id='word_1_497' title='bbox 1793 1458 1913 1525; x_wconf 83' lang='lat' dir='ltr'>nat.</span> <span class='ocrx_word' id='word_1_498' title='bbox 1959 1462 2131 1544; x_wconf 88' lang='grc'><strong>370),</strong></span> <span class='ocrx_word' id='word_1_499' title='bbox 2168 1476 2236 1521; x_wconf 82' lang='grc'>111</span> <span class='ocrx_word' id='word_1_500' title='bbox 2266 1476 2463 1522; x_wconf 82' lang='lat' dir='ltr'>narrat</span> <span class='ocrx_word' id='word_1_501' title='bbox 2494 1466 2827 1541; x_wconf 83' lang='lat' dir='ltr'>Xenophon</span> <span class='ocrx_word' id='word_1_502' title='bbox 2856 1468 3003 1523; x_wconf 89' lang='lat' dir='ltr'>Hell.</span> <span class='ocrx_word' id='word_1_503' title='bbox 3048 1469 3104 1538; x_wconf 87' lang='lat'>6,</span> <span class='ocrx_word' id='word_1_504' title='bbox 3134 1468 3189 1525; x_wconf 89' lang='grc'>3.</span> <span class='ocrx_word' id='word_1_505' title='bbox 3224 1470 3365 1525; x_wconf 87' lang='lat' dir='ltr'>Cum</span> 
     </span>
     <span class='ocr_line' id='line_1_65' title="bbox 1794 1554 3371 1628; baseline 0.001 -17"><span class='ocrx_word' id='word_1_506' title='bbox 1794 1555 2111 1611; x_wconf 78' lang='lat' dir='ltr'>Callistrato</span> <span class='ocrx_word' id='word_1_507' title='bbox 2128 1595 2147 1628; x_wconf 89' lang='lat'>‚</span> <span class='ocrx_word' id='word_1_508' title='bbox 2194 1554 2403 1610; x_wconf 87' lang='lat' dir='ltr'>celebri</span> <span class='ocrx_word' id='word_1_509' title='bbox 2456 1563 2714 1624; x_wconf 87' lang='lat' dir='ltr'>oratore,</span> <span class='ocrx_word' id='word_1_510' title='bbox 2756 1554 3063 1609; x_wconf 82' lang='lat' dir='ltr'>simultates</span> <span class='ocrx_word' id='word_1_511' title='bbox 3108 1572 3371 1612; x_wconf 87' lang='lat' dir='ltr'>exercere</span> 
     </span>
     <span class='ocr_line' id='line_1_66' title="bbox 1795 1642 3367 1716; baseline 0.001 -17"><span class='ocrx_word' id='word_1_512' title='bbox 1795 1644 1996 1699; x_wconf 77' lang='lat' dir='ltr'>solitus</span> <span class='ocrx_word' id='word_1_513' title='bbox 2014 1683 2032 1713; x_wconf 91' lang='lat'><strong>,</strong></span> <span class='ocrx_word' id='word_1_514' title='bbox 2059 1652 2247 1699; x_wconf 85' lang='lat' dir='ltr'>tamen</span> <span class='ocrx_word' id='word_1_515' title='bbox 2284 1643 2397 1699; x_wconf 80' lang='lat' dir='ltr'>alio</span> <span class='ocrx_word' id='word_1_516' title='bbox 2427 1652 2683 1716; x_wconf 90' lang='lat' dir='ltr'>tempore</span> <span class='ocrx_word' id='word_1_517' title='bbox 2706 1660 2902 1698; x_wconf 86' lang='lat' dir='ltr'>rursus</span> <span class='ocrx_word' id='word_1_518' title='bbox 2928 1644 2979 1697; x_wconf 88' lang='lat' dir='ltr'>ei</span> <span class='ocrx_word' id='word_1_519' title='bbox 3010 1642 3367 1715; x_wconf 80' lang='lat' dir='ltr'>adulabatur,</span> 
     </span>
     <span class='ocr_line' id='line_1_67' title="bbox 1797 1730 3373 1807; baseline 0 -19"><span class='ocrx_word' id='word_1_520' title='bbox 1797 1733 1887 1789; x_wconf 81' lang='lat' dir='ltr'>vel</span> <span class='ocrx_word' id='word_1_521' title='bbox 1909 1732 2081 1806; x_wconf 87' lang='lat' dir='ltr'>pedes</span> <span class='ocrx_word' id='word_1_522' title='bbox 2106 1748 2343 1807; x_wconf 85' lang='lat' dir='ltr'>ungens.</span> <span class='ocrx_word' id='word_1_523' title='bbox 2369 1730 2666 1788; x_wconf 87' lang='lat' dir='ltr'>Callistrati</span> <span class='ocrx_word' id='word_1_524' title='bbox 2688 1731 2749 1785; x_wconf 92' lang='grc' dir='ltr'>ἰ11</span> <span class='ocrx_word' id='word_1_525' title='bbox 2770 1748 2899 1787; x_wconf 90' lang='grc'><strong>011111</strong></span> <span class='ocrx_word' id='word_1_526' title='bbox 2920 1733 3237 1788; x_wconf 82' lang='lat' dir='ltr'>orationem</span> <span class='ocrx_word' id='word_1_527' title='bbox 3256 1750 3373 1788; x_wconf 90' lang='lat' dir='ltr'>me-</span> 
     </span>
     <span class='ocr_line' id='line_1_68' title="bbox 1797 1815 3372 1889; baseline 0.001 -14"><span class='ocrx_word' id='word_1_528' title='bbox 1797 1830 1989 1875; x_wconf 85' lang='lat' dir='ltr'>morat</span> <span class='ocrx_word' id='word_1_529' title='bbox 2008 1819 2341 1875; x_wconf 80' lang='lat' dir='ltr'>Aristoteles</span> <span class='ocrx_word' id='word_1_530' title='bbox 2364 1818 2535 1875; x_wconf 84' lang='lat' dir='ltr'>Rhet.</span> <span class='ocrx_word' id='word_1_531' title='bbox 2577 1836 2630 1886; x_wconf 83' lang='lat'>1,</span> <span class='ocrx_word' id='word_1_532' title='bbox 2668 1815 2763 1889; x_wconf 87' lang='grc'>15,</span> <span class='ocrx_word' id='word_1_533' title='bbox 2796 1819 2932 1874; x_wconf 88' lang='lat' dir='ltr'>item</span> <span class='ocrx_word' id='word_1_534' title='bbox 2950 1820 3099 1879; x_wconf 86' lang='lat' dir='ltr'>Plut.</span> <span class='ocrx_word' id='word_1_535' title='bbox 3123 1822 3235 1877; x_wconf 90' lang='lat' dir='ltr'>Vit.</span> <span class='ocrx_word' id='word_1_536' title='bbox 3266 1822 3372 1876; x_wconf 90' lang='lat' dir='ltr'>De·</span> 
     </span>
     <span class='ocr_line' id='line_1_69' title="bbox 1797 1904 2653 1983; baseline -0.001 -19"><span class='ocrx_word' id='word_1_537' title='bbox 1797 1908 2107 1964; x_wconf 85' lang='lat' dir='ltr'>mosthenis</span> <span class='ocrx_word' id='word_1_538' title='bbox 2140 1925 2273 1983; x_wconf 86' lang='lat' dir='ltr'>cap.</span> <span class='ocrx_word' id='word_1_539' title='bbox 2306 1904 2398 1965; x_wconf 90' lang='grc'>13.</span> <span class='ocrx_word' id='word_1_540' title='bbox 2423 1923 2455 1961; x_wconf 78' lang='lat' dir='ltr'>u</span> <span class='ocrx_word' id='word_1_541' title='bbox 2488 1906 2539 1961; x_wconf 84' lang='lat' dir='ltr'><em>E</em></span> <span class='ocrx_word' id='word_1_542' title='bbox 2562 1907 2653 1963; x_wconf 89' lang='lat' dir='ltr'>M.</span> 
     </span>
    </p>
   </div>
   <div class='ocr_carea' id='block_1_13' title="bbox 2342 2048 2838 2109">
    <p class='ocr_par' dir='ltr' id='par_1_13' title="bbox 2342 2048 2838 2109">
     <span class='ocr_line' id='line_1_70' title="bbox 2342 2048 2838 2109; baseline 0 0"><span class='ocrx_word' id='word_1_543' title='bbox 2342 2048 2529 2109; x_wconf 85' lang='lat' dir='ltr'>XXX.</span> <span class='ocrx_word' id='word_1_544' title='bbox 2574 2048 2838 2109; x_wconf 82' lang='grc' dir='ltr'><strong>ΣΑΜῘΑ.</strong></span> 
     </span>
    </p>
   </div>
   <div class='ocr_carea' id='block_1_14' title="bbox 1801 2174 3375 2436">
    <p class='ocr_par' dir='ltr' id='par_1_14' title="bbox 1801 2174 3375 2436">
     <span class='ocr_line' id='line_1_71' title="bbox 1883 2174 3375 2254; baseline -0.001 -15"><span class='ocrx_word' id='word_1_545' title='bbox 1883 2182 2092 2239; x_wconf 85' lang='lat' dir='ltr'>Athen.</span> <span class='ocrx_word' id='word_1_546' title='bbox 2129 2180 2185 2251; x_wconf 88' lang='grc'>6,</span> <span class='ocrx_word' id='word_1_547' title='bbox 2216 2197 2277 2254; x_wconf 93' lang='grc' dir='ltr'>Ρ.</span> <span class='ocrx_word' id='word_1_548' title='bbox 2305 2176 2453 2249; x_wconf 87' lang='grc'><strong>255,</strong></span> <span class='ocrx_word' id='word_1_549' title='bbox 2502 2180 2553 2234; x_wconf 81' lang='lat' dir='ltr'>A</span> <span class='ocrx_word' id='word_1_550' title='bbox 2584 2195 2600 2237; x_wconf 89' lang='lat'><strong>:</strong></span> <span class='ocrx_word' id='word_1_551' title='bbox 2632 2174 2828 2248; x_wconf 87' lang='grc' dir='ltr'><strong>ταύτην</strong></span> <span class='ocrx_word' id='word_1_552' title='bbox 2868 2174 2921 2234; x_wconf 75' lang='grc' dir='ltr'>δὲ</span> <span class='ocrx_word' id='word_1_553' title='bbox 2959 2176 3054 2249; x_wconf 78' lang='grc' dir='ltr'>τὴν</span> <span class='ocrx_word' id='word_1_554' title='bbox 3094 2180 3375 2238; x_wconf 78' lang='grc' dir='ltr'><strong>κολακείαν</strong></span> 
     </span>
     <span class='ocr_line' id='line_1_72' title="bbox 1801 2262 3374 2347; baseline 0 -21"><span class='ocrx_word' id='word_1_555' title='bbox 1801 2264 1934 2334; x_wconf 72' lang='grc' dir='ltr'><strong>τινὲς</strong></span> <span class='ocrx_word' id='word_1_556' title='bbox 1980 2263 2347 2347; x_wconf 70' lang='grc' dir='ltr'><strong>ἔκτρεπόμενοι</strong></span> <span class='ocrx_word' id='word_1_557' title='bbox 2389 2262 2619 2341; x_wconf 82' lang='grc' dir='ltr'><strong>τοῦνομα</strong></span> <span class='ocrx_word' id='word_1_558' title='bbox 2666 2263 2940 2342; x_wconf 77' lang='grc' dir='ltr'><strong>ἀρέσκειαν</strong></span> <span class='ocrx_word' id='word_1_559' title='bbox 2993 2268 3067 2342; x_wconf 86' lang='grc' dir='ltr'>(Β</span> <span class='ocrx_word' id='word_1_560' title='bbox 3104 2266 3374 2347; x_wconf 82' lang='grc' dir='ltr'><strong>ἀρέσκειν)</strong></span> 
     </span>
     <span class='ocr_line' id='line_1_73' title="bbox 1807 2350 2879 2436; baseline -0.005 -23"><span class='ocrx_word' id='word_1_561' title='bbox 1807 2353 2303 2436; x_wconf 86' lang='grc' dir='ltr'><strong>προσαγορεύουσιν,</strong></span> <span class='ocrx_word' id='word_1_562' title='bbox 2333 2356 2403 2419; x_wconf 79' lang='grc' dir='ltr'><strong>ὣς</strong></span> <span class='ocrx_word' id='word_1_563' title='bbox 2430 2353 2521 2411; x_wconf 83' lang='grc' dir='ltr'>καὶ</span> <span class='ocrx_word' id='word_1_564' title='bbox 2550 2352 2659 2413; x_wconf 85' lang='grc' dir='ltr'>Ἀν.</span> <span class='ocrx_word' id='word_1_565' title='bbox 2692 2350 2879 2431; x_wconf 71' lang='grc' dir='ltr'><strong>Σαμίᾳ</strong></span> 
     </span>
    </p>
   </div>
   <div class='ocr_carea' id='block_1_15' title="bbox 1899 2463 3269 2561">
    <p class='ocr_par' dir='ltr' id='par_1_15' title="bbox 1899 2463 3269 2561">
     <span class='ocr_line' id='line_1_74' title="bbox 1899 2463 3269 2561; baseline 0 -24"><span class='ocrx_word' id='word_1_566' title='bbox 1899 2470 1990 2537; x_wconf 90' lang='grc' dir='ltr'>Τὸ</span> <span class='ocrx_word' id='word_1_567' title='bbox 2016 2463 2084 2537; x_wconf 77' lang='grc' dir='ltr'>δὲ</span> <span class='ocrx_word' id='word_1_568' title='bbox 2112 2470 2456 2536; x_wconf 76' lang='grc' dir='ltr'><strong>κολακεύειν</strong></span> <span class='ocrx_word' id='word_1_569' title='bbox 2488 2476 2587 2533; x_wconf 83' lang='grc' dir='ltr'>νῦν</span> <span class='ocrx_word' id='word_1_570' title='bbox 2625 2466 2894 2559; x_wconf 81' lang='grc' dir='ltr'><strong>ἀρέσκειν</strong></span> <span class='ocrx_word' id='word_1_571' title='bbox 2920 2468 3084 2561; x_wconf 82' lang='grc' dir='ltr'><strong>ὄνομ’</strong></span> <span class='ocrx_word' id='word_1_572' title='bbox 3114 2472 3269 2560; x_wconf 80' lang='grc' dir='ltr'><strong>ἔχει.</strong></span> 
     </span>
    </p>
   </div>
   <div class='ocr_carea' id='block_1_16' title="bbox 1801 2593 3377 3119">
    <p class='ocr_par' dir='ltr' id='par_1_16' title="bbox 1801 2593 3377 3119">
     <span class='ocr_line' id='line_1_75' title="bbox 1804 2593 3376 2675; baseline -0.001 -18"><span class='ocrx_word' id='word_1_573' title='bbox 1804 2602 1874 2657; x_wconf 88' lang='grc'>111</span> <span class='ocrx_word' id='word_1_574' title='bbox 1899 2618 2067 2658; x_wconf 80' lang='lat' dir='ltr'>versu</span> <span class='ocrx_word' id='word_1_575' title='bbox 2094 2598 2267 2657; x_wconf 87' lang='lat' dir='ltr'>codd.</span> <span class='ocrx_word' id='word_1_576' title='bbox 2292 2595 2372 2656; x_wconf 80' lang='grc' dir='ltr'>Τὸ</span> <span class='ocrx_word' id='word_1_577' title='bbox 2392 2593 2497 2675; x_wconf 76' lang='grc' dir='ltr'><strong>γὰρ</strong></span> <span class='ocrx_word' id='word_1_578' title='bbox 2523 2596 2637 2654; x_wconf 86' lang='grc' dir='ltr'><strong>κολ.</strong></span> <span class='ocrx_word' id='word_1_579' title='bbox 2668 2599 2757 2654; x_wconf 79' lang='grc' dir='ltr'>νῦν</span> <span class='ocrx_word' id='word_1_580' title='bbox 2780 2594 3055 2674; x_wconf 73' lang='grc' dir='ltr'><strong>ἀρέσκειαν</strong></span> <span class='ocrx_word' id='word_1_581' title='bbox 3084 2594 3162 2657; x_wconf 79' lang='grc' dir='ltr'>ὄν.</span> <span class='ocrx_word' id='word_1_582' title='bbox 3187 2596 3233 2656; x_wconf 78' lang='grc' dir='ltr'>ἔ.</span> <span class='ocrx_word' id='word_1_583' title='bbox 3256 2600 3376 2657; x_wconf 85' lang='lat' dir='ltr'>Pri·</span> 
     </span>
     <span class='ocr_line' id='line_1_76' title="bbox 1805 2684 3375 2760; baseline -0.001 -15"><span class='ocrx_word' id='word_1_584' title='bbox 1805 2708 1933 2746; x_wconf 86' lang='lat' dir='ltr'>mus</span> <span class='ocrx_word' id='word_1_585' title='bbox 1958 2690 2233 2747; x_wconf 78' lang='lat' dir='ltr'>canterus</span> <span class='ocrx_word' id='word_1_586' title='bbox 2256 2688 2403 2744; x_wconf 81' lang='lat' dir='ltr'>Nov.</span> <span class='ocrx_word' id='word_1_587' title='bbox 2427 2688 2613 2746; x_wconf 91' lang='lat' dir='ltr'>Lectt·.</span> <span class='ocrx_word' id='word_1_588' title='bbox 2638 2691 2697 2760; x_wconf 84' lang='grc'>4,</span> <span class='ocrx_word' id='word_1_589' title='bbox 2726 2684 2785 2759; x_wconf 90' lang='grc'>5,</span> <span class='ocrx_word' id='word_1_590' title='bbox 2814 2697 2997 2742; x_wconf 87' lang='lat' dir='ltr'>metro</span> <span class='ocrx_word' id='word_1_591' title='bbox 3020 2686 3375 2760; x_wconf 84' lang='lat' dir='ltr'>admonitus,</span> 
     </span>
     <span class='ocr_line' id='line_1_77' title="bbox 1804 2771 3377 2857; baseline -0.002 -22"><span class='ocrx_word' id='word_1_592' title='bbox 1804 2775 2065 2857; x_wconf 74' lang='grc' dir='ltr'><strong>ἀρέσκειν.</strong></span> <span class='ocrx_word' id='word_1_593' title='bbox 2118 2774 2232 2833; x_wconf 89' lang='lat' dir='ltr'>Sed</span> <span class='ocrx_word' id='word_1_594' title='bbox 2286 2771 2340 2831; x_wconf 74' lang='grc' dir='ltr'>δὲ</span> <span class='ocrx_word' id='word_1_595' title='bbox 2392 2792 2627 2849; x_wconf 83' lang='lat' dir='ltr'>quoque</span> <span class='ocrx_word' id='word_1_596' title='bbox 2669 2773 3081 2829; x_wconf 86' lang='lat' dir='ltr'>restituendum</span> <span class='ocrx_word' id='word_1_597' title='bbox 3129 2775 3261 2845; x_wconf 82' lang='lat' dir='ltr'>fuit,</span> <span class='ocrx_word' id='word_1_598' title='bbox 3302 2794 3377 2833; x_wconf 88' lang='lat' dir='ltr'>ne</span> 
     </span>
     <span class='ocr_line' id='line_1_78' title="bbox 1802 2861 3375 2940; baseline -0.001 -17"><span class='ocrx_word' id='word_1_599' title='bbox 1802 2861 2103 2923; x_wconf 79' lang='grc' dir='ltr'><strong>κολακεύειν</strong></span> <span class='ocrx_word' id='word_1_600' title='bbox 2122 2882 2351 2940; x_wconf 84' lang='lat' dir='ltr'>prorsus</span> <span class='ocrx_word' id='word_1_601' title='bbox 2387 2863 2446 2918; x_wconf 89' lang='lat' dir='ltr'>in</span> <span class='ocrx_word' id='word_1_602' title='bbox 2477 2863 2617 2918; x_wconf 87' lang='lat' dir='ltr'>thesi</span> <span class='ocrx_word' id='word_1_603' title='bbox 2654 2864 3056 2921; x_wconf 83' lang='lat' dir='ltr'>occultaretur.</span> <span class='ocrx_word' id='word_1_604' title='bbox 3092 2865 3181 2923; x_wconf 83' lang='lat' dir='ltr'>cf.</span> <span class='ocrx_word' id='word_1_605' title='bbox 3210 2864 3375 2921; x_wconf 88' lang='lat' dir='ltr'>Terei</span> 
     </span>
     <span class='ocr_line' id='line_1_79' title="bbox 1801 2949 3377 3034; baseline -0.003 -20"><span class='ocrx_word' id='word_1_606' title='bbox 1801 2957 2004 3034; x_wconf 78' lang='lat' dir='ltr'>fragm.</span> <span class='ocrx_word' id='word_1_607' title='bbox 2034 2974 2088 3031; x_wconf 85' lang='lat'>1,</span> <span class='ocrx_word' id='word_1_608' title='bbox 2114 2954 2173 3024; x_wconf 90' lang='grc'>3,</span> <span class='ocrx_word' id='word_1_609' title='bbox 2198 2954 2271 3011; x_wconf 87' lang='lat' dir='ltr'>de</span> <span class='ocrx_word' id='word_1_610' title='bbox 2292 2953 2493 3027; x_wconf 82' lang='lat' dir='ltr'>saepius</span> <span class='ocrx_word' id='word_1_611' title='bbox 2510 2952 2760 3008; x_wconf 85' lang='lat' dir='ltr'>confusis</span> <span class='ocrx_word' id='word_1_612' title='bbox 2788 2949 2843 3008; x_wconf 79' lang='grc' dir='ltr'>δὲ</span> <span class='ocrx_word' id='word_1_613' title='bbox 2871 2963 2929 3008; x_wconf 89' lang='grc'>01</span> <span class='ocrx_word' id='word_1_614' title='bbox 2952 2949 3055 3032; x_wconf 73' lang='grc' dir='ltr'><strong>γὰρ</strong></span> <span class='ocrx_word' id='word_1_615' title='bbox 3080 2955 3153 3010; x_wconf 83' lang='lat' dir='ltr'>ad</span> <span class='ocrx_word' id='word_1_616' title='bbox 3169 2955 3377 3030; x_wconf 78' lang='lat' dir='ltr'>Odyss.</span> 
     </span>
     <span class='ocr_line' id='line_1_80' title="bbox 1811 3039 2639 3119; baseline -0.005 -18"><span class='ocrx_word' id='word_1_617' title='bbox 1811 3063 1908 3114; x_wconf 89' lang='grc'>12,</span> <span class='ocrx_word' id='word_1_618' title='bbox 1938 3043 2074 3119; x_wconf 89' lang='grc'><strong>342,</strong></span> <span class='ocrx_word' id='word_1_619' title='bbox 2101 3042 2282 3098; x_wconf 91' lang='lat' dir='ltr'>Thuc.</span> <span class='ocrx_word' id='word_1_620' title='bbox 2316 3045 2372 3110; x_wconf 86' lang='grc'>4,</span> <span class='ocrx_word' id='word_1_621' title='bbox 2400 3039 2501 3114; x_wconf 87' lang='lat'>96,</span> <span class='ocrx_word' id='word_1_622' title='bbox 2529 3049 2639 3097; x_wconf 89' lang='lat' dir='ltr'>etc.</span> 
     </span>
    </p>
   </div>
   <div class='ocr_carea' id='block_1_17' title="bbox 2262 3182 2923 3244">
    <p class='ocr_par' dir='ltr' id='par_1_17' title="bbox 2262 3182 2923 3244">
     <span class='ocr_line' id='line_1_81' title="bbox 2262 3182 2923 3244; baseline -0.003 -2"><span class='ocrx_word' id='word_1_623' title='bbox 2262 3182 2473 3242; x_wconf 83' lang='lat' dir='ltr'>xxxl.</span> <span class='ocrx_word' id='word_1_624' title='bbox 2521 3182 2923 3244; x_wconf 80' lang='grc' dir='ltr'><strong>ΣΑΤΥΡΙΑΣ.</strong></span> 
     </span>
    </p>
   </div>
   <div class='ocr_carea' id='block_1_18' title="bbox 1799 3311 3378 3921">
    <p class='ocr_par' dir='ltr' id='par_1_18' title="bbox 1799 3311 3378 3744">
     <span class='ocr_line' id='line_1_82' title="bbox 1885 3311 3375 3386; baseline 0.003 -21"><span class='ocrx_word' id='word_1_625' title='bbox 1885 3339 1911 3365; x_wconf 71' lang='grc' dir='ltr'>ι</span> <span class='ocrx_word' id='word_1_626' title='bbox 1941 3315 2033 3372; x_wconf 90' lang='lat' dir='ltr'>Sic</span> <span class='ocrx_word' id='word_1_627' title='bbox 2070 3316 2131 3369; x_wconf 89' lang='lat' dir='ltr'>in</span> <span class='ocrx_word' id='word_1_628' title='bbox 2166 3312 2499 3384; x_wconf 77' lang='lat' dir='ltr'>melioribus</span> <span class='ocrx_word' id='word_1_629' title='bbox 2520 3311 2680 3366; x_wconf 86' lang='lat' dir='ltr'>libris</span> <span class='ocrx_word' id='word_1_630' title='bbox 2708 3313 3029 3386; x_wconf 82' lang='lat' dir='ltr'>appellatur</span> <span class='ocrx_word' id='word_1_631' title='bbox 3063 3315 3338 3370; x_wconf 85' lang='lat' dir='ltr'>comoedia</span> <span class='ocrx_word' id='word_1_632' title='bbox 3358 3357 3375 3385; x_wconf 91' lang='lat'>‚</span> 
     </span>
     <span class='ocr_line' id='line_1_83' title="bbox 1803 3394 3378 3480; baseline 0 -22"><span class='ocrx_word' id='word_1_633' title='bbox 1803 3403 1925 3459; x_wconf 86' lang='lat' dir='ltr'>aliis</span> <span class='ocrx_word' id='word_1_634' title='bbox 1958 3401 2341 3478; x_wconf 81' lang='lat' dir='ltr'>praebentibus</span> <span class='ocrx_word' id='word_1_635' title='bbox 2392 3394 2617 3475; x_wconf 86' lang='grc' dir='ltr'><strong>Σατύρῳ</strong></span> <span class='ocrx_word' id='word_1_636' title='bbox 2652 3417 2761 3474; x_wconf 89' lang='lat' dir='ltr'>pro</span> <span class='ocrx_word' id='word_1_637' title='bbox 2810 3398 3067 3479; x_wconf 68' lang='grc' dir='ltr'><strong>Σατυρίᾳ.</strong></span> <span class='ocrx_word' id='word_1_638' title='bbox 3117 3399 3378 3480; x_wconf 86' lang='grc' dir='ltr'><strong>Σατυρίας</strong></span> 
     </span>
     <span class='ocr_line' id='line_1_84' title="bbox 1799 3483 3371 3567; baseline -0.003 -18"><span class='ocrx_word' id='word_1_639' title='bbox 1799 3509 2013 3549; x_wconf 87' lang='lat' dir='ltr'>nomen</span> <span class='ocrx_word' id='word_1_640' title='bbox 2056 3489 2356 3566; x_wconf 86' lang='lat' dir='ltr'>proprium</span> <span class='ocrx_word' id='word_1_641' title='bbox 2412 3486 2614 3554; x_wconf 87' lang='lat' dir='ltr'>fuerit,</span> <span class='ocrx_word' id='word_1_642' title='bbox 2664 3483 2971 3543; x_wconf 79' lang='lat' dir='ltr'>formatum</span> <span class='ocrx_word' id='word_1_643' title='bbox 3025 3507 3054 3542; x_wconf 89' lang='lat' dir='ltr'>a</span> <span class='ocrx_word' id='word_1_644' title='bbox 3106 3487 3371 3567; x_wconf 62' lang='grc' dir='ltr'><strong>Σάτυρος,</strong></span> 
     </span>
     <span class='ocr_line' id='line_1_85' title="bbox 1801 3571 3377 3657; baseline -0.003 -20"><span class='ocrx_word' id='word_1_645' title='bbox 1801 3591 1868 3638; x_wconf 86' lang='grc'>111</span> <span class='ocrx_word' id='word_1_646' title='bbox 1895 3576 2151 3657; x_wconf 80' lang='grc' dir='ltr'><strong>Ἀριστίας</strong></span> <span class='ocrx_word' id='word_1_647' title='bbox 2170 3617 2187 3648; x_wconf 92' lang='grc'>,</span> <span class='ocrx_word' id='word_1_648' title='bbox 2222 3571 2513 3649; x_wconf 86' lang='grc' dir='ltr'><strong>Διδυμίας,</strong></span> <span class='ocrx_word' id='word_1_649' title='bbox 2546 3571 2841 3650; x_wconf 87' lang='grc' dir='ltr'><strong>Σκληρίας,</strong></span> <span class='ocrx_word' id='word_1_650' title='bbox 2879 3585 2945 3630; x_wconf 84' lang='grc'>111</span> <span class='ocrx_word' id='word_1_651' title='bbox 2976 3577 3182 3633; x_wconf 84' lang='lat' dir='ltr'>similia</span> <span class='ocrx_word' id='word_1_652' title='bbox 3208 3579 3377 3632; x_wconf 87' lang='lat' dir='ltr'>omit-</span> 
     </span>
     <span class='ocr_line' id='line_1_86' title="bbox 1803 3658 3126 3744; baseline -0.009 -18"><span class='ocrx_word' id='word_1_653' title='bbox 1803 3680 1948 3739; x_wconf 84' lang='lat' dir='ltr'>tam,</span> <span class='ocrx_word' id='word_1_654' title='bbox 1981 3667 2053 3725; x_wconf 88' lang='lat' dir='ltr'>ab</span> <span class='ocrx_word' id='word_1_655' title='bbox 2076 3665 2283 3744; x_wconf 81' lang='grc' dir='ltr'><strong>ἄριστος</strong></span> <span class='ocrx_word' id='word_1_656' title='bbox 2301 3707 2319 3740; x_wconf 87' lang='grc'>,</span> <span class='ocrx_word' id='word_1_657' title='bbox 2348 3662 2586 3736; x_wconf 83' lang='grc' dir='ltr'><strong>δίδυμος,</strong></span> <span class='ocrx_word' id='word_1_658' title='bbox 2615 3658 2856 3739; x_wconf 79' lang='grc' dir='ltr'><strong>σκληρός.</strong></span> <span class='ocrx_word' id='word_1_659' title='bbox 2888 3687 2913 3714; x_wconf 73' lang='grc' dir='ltr'><strong>υ</strong></span> <span class='ocrx_word' id='word_1_660' title='bbox 2953 3665 3009 3722; x_wconf 87' lang='grc' dir='ltr'><em>Ε</em></span> <span class='ocrx_word' id='word_1_661' title='bbox 3034 3665 3126 3723; x_wconf 82' lang='grc' dir='ltr'>Μ,</span> 
     </span>
    </p>

    <p class='ocr_par' dir='ltr' id='par_1_19' title="bbox 1804 3745 3377 3921">
     <span class='ocr_line' id='line_1_87' title="bbox 1884 3745 3377 3831; baseline -0.006 -16"><span class='ocrx_word' id='word_1_662' title='bbox 1884 3756 2094 3815; x_wconf 83' lang='lat' dir='ltr'>Athen.</span> <span class='ocrx_word' id='word_1_663' title='bbox 2118 3753 2176 3825; x_wconf 90' lang='grc'>3,</span> <span class='ocrx_word' id='word_1_664' title='bbox 2202 3774 2267 3831; x_wconf 93' lang='grc' dir='ltr'><strong>Ρ.</strong></span> <span class='ocrx_word' id='word_1_665' title='bbox 2294 3751 2396 3826; x_wconf 89' lang='grc'>95,</span> <span class='ocrx_word' id='word_1_666' title='bbox 2424 3751 2470 3812; x_wconf 88' lang='lat' dir='ltr'>C</span> <span class='ocrx_word' id='word_1_667' title='bbox 2502 3770 2515 3804; x_wconf 92' lang='lat'>:</span> <span class='ocrx_word' id='word_1_668' title='bbox 2550 3745 2803 3827; x_wconf 79' lang='grc' dir='ltr'><strong>ὠτάρια</strong></span> <span class='ocrx_word' id='word_1_669' title='bbox 2824 3747 2867 3807; x_wconf 85' lang='grc' dir='ltr'>δ’</span> <span class='ocrx_word' id='word_1_670' title='bbox 2886 3749 3129 3826; x_wconf 81' lang='grc' dir='ltr'><strong>ὠνόμασε</strong></span> <span class='ocrx_word' id='word_1_671' title='bbox 3156 3748 3247 3808; x_wconf 73' lang='grc' dir='ltr'>καὶ</span> <span class='ocrx_word' id='word_1_672' title='bbox 3276 3747 3377 3809; x_wconf 76' lang='grc' dir='ltr'>Ἂν.</span> 
     </span>
     <span class='ocr_line' id='line_1_88' title="bbox 1804 3841 2142 3921; baseline -0.015 -18"><span class='ocrx_word' id='word_1_673' title='bbox 1804 3845 1858 3903; x_wconf 71' lang='grc' dir='ltr'>ἐν</span> <span class='ocrx_word' id='word_1_674' title='bbox 1886 3841 2142 3921; x_wconf 71' lang='grc' dir='ltr'><strong>Σατυρίᾳ.</strong></span> 
     </span>
    </p>
   </div>
   <div class='ocr_carea' id='block_1_19' title="bbox 2227 3959 2949 4021">
    <p class='ocr_par' dir='ltr' id='par_1_20' title="bbox 2227 3959 2949 4021">
     <span class='ocr_line' id='line_1_89' title="bbox 2227 3959 2949 4021; baseline -0.007 0"><span class='ocrx_word' id='word_1_675' title='bbox 2227 3961 2475 4021; x_wconf 82' lang='lat' dir='ltr'>xxxn.</span> <span class='ocrx_word' id='word_1_676' title='bbox 2526 3959 2949 4020; x_wconf 82' lang='grc' dir='ltr'><strong>ΣΩΣΙΠΠΟΣ.</strong></span> 
     </span>
    </p>
   </div>
   <div class='ocr_carea' id='block_1_20' title="bbox 1805 4091 3393 4957">
    <p class='ocr_par' dir='ltr' id='par_1_21' title="bbox 1805 4091 3393 4957">
     <span class='ocr_line' id='line_1_90' title="bbox 1887 4091 3377 4166; baseline -0.005 -12"><span class='ocrx_word' id='word_1_677' title='bbox 1887 4123 1913 4148; x_wconf 77' lang='grc' dir='ltr'><strong>ιι</strong></span> <span class='ocrx_word' id='word_1_678' title='bbox 1942 4101 2231 4154; x_wconf 88' lang='lat' dir='ltr'>Incertum</span> <span class='ocrx_word' id='word_1_679' title='bbox 2258 4105 2369 4166; x_wconf 89' lang='lat' dir='ltr'>est,</span> <span class='ocrx_word' id='word_1_680' title='bbox 2398 4112 2474 4150; x_wconf 85' lang='lat' dir='ltr'>an</span> <span class='ocrx_word' id='word_1_681' title='bbox 2496 4093 2724 4149; x_wconf 87' lang='lat' dir='ltr'>dicatur</span> <span class='ocrx_word' id='word_1_682' title='bbox 2748 4093 3019 4166; x_wconf 87' lang='lat' dir='ltr'>Sosippus</span> <span class='ocrx_word' id='word_1_683' title='bbox 3059 4091 3175 4163; x_wconf 86' lang='lat' dir='ltr'>ille,</span> <span class='ocrx_word' id='word_1_684' title='bbox 3212 4109 3377 4148; x_wconf 90' lang='lat' dir='ltr'>com-</span> 
     </span>
     <span class='ocr_line' id='line_1_91' title="bbox 1805 4179 3379 4255; baseline -0.004 -13"><span class='ocrx_word' id='word_1_685' title='bbox 1805 4194 2150 4242; x_wconf 85' lang='lat' dir='ltr'>memoratus</span> <span class='ocrx_word' id='word_1_686' title='bbox 2178 4182 2444 4241; x_wconf 78' lang='lat' dir='ltr'>Athenaeo</span> <span class='ocrx_word' id='word_1_687' title='bbox 2474 4188 2534 4249; x_wconf 91' lang='grc'>4,</span> <span class='ocrx_word' id='word_1_688' title='bbox 2569 4179 2795 4255; x_wconf 80' lang='grc' dir='ltr'><strong>Ρ.’133,</strong></span> <span class='ocrx_word' id='word_1_689' title='bbox 2838 4181 2919 4248; x_wconf 87' lang='lat' dir='ltr'>F,</span> <span class='ocrx_word' id='word_1_690' title='bbox 2959 4179 3249 4250; x_wconf 85' lang='lat' dir='ltr'>Comicus,</span> <span class='ocrx_word' id='word_1_691' title='bbox 3282 4181 3379 4235; x_wconf 88' lang='lat' dir='ltr'>cui</span> 
     </span>
     <span class='ocr_line' id='line_1_92' title="bbox 1808 4265 3371 4346; baseline -0.007 -15"><span class='ocrx_word' id='word_1_692' title='bbox 1808 4274 2039 4331; x_wconf 88' lang='lat' dir='ltr'>fuerunt</span> <span class='ocrx_word' id='word_1_693' title='bbox 2095 4272 2196 4346; x_wconf 87' lang='lat' dir='ltr'>qui</span> <span class='ocrx_word' id='word_1_694' title='bbox 2250 4270 2469 4346; x_wconf 88' lang='lat' dir='ltr'>Diphili</span> <span class='ocrx_word' id='word_1_695' title='bbox 2526 4265 2909 4327; x_wconf 76' lang='grc' dir='ltr'><strong>Ἀπολιποῦσαν</strong></span> <span class='ocrx_word' id='word_1_696' title='bbox 2963 4266 3295 4324; x_wconf 86' lang='lat' dir='ltr'>tribuerent.</span> <span class='ocrx_word' id='word_1_697' title='bbox 3346 4292 3371 4320; x_wconf 69' lang='grc' dir='ltr'>ι»</span> 
     </span>
     <span class='ocr_line' id='line_1_93' title="bbox 1807 4363 3225 4420; baseline -0.005 -3"><span class='ocrx_word' id='word_1_698' title='bbox 1807 4365 1856 4417; x_wconf 83' lang='grc' dir='ltr'><em>Ε</em></span> <span class='ocrx_word' id='word_1_699' title='bbox 1871 4363 1957 4420; x_wconf 89' lang='lat' dir='ltr'>M.</span> <span class='ocrx_word' id='word_1_700' title='bbox 3216 4403 3225 4410; x_wconf 84' lang='lat'>.</span> 
     </span>
     <span class='ocr_line' id='line_1_94' title="bbox 1886 4429 3393 4518; baseline -0.006 -13"><span class='ocrx_word' id='word_1_701' title='bbox 1886 4449 2077 4505; x_wconf 84' lang='lat' dir='ltr'>Schol.</span> <span class='ocrx_word' id='word_1_702' title='bbox 2112 4446 2279 4506; x_wconf 82' lang='lat' dir='ltr'>Iliad.</span> <span class='ocrx_word' id='word_1_703' title='bbox 2328 4445 2428 4515; x_wconf 91' lang='grc'>23,</span> <span class='ocrx_word' id='word_1_704' title='bbox 2487 4464 2541 4516; x_wconf 93' lang='grc'>1,</span> <span class='ocrx_word' id='word_1_705' title='bbox 2573 4440 2810 4500; x_wconf 87' lang='grc' dir='ltr'><strong>πτόλιν</strong></span> <span class='ocrx_word' id='word_1_706' title='bbox 2861 4439 3081 4499; x_wconf 75' lang='grc' dir='ltr'><strong>ιπόλιν.</strong></span> <span class='ocrx_word' id='word_1_707' title='bbox 3126 4429 3393 4518; x_wconf 69' lang='grc' dir='ltr'><strong>Κυπρίων</strong></span> 
     </span>
     <span class='ocr_line' id='line_1_95' title="bbox 1807 4525 3379 4608; baseline -0.006 -14"><span class='ocrx_word' id='word_1_708' title='bbox 1807 4537 1915 4594; x_wconf 80' lang='grc' dir='ltr'>τῶν</span> <span class='ocrx_word' id='word_1_709' title='bbox 1944 4536 2002 4593; x_wconf 74' lang='grc' dir='ltr'><strong>ἐκ</strong></span> <span class='ocrx_word' id='word_1_710' title='bbox 2032 4533 2299 4608; x_wconf 81' lang='grc' dir='ltr'><strong>Σαλαμῖνι</strong></span> <span class='ocrx_word' id='word_1_711' title='bbox 2336 4534 2371 4602; x_wconf 79' lang='grc' dir='ltr'>ἡ</span> <span class='ocrx_word' id='word_1_712' title='bbox 2401 4529 2554 4598; x_wconf 71' lang='grc' dir='ltr'><strong>λέξις.</strong></span> <span class='ocrx_word' id='word_1_713' title='bbox 2591 4537 2761 4588; x_wconf 82' lang='grc' dir='ltr'><strong>κεῖται</strong></span> <span class='ocrx_word' id='word_1_714' title='bbox 2790 4526 2845 4586; x_wconf 78' lang='grc' dir='ltr'>δὲ</span> <span class='ocrx_word' id='word_1_715' title='bbox 2880 4527 2973 4587; x_wconf 76' lang='grc' dir='ltr'>καὶ</span> <span class='ocrx_word' id='word_1_716' title='bbox 3000 4525 3146 4605; x_wconf 70' lang='grc' dir='ltr'><strong>παρὰ</strong></span> <span class='ocrx_word' id='word_1_717' title='bbox 3174 4529 3249 4605; x_wconf 77' lang='grc' dir='ltr'><strong>τῷ</strong></span> <span class='ocrx_word' id='word_1_718' title='bbox 3270 4550 3379 4585; x_wconf 82' lang='grc' dir='ltr'><strong>κω-</strong></span> 
     </span>
     <span class='ocr_line' id='line_1_96' title="bbox 1810 4616 3380 4702; baseline -0.006 -19"><span class='ocrx_word' id='word_1_719' title='bbox 1810 4627 1951 4702; x_wconf 79' lang='grc' dir='ltr'><strong>μικῷ</strong></span> <span class='ocrx_word' id='word_1_720' title='bbox 1988 4619 2348 4699; x_wconf 73' lang='grc' dir='ltr'><strong>Ἀλεξανδρίδῃ</strong></span> <span class='ocrx_word' id='word_1_721' title='bbox 2390 4619 2527 4698; x_wconf 88' lang='lat' dir='ltr'>(sic)</span> <span class='ocrx_word' id='word_1_722' title='bbox 2566 4619 2621 4676; x_wconf 80' lang='grc' dir='ltr'>ἐν</span> <span class='ocrx_word' id='word_1_723' title='bbox 2664 4616 2964 4696; x_wconf 81' lang='grc' dir='ltr'><strong>Σωσίππῳ.</strong></span> <span class='ocrx_word' id='word_1_724' title='bbox 2995 4641 3020 4668; x_wconf 73' lang='grc' dir='ltr'>α</span> <span class='ocrx_word' id='word_1_725' title='bbox 3048 4617 3380 4674; x_wconf 83' lang='lat' dir='ltr'>Heraclides</span> 
     </span>
     <span class='ocr_line' id='line_1_97' title="bbox 1811 4702 3378 4784; baseline -0.007 -16"><span class='ocrx_word' id='word_1_726' title='bbox 1811 4712 2057 4768; x_wconf 82' lang='lat' dir='ltr'>Eustath.</span> <span class='ocrx_word' id='word_1_727' title='bbox 2089 4728 2143 4784; x_wconf 90' lang='lat' dir='ltr'>p.</span> <span class='ocrx_word' id='word_1_728' title='bbox 2174 4710 2307 4780; x_wconf 89' lang='grc'><strong>842,</strong></span> <span class='ocrx_word' id='word_1_729' title='bbox 2327 4708 2401 4764; x_wconf 89' lang='grc'><strong>62</strong></span> <span class='ocrx_word' id='word_1_730' title='bbox 2419 4750 2436 4778; x_wconf 96' lang='grc'>,</span> <span class='ocrx_word' id='word_1_731' title='bbox 2460 4703 2718 4780; x_wconf 84' lang='grc' dir='ltr'><strong>πτόλεμος</strong></span> <span class='ocrx_word' id='word_1_732' title='bbox 2742 4717 2799 4762; x_wconf 91' lang='grc'>01</span> <span class='ocrx_word' id='word_1_733' title='bbox 2831 4702 3012 4768; x_wconf 89' lang='grc' dir='ltr'><strong>πτόλις</strong></span> <span class='ocrx_word' id='word_1_734' title='bbox 3039 4702 3378 4778; x_wconf 81' lang='lat' dir='ltr'>Cypriorum</span> 
     </span>
     <span class='ocr_line' id='line_1_98' title="bbox 1808 4787 3373 4878; baseline -0.005 -22"><span class='ocrx_word' id='word_1_735' title='bbox 1808 4810 1867 4856; x_wconf 90' lang='lat' dir='ltr'>et</span> <span class='ocrx_word' id='word_1_736' title='bbox 1896 4800 2213 4856; x_wconf 81' lang='lat' dir='ltr'>Atticorum</span> <span class='ocrx_word' id='word_1_737' title='bbox 2240 4794 2329 4876; x_wconf 83' lang='lat' dir='ltr'>(v.</span> <span class='ocrx_word' id='word_1_738' title='bbox 2362 4795 2615 4868; x_wconf 69' lang='lat' dir='ltr'>AEschyl.</span> <span class='ocrx_word' id='word_1_739' title='bbox 2636 4793 2816 4850; x_wconf 88' lang='lat' dir='ltr'>Theb.</span> <span class='ocrx_word' id='word_1_740' title='bbox 2853 4791 2911 4863; x_wconf 89' lang='grc'>6,</span> <span class='ocrx_word' id='word_1_741' title='bbox 2938 4792 3136 4878; x_wconf 88' lang='lat' dir='ltr'>Eurip.</span> <span class='ocrx_word' id='word_1_742' title='bbox 3169 4787 3373 4863; x_wconf 90' lang='lat' dir='ltr'>Suppl.</span> 
     </span>
     <span class='ocr_line' id='line_1_99' title="bbox 1812 4875 3377 4957; baseline -0.009 -13"><span class='ocrx_word' id='word_1_743' title='bbox 1812 4885 1949 4957; x_wconf 86' lang='lat'><strong>705,</strong></span> <span class='ocrx_word' id='word_1_744' title='bbox 1988 4886 2196 4943; x_wconf 85' lang='lat' dir='ltr'>Bacch.</span> <span class='ocrx_word' id='word_1_745' title='bbox 2236 4892 2365 4956; x_wconf 87' lang='grc'><strong>174,</strong></span> <span class='ocrx_word' id='word_1_746' title='bbox 2403 4882 2622 4939; x_wconf 85' lang='lat' dir='ltr'>collatis</span> <span class='ocrx_word' id='word_1_747' title='bbox 2661 4879 2828 4938; x_wconf 89' lang='lat' dir='ltr'>Iliad.</span> <span class='ocrx_word' id='word_1_748' title='bbox 2865 4898 2917 4949; x_wconf 83' lang='lat'>1,</span> <span class='ocrx_word' id='word_1_749' title='bbox 2952 4885 3107 4952; x_wconf 84' lang='grc'><strong>492;</strong></span> <span class='ocrx_word' id='word_1_750' title='bbox 3152 4895 3213 4945; x_wconf 89' lang='grc'>2,</span> <span class='ocrx_word' id='word_1_751' title='bbox 3242 4875 3377 4948; x_wconf 90' lang='grc'><strong>328,</strong></span> 
     </span>
    </p>
   </div>
   <div class='ocr_carea' id='block_1_21' title="bbox 1807 5049 2925 5292">
    <p class='ocr_par' dir='ltr' id='par_1_22' title="bbox 1807 5049 2925 5292">
     <span class='ocr_line' id='line_1_100' title="bbox 1807 5049 2885 5127; baseline -0.008 -16"><span class='ocrx_word' id='word_1_752' title='bbox 1807 5055 1902 5127; x_wconf 87' lang='lat' dir='ltr'>qui</span> <span class='ocrx_word' id='word_1_753' title='bbox 1926 5070 2075 5111; x_wconf 85' lang='lat' dir='ltr'>nunc</span> <span class='ocrx_word' id='word_1_754' title='bbox 2099 5068 2162 5110; x_wconf 89' lang='lat' dir='ltr'>eo</span> <span class='ocrx_word' id='word_1_755' title='bbox 2190 5069 2349 5126; x_wconf 83' lang='lat' dir='ltr'>ungu</span> <span class='ocrx_word' id='word_1_756' title='bbox 2367 5051 2541 5125; x_wconf 73' lang='lat' dir='ltr'>pedes</span> <span class='ocrx_word' id='word_1_757' title='bbox 2568 5049 2885 5108; x_wconf 78' lang='lat' dir='ltr'>Callisti-ati.</span> 
     </span>
     <span class='ocr_line' id='line_1_101' title="bbox 2464 5139 2711 5195; baseline -0.016 0"><span class='ocrx_word' id='word_1_758' title='bbox 2464 5139 2711 5195; x_wconf 76' lang='lat' dir='ltr'>SAMlA.</span> 
     </span>
     <span class='ocr_line' id='line_1_102' title="bbox 1813 5220 2925 5292; baseline -0.015 -6"><span class='ocrx_word' id='word_1_759' title='bbox 1813 5227 2039 5286; x_wconf 65' lang='lat' dir='ltr'>Adulas-i</span> <span class='ocrx_word' id='word_1_760' title='bbox 2062 5232 2245 5282; x_wconf 84' lang='lat' dir='ltr'>autem</span> <span class='ocrx_word' id='word_1_761' title='bbox 2274 5240 2421 5282; x_wconf 85' lang='lat' dir='ltr'>nunc</span> <span class='ocrx_word' id='word_1_762' title='bbox 2450 5231 2669 5280; x_wconf 74' lang='lat' dir='ltr'>vocatur</span> <span class='ocrx_word' id='word_1_763' title='bbox 2685 5220 2925 5292; x_wconf 76' lang='lat' dir='ltr'>placere.</span> 
     </span>
    </p>
   </div>
  </div>
 </body>
</html>
