3809 5850
393 427 464 477 82
1378 410 1787 470 COMOEDlAE
1834 406 2164 468 VETEms
2209 406 2612 479 RELlQUIAE.

390 561 737 605 accesserunt
762 567 827 603 cx
855 549 956 604 Ms.
985 548 1279 602 Dictziano
1305 563 1317 601 :
1342 545 1551 617 quibus
1574 545 1757 598 verbis
1779 560 1956 615 quum
2051 542 2224 597 titulis
2243 560 2344 595 suo
2367 558 2548 609 inore,
2583 538 2640 592 id
2663 548 2742 593 est
2781 538 2946 591 docte
2971 547 3024 591 et
3059 535 3354 609 sagaciter,
3379 534 3620 589 instituit

388 658 502 691 non
532 656 563 691 a
592 641 775 706 Vesta,
802 634 899 690 sed
929 635 1001 689 ab
1029 636 1171 689 Jove
1190 677 1207 705 ‚
1237 633 1459 687 initium
1484 630 1612 705 fiat,
1638 640 1792 686 recte
1816 628 1954 685 Mei-

388 728 515 781 nelr.
538 728 637 781 ista
657 768 672 794 ,
696 742 822 799 quae
845 722 1190 780 antecedunt
1207 762 1222 792 ,
1256 733 1466 777 temere
1503 719 1743 793 repetita
1772 732 1841 775 ex
1861 735 1955 771 su·

2050 628 2360 683 Meinekius
2384 629 2422 682 l.
2459 646 2512 682 c.
2541 645 2602 701 p.
2637 624 2846 699 69-86,
2879 624 2950 679 ad
2976 641 3144 698 quem
3173 632 3230 678 te
3255 622 3614 677 remittimus.

2049 718 2166 771 Nos
2193 717 2400 788 cuique
2419 714 2619 771 fabulae
2648 711 2808 787 quod
2827 722 3044 768 certum
3069 721 3127 766 et
3150 707 3514 784 exploratum
3539 709 3620 761 vi-

386 814 728 889 perioribus,
742 834 781 867 a
804 814 971 867 Vesta
988 814 1277 884 incipiens,
1292 807 1543 882 expungi
1555 804 1739 877 jussit.
1757 804 1950 859 Schol.
2049 805 2217 861 detur
2239 804 2644 861 adscribemus.

390 906 522 958 Ven.
549 900 623 957 ad
645 898 936 975 Aristoph.
964 900 1133 972 Vesp.
1162 895 1274 960 842
1306 916 1317 949 :
1352 888 1533 951 ἔστιδὲ
1560 889 1819 969 παροιμία
1838 887 1956 969 Ἀφ’

390 987 657 1053 Ἑστίας
705 984 956 1065 ἄρχου,
988 981 1355 1057 μετενήνεκται
1393 978 1447 1038 δὲ
1478 977 1583 1035 ἀπὸ
1610 980 1715 1036 τῶν
1744 977 1862 1057 περὶ
1890 976 1958 1035 τὰ

389 1074 504 1153 ἱερὰ
533 1072 871 1147 καθημένων·
903 1076 968 1149 τῇ
997 1068 1097 1150 γὰρ
1122 1068 1313 1149 Ἑστίᾳ
1352 1066 1444 1134 τὰς
1468 1064 1712 1145 ἀπαρχὰς
1750 1064 1859 1132 ἔθος
1896 1056 1959 1136 ἦν

390 1166 679 1237 ποιεῖσθαι·
713 1162 801 1220 καὶ
834 1161 1106 1241 Σοφοκλῆς
1140 1161 1193 1217 ἐν
1224 1156 1433 1236 Χρύσῃ·

470 1274 544 1343 ’Ὦ
574 1284 760 1362 πρῷρα
786 1280 967 1350 λοιὸἧς
996 1278 1185 1339 Ἑστία
1206 1324 1222 1349 ,
1248 1276 1419 1339 κλύεις
1451 1276 1605 1349 τάδε,

1129 1404 1220 1460 16.

478 1544 497 1561 υ
546 1512 812 1592 Ἀχράδων
833 1510 1092 1591 πρόσφερε
1114 1538 1138 1563 υ
1170 1513 1405 1568 Cratetis
1426 1514 1596 1569 verba
1618 1513 1883 1586 leguntur
1904 1513 1962 1566 in

392 1604 520 1658 loco
540 1602 913 1677 grammatici,
934 1601 1008 1656 de
1028 1600 1356 1673 conjectura
1376 1602 1637 1657 restituto
1662 1600 1736 1655 ad
1767 1602 1964 1676 Eupo-

394 1690 522 1746 lidis
562 1690 629 1750 t'r.
680 1690 716 1745 8
761 1693 1237 1745 Astrateutorum.
1284 1688 1535 1743 Dubium
1591 1688 1744 1743 aliud
1792 1689 1965 1743 habes

392 1781 448 1833 in
484 1779 815 1853 Antiphanis
844 1776 1046 1851 fragm.
1080 1777 1299 1831 incerto
1323 1776 1424 1835 68.

1092 2082 1249 2139 vm.

732 2299 740 2308 .
852 2228 1508 2299 PHERECRATES.
1618 2176 1629 2187 ⁶

478 2388 838 2445 Pherecrates
880 2386 1236 2441 Atheniensis
1287 2386 1755 2459 praestantissimis
1812 2388 1962 2443 anti-

400 2494 523 2547 quae
548 2474 841 2531 comoediae
866 2474 1050 2549 poetis
1083 2485 1410 2529 accensetur
1436 2474 1508 2529 ab
1544 2478 1855 2549 Anonymo
1886 2475 1968 2533 De

400 2562 680 2617 comoedia
712 2581 771 2635 p.
805 2581 927 2621 xiv,
962 2562 1073 2633 Qui
1121 2562 1287 2635 plura
1321 2581 1378 2635 p.
1416 2580 1489 2615 xv
1524 2582 1535 2615 :
1586 2560 1965 2639 Φερεκράτης,

398 2648 659 2718 Ἀθηναῖος
678 2690 693 2717 ,
721 2654 841 2725 νικᾷ
876 2646 964 2704 ἐπὶ
1007 2645 1258 2725 θεάτρου,
1283 2646 1556 2724 γενόμενος
1601 2647 1652 2704 δὲ
1682 2648 1967 2727 ὖπόπικρος

403 2739 513 2812 (sic
549 2737 799 2793 correxit
823 2732 1163 2792 Dindorfius
1201 2734 1361 2809 quod
1393 2736 1715 2809 legebatur,
1753 2736 1964 2811 γινόμε-

398 2845 549 2899 μενος
568 2868 583 2895 ,
612 2827 639 2881 ὁ
662 2822 715 2881 δὲ
738 2820 1055 2902 ὑποκριτὴς)
1078 2822 1309 2893 ἐζήλωκε
1344 2820 1597 2899 Κράτητα
1616 2867 1632 2895 ,
1660 2821 1751 2880 καὶ
1780 2814 1849 2881 αῧ
1874 2828 1967 2883 τοῦ

398 2908 491 2987 μὲν
539 2910 785 2989 λοιδορεῖν
846 2908 1046 2980 ἀπέστη
1064 2951 1081 2978 ,
1137 2908 1431 2988 πράγματα
1502 2909 1559 2968 δὲ
1608 2910 1970 2990 εἰσηγούμενος

398 2999 553 3058 καινὰ
598 2999 869 3076 ηὐδοκίμει
889 3043 905 3070 ,
950 2999 1222 3077 γενόμενος
1264 2997 1516 3077 εὑρετικὸς
1562 2998 1762 3072 μύθων.
1800 3003 1970 3060 Unde

399 3100 636 3164 apparet
686 3089 945 3146 festivum
1002 3101 1058 3146 et
1100 3089 1405 3144 hilaritatis
1453 3088 1687 3164 plenum
1731 3089 1969 3161 jocandi

398 3197 575 3252 genus
614 3189 871 3233 secutum
912 3197 1029 3234 esse
1059 3179 1459 3234 Pherecratem
1494 3177 1810 3236 imitatione
1834 3179 1970 3238 Cra-

398 3269 527 3321 tetis
544 3307 561 3340 ,
584 3277 640 3320 et
676 3275 1007 3340 argumenta
1031 3267 1306 3322 continua
1333 3265 1628 3323 invenisse.
1662 3267 1860 3342 Neque
1889 3279 1969 3324 ta·

398 3373 527 3409 men
570 3373 698 3409 cum
739 3373 773 3409 a
801 3355 1152 3428 singulorum
1182 3353 1481 3409 hominum
1517 3354 1974 3412 cavillationibus

398 3443 727 3498 abstinuisse
755 3441 1067 3518 fragmenta
1086 3441 1319 3500 docent.
1356 3442 1425 3500 In
1450 3443 1743 3518 prioribus
1780 3445 1974 3501 verbis

400 3533 683 3606 Anonymi
706 3528 1137 3587 incommodum
1162 3530 1318 3587 istud
1337 3526 1426 3587 hri
1444 3527 1662 3607 θεάτρου
1682 3543 1837 3589 recte
1848 3551 1974 3588 cor-

399 3623 605 3676 rexisse
632 3621 859 3676 videtur
887 3621 1193 3690 DobraeuS,
1236 3625 1357 3699 νικᾷ
1400 3617 1487 3676 ἐπὶ
1521 3617 1831 3698 Θεοδώρου,
1879 3640 1970 3679 ar-

400 3710 607 3764 chonte
634 3711 766 3763 anni
794 3707 826 3763 3
865 3708 1211 3782 olympiadis
1232 3708 1450 3766 LXXV
1478 3707 1557 3785 (a.
1576 3709 1710 3768 Chr.
1738 3709 1897 3783 438).
1927 3714 1975 3766 A

402 3797 730 3870 Phrynicho
752 3795 1006 3870 sophista
1033 3816 1123 3870 ap.
1144 3798 1341 3871 Steph.
1366 3799 1498 3869 Byz.
1533 3816 1595 3870 p.
1631 3797 1703 3863 43
1732 3797 1974 3871 aliisque

400 3897 643 3939 vocatur
671 3895 839 3958 poeta
868 3881 1220 3950 ἀττικώταιιος
1238 3930 1252 3955 ,
1280 3896 1527 3958 suntque
1558 3886 1617 3940 in
1648 3885 1976 3960 fragmentis

403 3983 459 4027 et
484 3972 693 4047 ingenii
720 3981 779 4026 et
810 3973 1100 4046 elegantiae
1125 3973 1439 4048 specimina
1457 3973 1723 4045 plurima.
1754 3975 1974 4030 Nihilo-

404 4063 588 4114 minus
632 4061 850 4114 insolita
892 4059 1152 4134 quaedain
1184 4071 1239 4115 et
1268 4079 1298 4114 a
1325 4056 1590 4133 priorum
1628 4061 1689 4114 in
1730 4060 1976 4118 dicendo

405 4151 701 4204 severitate
718 4147 1041 4205 recedentia
1064 4147 1236 4204 docte
1256 4149 1479 4204 notavit
1498 4148 1811 4206 Meinekius
1827 4152 1972 4210 Hist.

408 4240 513 4292 crit
554 4241 718 4294 Com.
744 4257 804 4312 p.
836 4237 911 4306 67
932 4255 1049 4309 seq.
1076 4240 1163 4292 De
1180 4247 1367 4293 metro
1398 4237 1789 4308 Pherecratem
1816 4240 1976 4313 quod

407 4344 465 4380 se
494 4327 742 4400 primum
767 4325 1041 4380 invenisse
1068 4326 1345 4399 gloriatur
1366 4326 1425 4379 in
1448 4324 1650 4399 fragm.
1683 4325 1716 4381 5
1748 4326 1974 4403 Κοριαν·

408 4415 551 4485 νοῦς,
588 4411 901 4486 disputavit
932 4413 1245 4468 Hermann.
1290 4414 1488 4470 Doctr.
1530 4423 1696 4472 metr.
1726 4432 1787 4487 p.
1838 4413 1973 4481 431..

410 4500 648 4554 Fabulas
676 4518 805 4555 eum
842 4495 1104 4556 dohtisse
1138 4502 1433 4555 octodecim
1460 4512 1661 4556 auctor
1694 4512 1773 4556 est
1815 4506 1976 4558 Ano-

410 4606 637 4660 nymus;
674 4588 918 4643 sedecim
968 4588 1146 4643 modo
1184 4600 1484 4644 numerant
1532 4588 1735 4646 Suidas
1766 4599 1821 4645 et
1858 4593 1978 4644 Eu·-

410 4675 597 4734 docia.
646 4678 727 4730 De
753 4677 1044 4731 nonnullis
1060 4676 1215 4754 'infra
1246 4677 1565 4732 videbimus
1590 4679 1832 4732 incertos
1857 4678 1978 4732 hae-

410 4768 542 4819 sisse
570 4774 785 4820 veteres
814 4766 1044 4819 criticos
1076 4766 1147 4820 ad
1171 4783 1340 4838 quem
1370 4777 1601 4838 poetam
1630 4776 1809 4821 essent
1834 4766 1982 4821 rese-

2107 954 2150 1011 1.
2198 951 2510 1021 ΑΓΑΘΟΙ,
2543 952 2588 1008 Η
2635 946 3016 1009 ΑΡΓΥΡΙΟΥ
3077 944 3562 1005 ΑΦΑΝΙΣΜΟΣ.

2134 1255 2338 1312 Athen.
2370 1272 2452 1321 10,
2483 1272 2546 1331 p.
2567 1250 2704 1323 415,
2726 1252 2789 1323 C,
2807 1268 3040 1309 voraces
3057 1248 3340 1325 quosdam
3359 1246 3630 1308 homines

2054 1362 2508 1401 commemorans
2542 1364 2554 1397 :
2590 1340 2818 1406 τοιοῦτός
2843 1340 2956 1397 ἐστι
2983 1338 3077 1396 καὶ
3101 1341 3130 1397 ὁ
3165 1336 3312 1415 παρὰ
3339 1336 3628 1415 Φερεκρά·

2053 1452 2129 1489 τει
2159 1428 2194 1499 ἢ
2225 1430 2507 1510 Στράττιδι
2532 1430 2586 1487 ἐν
2615 1427 2878 1504 Ἀγαθοῖς,
2903 1420 3024 1504 περὶ
3047 1416 3106 1483 οὗ
3125 1446 3283 1505 φησιν

2165 1596 2224 1643 α.
2263 1566 2402 1664 Ἐγὼ
2437 1568 2734 1636 κατεσθίω
2765 1568 2938 1660 μόλις
2969 1576 3080 1644 τῆς
3112 1566 3336 1658 ἡμέρας

2153 1668 2766 1769 πένθ’*ἡμιμέδιμν’,
2801 1671 2900 1738 ἐὰν
2935 1667 3261 1763 βιάζωμαι.
3307 1675 3368 1755 β.
3395 1670 3634 1751 Μόλις;

2159 1790 2236 1861 ὡς
2256 1783 2596 1876 ὀλιγόσιτος
2623 1778 2750 1853 ἧσθ’
2785 1774 2900 1871 ἄρ’,
2929 1776 2993 1856 ὃς
3018 1777 3348 1855 κατεσθίεις

2155 1900 2266 1966 τῆς
2294 1892 2514 1981 ἡμέρας
2545 1890 2772 1978 μακρᾶς
2804 1887 3076 1976 τριήρους
3099 1883 3280 1952 σιτία.

2061 2046 2576 2116 Duos-postremos
2614 2058 2808 2096 versus
2843 2038 3007 2113 ponit
3063 2036 3213 2092 idem
3275 2036 3333 2106 6,
3366 2053 3427 2109 p.
3485 2034 3630 2103 248,

2060 2130 2138 2199 C,
2171 2126 2565 2205 ὀλιγοσίτου
2613 2123 2667 2183 δὲ
2719 2123 2982 2201 μέμνηται
3031 2121 3296 2201 Φρύνιχος
3337 2121 3392 2179 ἐν
3445 2122 3636 2180 Μονο-

2061 2217 2307 2296 τρόπῳ...
2337 2214 2427 2274 καὶ
2449 2214 2525 2273 Φ.
2551 2212 2586 2283 ἢ
2616 2212 2872 2291 Στράττις
2890 2214 2943 2269 ἐν
2975 2210 3082 2289 Ἀγ.
3113 2237 3140 2261 ιι
3163 2208 3258 2276 Ὧς
3281 2210 3418 2287 ὀλιγ.
3445 2211 3574 2269 κτλ.
3611 2236 3634 2259 ⁸

2061 2309 2234 2362 Versu
2292 2324 2312 2359 1
2363 2303 2696 2359 melioribus
2735 2301 2986 2356 numeris
3027 2300 3183 2374 legas
3211 2294 3316 2373 ἐγὼ
3343 2294 3499 2371 μόλις
3525 2316 3634 2352 κα-

2061 2391 2266 2450 τεσθίω.
2306 2395 2508 2450 Versus
2545 2408 2579 2445 a
2619 2408 2742 2446 non
2777 2399 2858 2445 est
2891 2387 3263 2459 modulatior,
3291 2402 3488 2459 neque
3515 2388 3634 2439 usi·

2063 2492 2240 2537 tatum
2265 2477 2635 2555 ἡμιμέδιμνον.
2657 2480 2850 2551 Quare
2869 2487 3104 2553 poetam
3132 2474 3340 2531 dixisse
3373 2473 3636 2529 arbitror

2061 2566 2204 2625 πένθ’
2225 2564 2576 2643 ἠμιμεδίμνι’,
2617 2562 2680 2621 ἂν
2709 2577 2847 2634 etc„
2873 2565 3114 2621 ridicule
3141 2572 3418 2636 usurpato
3449 2561 3634 2617 demi·

2060 2657 2259 2713 nutivo
2275 2696 2293 2725 ,
2319 2656 2482 2729 quasi
2508 2672 2686 2729 parva
2711 2652 2834 2710 visa
2859 2654 2967 2709 hac
2993 2667 3258 2707 mensura
3285 2650 3510 2705 homini
3537 2668 3638 2705 vo·

2062 2745 2200 2799 raci.
2237 2745 2305 2799 V.
2355 2742 2388 2799 3
2425 2732 2562 2812 ἦσθα
2610 2741 2830 2797 dietum
2857 2740 3149 2807 aoristice,
3186 2748 3252 2793 ut
3291 2738 3495 2811 saepius
3523 2739 3636 2791 im·

2060 2832 2395 2907 perfectum.
2437 2830 2810 2907 Exaggeratio
2853 2825 3076 2885 comica
3115 2842 3236 2884 non
3277 2824 3422 2900 fugit
3466 2826 3636 2881 Boec·

2062 2918 2260 2976 Rhium
2299 2920 2521 2981 OEcon.
2569 2923 2688 2976 Att.
2734 2938 2790 2992 ι,
2827 2937 2889 2993 p.
2929 2917 3065 2991 309.
3096 2913 3366 2989 Bergkius
3395 2931 3639 2988 quoque

2061 3011 2406 3066 Commentt.
2437 3027 2500 3083 p.
2525 3005 2642 3062 286
2671 3005 2896 3062 curiose
2919 3005 3039 3060 haec
3069 3001 3142 3060 ad
3165 3001 3446 3058 calculum
3474 3018 3642 3057 revo-

2063 3097 2248 3154 canda
2275 3115 2392 3154 esse
2431 3107 2637 3170 negat,
2672 3093 2986 3169 siquidem,
3032 3110 3209 3165 quum
3243 3091 3467 3146 triremi
3506 3089 3639 3163 ple-

2063 3201 2306 3258 rumque
2359 3183 2590 3239 ducenti
2641 3181 2894 3255 impositi
2944 3179 3156 3234 suerint
3207 3176 3482 3251 remiges,
3533 3177 3638 3250 qui

2063 3273 2374 3329 cboenicem
2406 3269 2522 3328 cibi
2553 3269 2912 3344 accipiebant
2943 3268 3002 3322 in
3028 3266 3214 3335 diem,
3247 3264 3431 3339 longae
3477 3265 3644 3318 navis

2064 3361 2280 3417 cibaria
2315 3359 2652 3434 quotidiana
2685 3363 2718 3422 4
2745 3357 3064 3414 medimnos
3101 3371 3234 3410 cum
3269 3351 3518 3408 sextario
3547 3351 3638 3406 ef-

2065 3451 2322 3507 fecerint.
2349 3449 2510 3504 Idem
2549 3449 2637 3502 vir
2656 3446 3014 3502 doctissimus
3039 3444 3120 3498 ib.
3151 3460 3209 3520 p.
3238 3439 3374 3511 286,
3413 3439 3636 3495 Phere-

2065 3549 2305 3604 cratem,
2340 3537 2458 3591 sive
2481 3552 2882 3609 quemcunque
2904 3533 3080 3588 alium
3099 3571 3116 3600 ,
3140 3531 3200 3584 in
3215 3529 3324 3584 bae
3349 3527 3640 3584 comoedia

2067 3624 2224 3698 quasi
2271 3641 2506 3680 aureum
2546 3620 2840 3696 quoddam
2877 3619 3144 3675 saeculum
3185 3633 3480 3672 reversum
3521 3613 3638 3669 fin·-

2067 3714 2207 3767 xisse
2235 3721 2433 3786 putat,
2460 3728 2638 3784 quum
2675 3719 2974 3784 argentum
3007 3705 3355 3772 evanuisset,
3389 3702 3555 3775 cujus
3579 3703 3642 3758 il-

2069 3799 2306 3854 lecebris
2332 3816 2452 3853 non
2475 3807 2805 3870 corruptos,
2833 3806 2900 3850 ut
2920 3804 3150 3870 postea,
3187 3791 3451 3848 homines
3473 3791 3642 3844 inno·

2068 3897 2256 3942 centes
2298 3887 2536 3942 otiosam
2562 3896 2620 3941 et
2649 3885 2879 3940 beatam
2904 3885 3078 3939 vitam
3113 3882 3306 3955 egisse.
3345 3878 3534 3951 Hujus
3557 3881 3638 3934 si·

2067 3972 2200 4030 mile
2223 3984 2622 4049 argumentum
2649 3972 2757 4028 fuit
2791 3971 3038 4028 Cratetis
3081 3971 3144 4025 in
3177 3965 3433 4044 Θηρίοις,
3465 3985 3642 4040 quem

2069 4061 2357 4118 aemulatus
2379 4080 2498 4117 esse
2530 4061 2744 4118 dicitur
2766 4059 3150 4117 Pherecrates.
3188 4051 3522 4130 Anonymus
3554 4055 3644 4108 De

2069 4149 2348 4206 comoedia
2384 4169 2396 4203 ε
2446 4147 2854 4225 Φερεκράτης...
2883 4145 3113 4214 ἐζήλωκε
3147 4140 3427 4220 Κράτητα,
3449 4135 3542 4196 καὶ
3575 4128 3644 4196 αὖ

2069 4240 2158 4294 τοῦ
2187 4237 2282 4312 μὲν
2309 4236 2562 4314 λοιδορεῖν
2592 4233 2798 4305 ἀπέστη
2818 4278 2836 4312 ,
2865 4231 3160 4310 πράγματα
3194 4227 3248 4286 δὲ
3270 4224 3644 4302 εἰσηγούμενος

2069 4323 2227 4382 καινὰ
2245 4323 2519 4398 ηὐδοκίμει
2537 4321 2807 4402 γενόμενος
2831 4319 3089 4401 εὓρετικὸς
3110 4317 3306 4394 μύθων.
3328 4319 3378 4372 Α
3393 4315 3644 4390 Bergkio

2073 4415 2399 4470 dissentiens
2425 4413 2672 4472 Meinek.
2701 4414 2847 4470 flist.
2877 4413 3006 4467 crit.
3050 4409 3214 4468 Com.
3255 4423 3343 4480 gr.
3384 4422 3450 4478 p.
3501 4403 3640 4469 225,

2071 4503 2149 4557 sic
2175 4501 2289 4558 fere
2318 4521 2331 4556 ε
2367 4526 2392 4550 σι
2430 4497 2634 4575 Ἀγαθοὶ
2660 4485 2967 4556 laudantur
2988 4498 3279 4562 Athenaeo,
3303 4492 3366 4566 6,
3398 4510 3465 4566 p.
3503 4491 3642 4565 248,

2072 4590 2138 4658 C,
2165 4601 2222 4644 et
2255 4587 2347 4659 15,
2377 4605 2438 4662 p.
2472 4586 2588 4654 685
2610 4627 2627 4657 ,
2658 4589 2724 4659 C,
2756 4586 2854 4642 sed
2882 4587 2995 4654 ita,
3023 4595 3088 4639 ut
3115 4581 3443 4638 dubitatum
3475 4579 3646 4634 fuisse

2072 4687 2374 4751 appareat,
2404 4687 2672 4732 utrumne
2705 4675 3062 4731 Pherecrates
3091 4689 3162 4726 an
3185 4669 3412 4726 Strattis
3437 4665 3645 4722 fabula·

2075 4777 2277 4820 auctor
2295 4764 2588 4821 habendus
2611 4776 2771 4821 esset.
2797 4761 2966 4837 Apud
2989 4759 3222 4818 Suidam
3251 4768 3308 4812 et
3325 4755 3643 4812 Eudociam

411 4851 620 4908 rendae.
669 4852 1043 4922 Quaestionem
1074 4851 1145 4908 de
1182 4853 1421 4928 singulis
1448 4856 1559 4927 ,qui
1594 4863 1984 4909 memorantur
2024 4875 2031 4912 ι
2074 4852 2276 4925 plenus
2298 4854 2490 4907 titulus
2513 4855 2592 4906 sic
2613 4852 2786 4906 habet
2812 4871 2823 4904 t
2851 4846 3057 4924 Ἀγαθοὶ
3078 4845 3192 4914 ἤτοι
3217 4841 3490 4921 Ἀργυρίου
3515 4845 3646 4919 ἄρα·

734 5021 904 5074 ΒΟΝΙ
934 5019 1047 5072 sive
1072 5019 1221 5075 ABG
1236 5021 1398 5074 ΕΝΤΙ
1426 5020 1645 5076 FUGA.

416 5209 467 5250 a.
500 5195 617 5262 Ego
646 5193 726 5249 vix
746 5193 851 5248 edo
880 5209 974 5265 per
997 5193 1141 5249 diem
1174 5113 1219 5161 ¹.

2077 5021 2319 5090 quinque
2345 5015 2652 5074 medimnos
2671 5017 2930 5073 dimidios
2947 5057 2961 5076 .
2989 5015 3033 5070 si
3060 5027 3244 5084 cogor.
3273 5010 3326 5066 b.
3361 5011 3581 5068 Vixne?

2078 5107 2240 5175 igitur
2269 5107 2415 5178 parvi
2448 5114 2508 5162 tu
2545 5106 2649 5161 cibi
2679 5105 2846 5160 homo
2869 5119 2954 5164 es,
2985 5100 3078 5175 qui
3103 5097 3360 5156 comedas

2080 5210 2170 5264 per
2194 5191 2338 5247 diem
2363 5194 2542 5262 longae
2571 5193 2718 5247 navis
2742 5191 2963 5246 cibaria.
