3809 5850
507 410 620 460 51⁰

1021 533 1071 592 1.
1118 535 1548 598 ΛΜΑΖΟΝΕΣ.

577 628 788 688 Athen.
850 648 944 701 10,
983 649 1042 704 p.
1101 639 1241 706 422,
1291 633 1363 703 F,
1406 634 1478 690 de
1521 635 1699 691 verbo
1739 633 2069 694 δεδειπνάναι

500 732 667 788 agens
700 731 717 773 ζ
749 711 1075 796 Ἐπικράτης
1107 719 1135 774 δ
1160 715 1562 796 Ἀμπρακιώτης
1687 721 1740 778 ἐν
1761 719 2011 798 Ἀμαζόσι

595 819 990 895 Δεδειπνοίναι
1020 827 1135 923 γὰρ
1161 823 1372 924 ἄνδρες
1391 833 1670 928 εὐκαίρως
1689 835 1846 902 πάνυ

593 924 844 1000 δοκοῦσί
881 959 1011 1026 μοι.

495 1047 562 1102 V.
612 1064 638 1101 1
683 1047 860 1104 Mein.
895 1049 1148 1104 correxit
1199 1047 1358 1122 quod
1393 1049 1688 1126 legebatur
1737 1049 1937 1132 ἄνδρες.
1975 1054 2062 1113 cf.

496 1132 720 1209 proleg.
753 1135 1076 1196 Antilaidis.

1012 1231 1094 1290 ιι.
1150 1216 1535 1292 Annuit..

577 1347 602 1373 «ι
635 1324 1050 1400 Cognominem
1091 1325 1348 1384 fabulam
1377 1325 1772 1406 Cephisodoro
1803 1332 2063 1390 tribuunt

489 1411 690 1468 Snidas
709 1423 768 1468 et
785 1413 1070 1484 Eudocia3
1092 1415 1230 1472 item
1243 1421 1578 1476 Amazones.
1594 1419 1764 1476 Tituli
1781 1422 2063 1478 rationem

489 1501 562 1555 ab
609 1501 870 1558 irrisione
921 1502 1108 1558 Laidis
1164 1503 1396 1560 ductam
1461 1509 1818 1584 putaverim;
1871 1528 2060 1584 neque

486 1589 678 1662 inepte
699 1607 998 1664 compares
1031 1585 1519 1666 Ἀντιπορνοόοσκὸν
1550 1591 1830 1672 (Lenonis
1857 1596 2059 1654 adver-

487 1677 739 1754 sarium)
769 1679 1062 1756 Dioxippi.
1089 1701 1114 1730 n
1149 1680 1201 1736 Ε
1221 1679 1311 1737 Μ.

1197 1795 1250 1833 1.
1301 1794 1357 1832 a.

567 1888 774 1944 Athen.
813 1887 908 1964 13,
954 1907 1017 1964 p.
1055 1887 1192 1960 570,
1243 1891 1290 1944 Β
1331 1909 1344 1944 :
1385 1889 1491 1946 τῶν
1523 1879 1611 1946 οὐν
1649 1889 2054 1967 μεγαλομίσθων

487 1977 708 2055 ἑταιρῶν
735 1974 1020 2054 ἀποτρέπω
1044 1976 1103 2033 σὲ
1137 2017 1205 2036 ...
1243 1975 1376 2034 διότι
1399 2001 1424 2028 α
1445 1974 1559 2041 Τὰς
1591 1974 1687 2051 μὲν
1715 1976 1880 2044 ἄλλας
1914 1977 2055 2036 ἔστιν

487 2062 748 2130 αὐλούσας
781 2064 908 2123 ἰδεῖν
945 2063 1262 2143 αὐλητρίδας
1309 2063 1486 2131 πάσας
1533 2063 1854 2133 Ἀπόλλωνος
1891 2066 2053 2144 νόμον

484 2151 606 2220 Διὸς
627 2151 785 2230 νόμον
807 2152 824 2234 (
843 2153 964 2211 haec
983 2155 1102 2212 duo
1118 2175 1285 2213 vocc.
1319 2155 1542 2212 addunt
1565 2155 1742 2216 codd.
1774 2159 1869 2213 AB
1889 2153 1927 2234 )·
1960 2146 2055 2213 αὗ-

481 2265 572 2302 ται
593 2241 646 2300 δὲ
677 2242 834 2319 μόνον
853 2243 1098 2302 αὐλοῦσιν
1125 2243 1330 2322 ἱέρακος
1357 2242 1534 2318 νόμον,
1567 2242 1924 2321 »Ἐπικράτης
1960 2266 2054 2323 φη-

483 2329 566 2388 σὶν
592 2332 645 2388 ἐν
668 2325 948 2390 Ἀντιλαίδι
981 2334 1184 2408 (vulgo
1215 2329 1479 2411 Ἱέρακος,
1516 2351 1694 2406 quum
1721 2335 1840 2389 avis
1872 2351 2051 2407 rapax

483 2419 708 2476 dicatur
747 2420 1022 2491 ridicule,
1063 2438 1184 2476 non
1225 2423 1532 2477 Hieracum
1573 2439 1747 2490 unus,
1774 2439 1806 2476 e
1845 2422 2051 2478 Xeno-

481 2507 699 2580 phonte
741 2507 979 2582 aliisque
1021 2517 1312 2564 notorum.
1343 2507 1633 2563 Molestius
1669 2506 1939 2563 mendum
1972 2520 2057 2565 est

481 2583 804 2672 ιἰακόμετρον
825 2607 888 2652 et
903 2613 1324 2672 supervacuum
1346 2593 1543 2664 πάσας,
1566 2594 1728 2670 quod
1745 2593 2055 2652 conflatum

485 2693 648 2755 putes
695 2701 765 2738 ex
797 2684 1086 2757 utrimque
1113 2684 1316 2739 vicinis
1371 2681 1484 2746 -δας
1507 2683 1635 2752 eim,
1673 2701 1850 2755 quum
1877 2681 1909 2738 δ
1936 2695 1993 2738 et
2012 2706 2051 2739 π

478 2771 680 2826 litterae
729 2782 1089 2828 commutatae
1157 2771 1448 2828 interdum
1509 2770 2011 2847 deprehendantur
2028 2815 2045 2844 ,

479 2856 961 2932 quemadmodum
1007 2859 1157 2918 Nuh.
1202 2859 1350 2916 1285
1399 2881 1460 2931 νη
1496 2856 1560 2917 δι’
1590 2878 1699 2935 pro
1733 2859 1877 2929 νηπι“
1912 2861 2053 2937 legi—

480 2956 573 3002 tur
597 2948 659 3003 in
688 2947 1005 3009 codicibus.
1039 2950 1168 3005 Hoc
1191 2950 1369 3025 igitur
1396 2960 1704 3023 expuncto,
1735 2967 1924 3021 neque
1966 2950 2049 3005 la-

477 3054 626 3093 cuna
647 3046 896 3111 sumpta,
927 3046 984 3093 et
1009 3038 1192 3093 vitato
1220 3037 1702 3111 homoeoteleuto,
1740 3036 2051 3095 scribamus

571 3142 700 3221 Τὰς
730 3144 836 3236 μὲν
871 3142 987 3237 γὰρ
1013 3140 1208 3221 ἄλλας
1235 3145 1404 3211 ἔστιν
1435 3146 1727 3220 αὐλούσας
1747 3134 1902 3211 ἰδεῖν

570 3244 935 3344 αὐλητρίδας
964 3244 1327 3328 Λπόλλωνος
1355 3246 1484 3341 (ἢ)
1517 3250 1653 3328 Διὸς
1685 3251 1891 3343 νόμον,

570 3354 750 3421 αὗται
772 3346 842 3421 δὲ
865 3355 1048 3447 νόμον
1070 3358 1346 3423 αὐλοῦσιν
1387 3357 1617 3451 ἱέρακος
1639 3344 1844 3447 μόνον.

475 3476 919 3533 Amantiambici
941 3486 1126 3552 poetae
1153 3473 1307 3551 μόνος
1330 3496 1548 3553 ponere
1577 3489 1836 3534 extremo
1863 3496 2044 3551 versu,

472 3564 628 3619 velut
673 3566 960 3639 Aristoph.
999 3566 1251 3624 Acharn.
1299 3584 1395 3640 29,
1433 3564 1546 3642 52,
1579 3585 1683 3637 77,
1740 3584 1868 3635 110,
1908 3564 2041 3638 131,

473 3650 614 3723 987,
649 3670 760 3728 991
787 3692 805 3722 ,
835 3664 894 3709 et
929 3654 1188 3727 inprimis
1217 3650 1395 3727 μόνον,
1421 3652 1582 3726 quod
1609 3653 1842 3727 quidem
1869 3653 2043 3709 habes

471 3739 722 3799 Acharn.
757 3746 869 3807 424
896 3782 915 3815 ,
939 3740 1076 3811 428,
1105 3740 1244 3811 443,
1273 3742 1380 3814 Eq.
1405 3740 1542 3810 377,
1573 3738 1712 3810 534,
1743 3753 1853 3799 etc.
1879 3742 2045 3797 Cete-

471 3845 600 3881 rum
639 3827 716 3882 cf.
757 3844 892 3883 ann.
943 3826 1018 3883 ad
1054 3828 1260 3884 Avium
1303 3826 1442 3893 464.
1485 3851 1510 3875 a·
1537 3828 1624 3882 De
1664 3824 1868 3905 ἱέρακος
1893 3827 2041 3907 νόμῳ

471 3914 707 3970 laudant
743 3915 1032 3971 Pollucem
1062 3921 1119 3983 4,
1151 3934 1246 3989 79.
1281 3939 1306 3965 υ
1339 3916 1389 3969 Ε
1421 3916 1508 3971 Μ.
1538 3916 1798 3985 Quocum
1828 3916 2041 3972 inserui

468 4000 572 4080 γάρ
591 4015 824 4061 auctore
845 4003 1166 4079 Schweigh.
1195 4002 1389 4079 Pergit
1409 4004 1744 4061 Athenaeus:
1772 4002 1824 4059 ἐν
1847 3991 1894 4082 ᾧ
1919 4001 2039 4081 δρά·

470 4112 601 4165 ματι
623 4088 714 4147 καὶ
741 4088 862 4170 περὶ
885 4093 978 4161 τῆς
996 4088 1423 4171 πολυθρυλλήτου
1447 4085 1642 4157 Λαΐδος
1663 4090 1787 4149 τάδε
1814 4088 1957 4169 λέγει

617 4208 778 4280 Αὐτὴ
814 4200 883 4272 δὲ
911 4202 1061 4284 Λαῒς
1089 4206 1264 4301 ἀργός
1298 4208 1422 4273 ἐστι
1446 4200 1480 4235 ⁴²
1500 4204 1600 4272 καὶ
1629 4206 1843 4293 πότις,

625 4312 696 4377 τὸ
729 4312 858 4378 καθ’
891 4314 1117 4405 ’ἡμέραν
1136 4318 1332 4403 ὁρῶσα
1348 4311 1538 4378 πίνειν
1565 4312 1825 4378 κάσθίειν

1043 4495 1455 4551 ΑΜΑΖΟΝΡΒ.

467 4582 609 4637 Sane
634 4579 737 4636 viri
767 4580 1087 4653 tempestive
1107 4578 1360 4638 videntur
1389 4580 1524 4636 mihi

466 4682 727 4725 coenassc.

867 4738 1113 4795 LAIDIS
1148 4738 1639 4795 ADVERSARIA.

1227 4830 1276 4879 1.

465 4914 606 4969 Nam
635 4919 842 4969 ceteras
864 4910 1085 4985 quidem
1115 4910 1182 4969 ad
1213 4911 1404 4969 tibiam
1429 4920 1689 4970 canentes
1713 4912 1895 4969 videas

465 5000 715 5057 tibicinas
746 5000 1011 5072 Apollinis
1035 5000 1115 5056 vel
1140 5001 1289 5057 Jovis
1314 5000 1571 5068 modum3

467 5088 582 5143 istae
609 5102 732 5143 vero
761 5086 981 5142 nonnisi
1015 5086 1287 5158 accipitris
1311 5085 1536 5142 modum
1559 5086 1847 5143 tibicinant
1899 5088 1987 5153 (·).

521 5210 582 5257 (⁸3
617 5206 902 5257 Tibicinum,
921 5216 1006 5249 vox
1027 5204 1248 5261 Fulgentii
1283 5208 1330 5251 et
1355 5206 1646 5260 Tertulliani,
1666 5216 1799 5260 quiem
1819 5216 1913 5249 non
1934 5216 2026 5249 ma·

465 5275 531 5328 gis
548 5275 695 5330 sprevi
719 5286 854 5330 quam
875 5276 977 5321 alias
1003 5275 1277 5321 recentiores
1297 5274 1427 5320 bonae
1443 5279 1576 5319 nour.

1519 406 1792 488 MEmAE
1837 407 2241 468 COMOEDIAE
2286 411 2703 488 RELlQUlAE.

2319 549 2520 640 μόνον·
2554 551 2915 618 πεπονθέναι
2944 548 3012 621 δὲ
3043 556 3235 623 ταύτά
3265 583 3367 648 μοι
3393 553 3549 628 δοκεῖ

2308 661 2433 732 τοῖς
2465 656 2690 736 ἀετοῖς·
2720 657 2887 725 οὗτοι
2918 659 3033 754 γὰρ
3062 665 3211 729 ὅταν
3236 662 3383 732 ὦσιν
3412 671 3547 750 νέοι,

2218 757 2259 830 5
2308 765 2378 827 ἐκ
2408 773 2531 829 τῶν
2550 767 2698 855 ὀρῶν
2725 762 2974 858 πρόὸατ’
3004 769 3261 836 ἐσθίουσι
3290 771 3397 837 καὶ
3420 779 3625 865 λαγὼς,

2311 865 2563 962 μετέωρ’
2596 867 3043 962 ἀναρπάζοντες
3076 877 3197 942 ὐπὸ
3232 887 3344 954 τῆς
3368 877 3573 970 ἰσχύος·

2305 976 2451 1040 ὅταν
2482 967 2551 1042 δὲ
2578 977 2959 1068 γηράσκωσιν
2994 973 3113 1052 ἤδη
3138 1033 3155 1066 ,
3184 974 3357 1074 (δὴ)
3393 985 3527 1052 τότε

2308 1079 2412 1148 ἐπὶ
2448 1081 2585 1159 τοὺς
2606 1083 2748 1161 νεὼς
2780 1079 2975 1162 ἵζουσι
3008 1097 3324 1165 πεινῶντες
3354 1098 3562 1166 κακῶς,

2308 1184 2569 1256 κᾶπειτα
2594 1195 2757 1256 τοῦτ’
2792 1185 2945 1258 εἷναί
2966 1188 3117 1285 (γε)
3142 1197 3316 1286 τέρας
3336 1191 3655 1286 νομίζεται·

2168 1299 2251 1358 1'0
2302 1291 2407 1357 καὶ
2434 1291 2585 1372 Λαῒς
2618 1295 2797 1386 ὀρθῶς
2824 1307 2960 1390 γοῦν
2979 1292 3272 1389 νομίζοιτ’
3302 1295 3376 1366 ἃν
3402 1303 3577 1392 τέρας·

2300 1403 2453 1474 αὕτη
2484 1398 2604 1494 γὰρ
2626 1402 2797 1467 ὁπότ’
2836 1401 2935 1468 οὖν
2960 1399 3029 1476 ἧν
3060 1405 3325 1482 ἔποπτος
3358 1405 3463 1472 καὶ
3496 1409 3623 1488 νέα,

2298 1506 2412 1572 ὑπὸ
2444 1515 2567 1574 τῶν
2600 1510 2911 1598 στατήρων
2939 1505 3010 1582 ἦν
3044 1510 3481 1602 ἀπηγριωμένη
3502 1563 3518 1596 ,

2300 1603 2456 1690 εἶδες
2488 1605 2544 1678 δ’
2575 1609 2647 1680 ἂν
2670 1617 2849 1691 αὐτῆς
2876 1609 3255 1708 Φαρνάὸαζον
3274 1617 3499 1684 θᾶττον
3528 1616 3616 1684 ἄν·

2296 1717 2425 1784 ἐπεὶ
2455 1711 2524 1785 δὲ
2555 1711 2807 1813 δόλιχον
2836 1726 2964 1798 τοῖς
2982 1721 3176 1788 ἔτεσιν
3197 1714 3319 1798 ἤδη
3347 1726 3563 1816 τρέχει,

2164 1847 2187 1892 1
2204 1817 2247 1890 5
2300 1821 2409 1902 τὰς
2438 1825 2723 1916 ἁρμονίας
2752 1851 2819 1894 τε
2846 1821 3121 1918 διαχαλᾷ
3145 1838 3251 1895 τοῦ
3286 1832 3591 1920 σώματος,

2300 1923 2451 1997 ἰδεῖν
2488 1932 2595 2023 μὲν
2615 1935 2802 2007 αὐτὴν
2842 1932 2981 2023 ῥᾷόν
3010 1935 3136 1999 ἐστι
3162 1933 3265 2000 καὶ
3294 1939 3541 2002 πτύσαι·

2299 2029 2606 2128 ἐξέρχεταί
2631 2063 2702 2105 τε
2729 2038 3065 2132 πανταχόσ’
3098 2033 3217 2112 ἤδη
3248 2043 3505 2132 πιομένη
3524 2091 3544 2126 ,

2297 2133 2545 2234 δέχεται
2574 2135 2645 2208 δὲ
2666 2143 2771 2210 καὶ
2792 2156 3061 2237 στατῆρα
3076 2195 3098 2229 ,
3130 2144 3233 2210 καὶ
3249 2141 3595 2238 τριώὸολον,

2296 2249 2601 2342 προσίεται
2630 2241 2701 2316 δὲ
2730 2253 2837 2318 καὶ
2867 2255 3117 2346 γέροντα
3136 2303 3156 2335 ,
3190 2254 3296 2320 καὶ
3324 2257 3475 2322 νέον·

2154 2377 2245 2422 20
2298 2360 2453 2422 οὕτω
2487 2350 2555 2422 δὲ
2583 2357 2821 2434 τιθασὸς
2848 2361 3107 2452 γέγονεν,
3141 2363 3289 2425 ὥστ’
3326 2362 3624 2452 ἀφιλτάτζ.

2298 2463 2603 2556 τάργύριον
2640 2467 2707 2529 ἐκ
2725 2474 2833 2540 τῆς
2862 2465 3056 2558 χειρὸς
3084 2459 3203 2537 ἤδη
3232 2461 3558 2558 λαμὸσὶνει.

2147 2656 2345 2712 Versui
2380 2675 2405 2710 1
2438 2652 2593 2732 ἀργὸς
2610 2697 2627 2726 ,
2650 2667 2714 2711 ut
2736 2659 2835 2713 Ar.
2867 2657 3161 2713 Ecclesiaz.
3188 2656 3325 2727 880,
3356 2669 3469 2716 etc.
3494 2659 3693 2715 Deinde

2146 2743 2336 2799 scribo
2358 2739 2524 2799 κατὰ
2552 2740 2774 2816 πάτος,
2790 2745 3082 2809 invia3cf.
3109 2743 3691 2816 17.LibrietEnstath.

2145 2851 2207 2906 p.
2245 2832 2416 2901 1403,
2444 2829 2514 2902 57
2537 2873 2553 2901 ,
2598 2833 2944 2906 tautologice
2979 2829 3069 2888 καὶ
3112 2829 3283 2898 πότις.
3314 2833 3551 2904 Mirum,
3581 2835 3695 2889 talia

2149 2921 2251 2976 diu
2279 2919 2665 2991 circumferri,
2691 2940 2797 2977 nec
2824 2919 2965 2977 fides
2994 2921 3321 2978 adhibenda
3349 2934 3433 2979 est
3460 2925 3575 2979 istis
3600 2942 3695 2977 me·

2148 3009 2227 3065 dii
2271 3010 2372 3063 aevi
2402 3009 2683 3079 librariis,
2718 3011 2819 3083 qui
2860 3028 3035 3083 saepe,
3070 3028 3197 3083 quae
3226 3010 3579 3085 negligenter
3602 3010 3688 3065 de—

2144 3098 2501 3172 scripserant,
2516 3115 2589 3152 ne
2608 3098 2715 3172 ipsi
2734 3097 2967 3171 quidem
2990 3098 3399 3174 intelligebant.
3425 3101 3493 3155 V.
3520 3098 3550 3153 3
3578 3098 3689 3153 libri

2144 3189 2333 3243 ταῦτα.
2368 3189 2435 3243 V.
2464 3184 2499 3241 6
2535 3182 2633 3240 ὑπὸ
2660 3187 2929 3255 Porson.;
2976 3188 3150 3261 vulgo
3186 3184 3315 3257 ἀπὸ,
3352 3186 3565 3242 mendo
3596 3186 3688 3239 frc-

2144 3285 2369 3347 quente.
2387 3276 2452 3329 V.
2478 3293 2507 3343 7
2531 3268 2593 3341 δὴ
2615 3274 2761 3329 forte
2780 3273 2988 3329 excidit
3005 3284 3133 3348 post
3152 3270 3277 3343 ἤδη.
3304 3274 3395 3333 Cf.
3422 3274 3687 3346 Aristoph.

2144 3365 2250 3419 Av.
2270 3380 2405 3437 910,
2420 3372 2528 3421 etc.
2544 3363 2783 3419 Meinek.
2796 3362 2915 3421 τότε
2933 3359 3152 3440 (θεῶν).
3175 3364 3241 3418 V.
3258 3364 3483 3438 9vulgo
3500 3387 3549 3420 κ.
3570 3358 3689 3417 τοῦτ’

2142 3438 2275 3505 εἶναι
2306 3470 2426 3523 νομ.
2453 3447 2630 3527 τέρας.
2659 3450 2868 3523 Adjuvi
2892 3469 3115 3507 versum
3142 3468 3355 3507 caesnra
3376 3438 3689 3507 dettitnnim

2143 3539 2385 3594 immissa
2424 3559 2485 3613 γε
2522 3540 2805 3613 particula
2831 3541 2995 3595 etiam
3030 3558 3137 3614 per
3172 3557 3232 3595 se
3271 3550 3441 3615 apta,
3484 3552 3543 3595 et
3584 3558 3689 3611 quae

2140 3626 2337 3681 hausta
2364 3624 2626 3683 videatur
2654 3646 2691 3683 a
2711 3648 2811 3683 ‘ts-
2838 3628 3052 3685 vicino,
3088 3627 3267 3683 Simul
3306 3640 3569 3683 curatum
3598 3628 3687 3681 ho·

2138 3716 2545 3771 moeotelenton
2584 3715 2884 3771 librorum.
2914 3718 2981 3773 V.
3020 3734 3082 3770 n
3119 3715 3318 3790 putide
3348 3716 3489 3785 αὐτ-η
3512 3739 3566 3791 γ.
3596 3716 3675 3769 ὅτε.

2136 3790 2202 3871 ἦν
2230 3799 2327 3877 μὲν
2351 3801 2554 3869 νεοττὸς
2586 3800 2677 3859 καὶ
2704 3798 2830 3871 νέα,
2857 3820 3045 3876 neque
3072 3820 3239 3877 opem
3266 3802 3459 3860 ferunt
3486 3804 3679 3877 scripti,

2136 3891 2241 3944 nisi
2261 3891 2419 3963 quod
2444 3890 2489 3949 C
2508 3890 2751 3963 praebuit
2776 3878 2864 3945 οὖν
2880 3892 3087 3946 omisso
3112 3887 3208 3964 μὲν
3236 3910 3369 3946 cum
3390 3888 3489 3947 ΡΨ
3494 3896 3557 3948 L.
3580 3890 3683 3965 (Ni-

2136 3978 2215 4032 hil
2244 3997 2350 4052 per
2375 3997 2433 4034 se
2456 3978 2785 4034 offensionis
2806 3978 3017 4033 habere
3038 3979 3217 4033 verba
3246 3976 3453 4042 νεοττὸς
3480 3976 3567 4034 καὶ
3590 3974 3681 4039 νέα,
3707 4036 3708 4041 ¹

2136 4065 2384 4121 ostendit
2439 4066 2833 4139 exemplorum
2890 4066 3153 4121 similium
3204 4064 3559 4121 abundantia
3600 4082 3677 4136 ap.
3706 4054 3708 4060 ⁴

2133 4152 2381 4210 Lobeck.
2399 4153 2647 4226 Paralip.
2686 4171 2736 4222 1,
2756 4172 2818 4227 p.
2842 4152 2919 4207 60
2946 4170 3107 4227 seqq.
3136 4170 3169 4208 a
3188 4153 3365 4210 Mein.
3386 4154 3519 4225 cit.)
3546 4156 3601 4209 V.
3628 4150 3679 4205 13
3704 4204 3706 4207 Α

2136 4266 2165 4291 ιι
2212 4237 2597 4316 Φαρνάὸαζον,
2657 4242 2759 4314 qui
2776 4281 2793 4310 ‚
2855 4252 3057 4315 utpote
3114 4250 3341 4314 satrapa
3360 4280 3379 4309 ,
3448 4240 3681 4296 difficiles
3704 4230 3706 4288 i

2133 4327 2322 4383 aditus
2345 4328 2610 4387 habebat.
2637 4352 2662 4379 »ι
2697 4330 2748 4383 Ε
2768 4330 2856 4383 Μ.
2881 4332 2943 4385 V.
2970 4348 2989 4383 ι
3006 4334 3037 4393 4
3068 4328 3243 4403 vulgo
3264 4326 3501 4405 δολιχόν.
3536 4332 3595 4385 V.
3626 4324 3677 4379 ιδ
3702 4392 3704 4399 Ι

2900 4500 2953 4550 2.

2236 4642 2471 4713 Ipsaque
2492 4640 2621 4697 Lais
2638 4641 2811 4697 otiosa
2832 4648 2943 4697 stat
2966 4642 3025 4696 in
3046 4642 3131 4697 via
3148 4680 3165 4707 ,

2232 4727 2287 4784 id
2316 4730 2477 4786 modo
2500 4736 2753 4801 spectans
2770 4770 2785 4797 ‚
2811 4728 2961 4802 quod
2982 4728 3135 4785 bibat
3152 4736 3323 4799 atque
3342 4724 3475 4783 edat

2230 4814 2497 4887 quotidie.
2526 4815 2669 4871 Huic
2692 4814 2953 4871 accidisse
2976 4813 3190 4871 videtur
3212 4813 3360 4868 idem

2229 4903 2377 4975 quod
2398 4902 2593 4976 aquilis
2623 4925 2635 4958 2
2664 4903 2741 4959 illi
2770 4904 2939 4972 enim,
2960 4904 3091 4961 dum
3104 4902 3333 4975 iuvenes
3350 4910 3487 4955 sunt
3504 4942 3519 4969 ,

2159 4997 2191 5047 5
2230 5006 2262 5047 e
2290 4990 2568 5047 montibus
2595 4990 2653 5045 in
2678 5004 2837 5047 auras
2862 4989 2911 5045 vi
2932 4989 3212 5061 abripiunt

2228 5076 2597 5148 devorantque
2618 5090 2747 5133 oves
2764 5092 2829 5132 ac
2857 5075 3098 5148 leporem

2227 5182 2399 5238 quum
2434 5181 2559 5221 vero
2592 5180 2871 5221 senescere
2894 5165 3009 5236 jam
3055 5164 3345 5235 incipiunt,
3368 5158 3699 5229 (nimiruum

3518 5252 3665 5315 [tunc

2225 5250 2439 5324 templis
2462 5249 2701 5307 insident
2724 5251 2864 5307 male
2888 5251 3185 5307 esurientes
3204 5290 3219 5317 ‚
