3809 5850
1573 443 2029 506 AncanUs.

187 583 203 654 ζ
219 599 268 632 ν.
299 577 481 635 Time.
519 575 582 649 8,
615 595 692 649 97
715 621 732 647 ,
759 585 866 632 etc.
893 577 910 649 )
943 577 1000 630 in
1031 578 1240 631 Decem
1277 577 1382 632 illis
1410 577 1750 652 praetoribus

182 674 476 718 numerant
499 663 786 720 Isocrates
821 663 883 720 C.
919 664 1137 720 Gallim.
1179 683 1242 739 p.
1281 664 1396 730 446
1427 665 1670 724 Bekker.
1695 677 1753 721 et

183 751 512 807 Heraclides
553 751 728 806 Polit.
756 769 816 826 p.
859 749 972 808 502
1002 753 1186 826 Crag.,
1223 752 1327 808 ubi
1368 752 1580 809 dicitur
1619 748 1752 830 ἀνὴρ

182 836 334 902 καλὸς
363 835 618 913 κάγαθός.
655 837 924 911 Ejusdem
951 841 1182 897 nomine
1205 839 1511 916 inscriptus
1533 840 1753 897 sereba-

179 936 265 982 tur
287 927 560 1001 dialogus
583 927 866 984 AEschinis
893 929 1202 1000 Socratici,
1233 940 1580 985 memoratus
1606 931 1752 985 Dio-

177 1017 292 1089 geni
323 1017 570 1073 Laertio
599 1034 665 1085 α,
704 1035 764 1086 7,
793 1027 850 1072 et
877 1015 1092 1071 Polluci
1116 1036 1173 1086 7,
1207 1016 1347 1086 1033
1367 1015 1441 1072 cf.
1473 1019 1755 1091 Harpocr.

179 1122 226 1176 p.
265 1103 404 1173 164,
439 1102 540 1161 13.
567 1105 770 1176 Neque
795 1102 870 1159 ad
890 1102 1062 1158 alium
1076 1114 1330 1178 spectare
1349 1103 1577 1160 videtur
1601 1102 1756 1162 Pho-

183 1190 232 1244 tii
257 1192 568 1248 annotatio
589 1185 780 1250 Ῥίνων
813 1207 828 1247 :
859 1186 1028 1266 ὄνομα
1051 1188 1248 1268 κύριον.
1286 1215 1312 1242 n
1343 1194 1392 1248 E
1423 1193 1510 1248 M.

245 1417 465 1472 Athen.
505 1415 605 1490 15,
633 1435 696 1492 p.
729 1416 872 1494 678,
902 1419 949 1472 E
979 1435 994 1475 :
1029 1415 1252 1494 εὑρίσκω
1274 1415 1329 1477 δὲ
1358 1416 1447 1474 καὶ
1477 1414 1624 1496 παρὰ
1647 1423 1754 1482 τοῖς

180 1509 420 1578 κωμικοῖς
445 1501 698 1560 κυλιστόν
749 1505 886 1580 (leg.
919 1503 990 1560 ἐκ
1006 1527 1037 1560 κ
1053 1501 1084 1561 ὖ
1103 1505 1166 1562 λι
1187 1525 1263 1562 στ
1278 1502 1372 1582 όν)
1397 1527 1511 1561 τινα
1560 1503 1754 1564 καλού-

181 1612 320 1662 μενον
345 1589 630 1670 στέφανον,
655 1590 746 1650 καὶ
772 1590 1163 1668 μνημονεύοντα
1193 1595 1352 1651 αὐτοῦ
1375 1586 1671 1672 Ἄρχιππον
1700 1595 1753 1652 ἐν

181 1675 381 1734 Ῥίνωνι
409 1675 501 1735 διὰ
527 1677 726 1736 τούτων
747 1698 764 1715 ·

265 1791 498 1880 Ᾰῦῷος,
525 1787 756 1874 ἀποδὺς
791 1797 1130 1888 θοίμάτιον,
1171 1799 1525 1891 ἀπέρχεται,

265 1903 570 1992 στέφανον
600 1903 758 1995 ἔχων
791 1914 912 1968 τῶν
954 1905 1342 1988 ἐκκυλίστων,
1370 1897 1547 1971 οἵκαδ
1551 1930 1601 1970 ε.

177 2029 376 2085 Pollux
397 2049 456 2101 7,
491 2049 604 2106 199
633 2029 936 2106 ςστεφάνων
967 2027 1022 2087 δὲ
1051 2027 1162 2099 εἴδη
1183 2074 1204 2102 ,
1228 2025 1544 2100 ἐκκύλιστος,
1575 2028 1754 2106 ὥσπερ

177 2113 226 2172 ’Δ
242 2115 464 2197 ρχίππφ
481 2115 689 2195 εἴρηται
715 2115 925 2177 Ῥίνωνι
950 2143 973 2166 e«
997 2115 1309 2196 Ἀπέρχεται
1338 2115 1587 2195 στέφανον
1613 2115 1749 2195 ἔχων

175 2203 276 2258 τῶν
315 2204 658 2266 ἐκκυλίστων.
707 2231 732 2256 ¹·
777 2209 951 2264 Versu
1009 2227 1032 2263 1
1089 2207 1222 2262 libri
1277 2203 1536 2276 ἀποδούς,
1595 2207 1756 2280 quod

173 2296 424 2350 correxit
446 2297 636 2370 Toup.
669 2295 908 2353 Emend.
935 2295 1050 2350 vol.
1086 2295 1143 2366 3,
1171 2315 1234 2370 p.
1267 2295 1360 2367 37.
1387 2297 1544 2350 —In
1580 2296 1756 2352 altera

177 2391 370 2437 tamen
427 2383 564 2442 edit.
622 2379 846 2448 ἀποδοὺς
886 2383 1114 2440 reduxit
1156 2385 1432 2455 Meinek.‚
1483 2384 1599 2440 dici
1648 2385 1752 2440 ista

181 2469 502 2527 existimans
532 2496 560 2521 α
607 2471 678 2528 de
715 2469 980 2543 homine,
1012 2475 1114 2547 qui
1150 2493 1327 2547 quum
1375 2473 1524 2528 furto
1561 2492 1753 2530 surre-

181 2565 338 2626 ptam
365 2571 567 2619 vestem
591 2560 966 2634 reddidisset,
1009 2562 1244 2638 impune
1278 2563 1543 2620 convivio
1583 2580 1752 2619 exec-

189 2641 301 2699 dat.
331 2670 356 2696 ιι
1655 2659 1666 2666 ’

939 2783 996 2819 2.

271 2871 466 2927 Pollux
495 2891 553 2942 α,
599 2871 708 2931 183
740 2893 754 2930 z
782 2871 834 2931 οἳ
871 2873 1024 2949 (scil.
1075 2871 1314 2951 γλουτοὶ)
1357 2871 1448 2932 καὶ
1491 2877 1748 2954 κοχῶναι,

189 2956 278 3011 καὶ
313 2957 514 3035 πύγαια
549 2958 1048 3041 προσαγορεύονται·
1087 2962 1177 3019 καὶ
1222 2964 1566 3040 προχῶναι
1605 2963 1750 3042 παρὰ

187 3038 456 3127 Ἀρχίππῳ
477 3048 530 3105 ἐν
554 3050 631 3124 τῷ
651 3045 882 3107 Ῥίνωνι.
912 3050 1104 3110 Schol.
1136 3049 1428 3125 Aristoph.
1453 3051 1558 3126 Eq.
1585 3059 1700 3119 4²²
1731 3073 1744 3109 ε

186 3130 390 3208 zozim]
415 3134 568 3201 τόπος
595 3134 698 3194 ὑπὸ
725 3136 786 3193 τὸ
822 3137 1048 3209 αἰδοῖον,
1091 3136 1152 3195 τὸ
1194 3135 1390 3212 μεταξὺ
1435 3140 1538 3195 τῶν
1567 3141 1748 3218 μηρῶν

186 3219 274 3275 καὶ
299 3222 626 3295 τῆςκοτῦλης
657 3224 762 3281 τῶν
805 3222 1014 3302 ἰσχίων.
1145 3224 1201 3281 αἱ
1229 3223 1386 3281 αὐταὶ
1428 3223 1482 3282 δὲ
1525 3225 1614 3283 καὶ
1654 3225 1750 3283 πύ-

183 3328 328 3381 γαια,
367 3310 458 3367 καὶ
483 3312 837 3391 προχῶναι
873 3310 999 3389 παρ’
1029 3310 1304 3391 Ἀρχίππῳ
1335 3313 1632 3372 καλοῦνται.
1665 3318 1751 3371 De

186 3392 434 3471 κοχώναις
460 3419 512 3455 v.
539 3402 775 3457 Foesius
801 3400 1028 3458 OEcon.
1075 3404 1354 3476 Hippocr.
1393 3420 1457 3475 p.
1505 3401 1616 3458 352
1637 3446 1653 3473 ‚
1696 3414 1752 3459 et

185 3500 326 3540 nova
349 3488 560 3544 scholia
583 3488 662 3544 ad
681 3490 1021 3564 Hippocrat.
1045 3492 1106 3547 in
1121 3491 1511 3567 Darembcrgii
1531 3492 1753 3547 Notices

186 3575 238 3615 et
269 3566 513 3623 Eaettaies
559 3570 661 3624 des
711 3576 1048 3624 manuscrits
1093 3572 1391 3625 medie-aux
1439 3589 1460 3625 1
1476 3612 1493 3640 ‚
1545 3590 1606 3645 p.
1635 3590 1668 3627 τι
1683 3579 1746 3637 14

187 3668 335 3729 ιιθ(1(1·

936 3752 992 3806 3.

257 3864 410 3920 Idem
447 3885 534 3935 ιο,
569 3883 681 3937 177
715 3881 730 3925 ε
758 3862 820 3921 τὸ
864 3863 918 3921 δὲ
950 3862 1148 3943 ξυρὸν
1193 3868 1402 3925 πολλῶν
1445 3864 1748 3941 εἰρηκότων,

187 3950 601 4029 τιρατηρητέον,
657 3950 739 4009 ὅτι
780 3948 932 4032 Ἀρχ.
975 3954 1030 4010 ἐν
1088 3955 1166 4033 τῷ
1217 3952 1430 4014 Ῥίνωνι
1469 3955 1750 4031 ἀρρενικῶς

191 4034 306 4093 tin-b
328 4038 548 4117 εἴρηκεν.

213 4182 697 4245 ΙΝΟΕΒΤΟΒΠΜ
757 4186 1190 4247 DRAMATUM
1243 4190 1717 4248 FRAGMENTA.

3300 475 3411 524 2⁴15

1941 595 2021 674 ὡς
2054 590 2170 670 ἡδὺ
2209 603 2314 672 τήν
2334 598 2643 664 θάλατταν
2676 601 2799 666 ἀπὸ
2828 613 2937 680 τῆς
2962 615 3071 696 γῆς
3101 613 3263 700 ὁρᾶν,

1942 701 1991 767 ὦ
2023 715 2233 796 μῆτερ,
2267 703 2397 770 ἐστὶ
2426 708 2508 796 μὴ
2545 707 2812 772 πλέοντα
2851 701 3173 802 μηδαμοῦῖ

1844 833 2191 889 Callimacho
2227 833 2429 888 tribuit
2450 833 2855 894 TrincavelluS.
2887 836 3194 895 Goenems:
3231 841 3416 897 Calli-

1845 922 2055 988 machi,
2083 923 2234 976 alias
2272 921 2558 995 Archippi.
2594 921 2702 980 Ed.
2749 925 3015 984 Francos.
3044 924 3150 984 ἀπὸ
3178 929 3271 998 τῆς
3298 933 3411 1005 γῆς,

1845 1009 2005 1083 quod
2066 1010 2263 1068 ascivi.
2328 1033 2353 1060 α
2406 1010 2641 1068 Grotius
2690 1012 2751 1066 in
2808 1026 3003 1074 annot.
3056 1027 3115 1072 et
3169 1018 3417 1094 Scaliger

1845 1099 2015 1152 Prov.
2048 1109 2247 1154 strom.
2280 1115 2340 1171 p.
2388 1095 2497 1153 153
2530 1098 2724 1154 dorice
2754 1098 2973 1174 (nescio
3011 1121 3124 1176 qua
3178 1108 3420 1162 auctori-

1837 1197 1983 1244 tate.
2010 1183 2211 1263 Both.)
2246 1185 2317 1250 ὡς
2347 1182 2443 1242 ἁδὺ
2484 1181 2581 1242 τὰν
2615 1191 2665 1245 θ.
2692 1186 2797 1244 ἀπὸ
2823 1194 2917 1254 τᾶς
2944 1196 3042 1266 γᾶς
3068 1192 3149 1268 ὁρ.
3185 1193 3417 1268 Epicte-

1848 1283 1937 1328 tus
1956 1275 2185 1349 Fragm.
2205 1274 2324 1328 vol.
2356 1273 2412 1343 3,
2444 1292 2501 1348 p.
2534 1281 2641 1341 104
2672 1275 2990 1351 Schweigh.
3030 1299 3043 1333 ι
3072 1275 3169 1344 Ὡς
3197 1277 3296 1350 ἡδὺ
3322 1280 3417 1351 τὴν

1845 1359 2109 1417 θάλατταν
2137 1358 2241 1417 ἀπὸ
2262 1363 2358 1438 γῆς
2376 1363 2523 1438 δρᾶν,
2548 1358 2710 1427 οὕτως
2738 1361 2837 1433 ἡδὺ
2860 1367 2935 1442 τῷ
2956 1363 3173 1424 σωθέντι
3213 1373 3413 1444 μεμνῆ-

1844 1452 1965 1504 σθαι
1990 1449 2093 1504 τῶν
2114 1446 2308 1521 πόνων,
2347 1467 2475 1524 quae
2510 1468 2580 1506 cx
2606 1451 2718 1506 hoc
2748 1461 2805 1507 et
2826 1453 2939 1508 alio
2969 1448 3265 1530 Euripidis
3285 1457 3417 1514 loco

1845 1537 2016 1593 ducta
2043 1557 2156 1594 esse
2184 1538 2428 1595 indicavi
2447 1538 2521 1594 ad
2542 1539 2839 1600 Menandr.
2872 1561 2933 1616 p.
2957 1540 3050 1600 86.
3077 1569 3102 1594 υ
3138 1545 3315 1606 Mee'n.
3352 1549 3417 1602 ln

1843 1627 2039 1701 priore
2078 1624 2326 1682 iambico
2357 1627 2581 1684 senario
2627 1626 2861 1685 fortasse
2900 1627 3167 1688 θάλατταν
3203 1629 3277 1690 ἂν
3312 1633 3419 1690 ἀπὸ

1843 1715 1941 1789 γῆς
1966 1715 2071 1791 δρ.,
2093 1725 2158 1770 ut
2184 1716 2407 1789 elegans
2428 1711 2492 1770 ἂν
2514 1714 2777 1772 haustum
2799 1715 3060 1774 videatur
3088 1719 3161 1775 ab
3179 1741 3279 1776 -αν
3305 1723 3386 1796 syl
3408 1757 3419 1762 -

1843 1803 2002 1879 laba,
2049 1823 2173 1878 quae
2207 1803 2511 1861 antecedit.
2558 1804 2823 1862 Ceterum
2852 1806 3019 1863 etiam
3056 1807 3299 1883 Epicteti
3326 1811 3417 1866 illa

1846 1889 2007 1958 οὕτως
2120 1891 2293 1951 πόνων
2316 1893 2545 1967 sapiunt
2576 1913 2797 1950 versum
2827 1914 2840 1949 ε
2878 1895 2950 1961 ὥς
2978 1894 3074 1966 ἡδὺ
3097 1897 3173 1975 τῷ
3206 1896 3419 1956 σωθέντι

1847 1981 2145 2054 μεμνῆσθαι
2172 1977 2367 2054 πόνων,
2394 1983 2637 2057 Tragico
2664 1982 2919 2058 dignum.

2604 2131 2656 2172 2.

1928 2223 2132 2280 Pollux
2176 2245 2234 2299 7,
2271 2225 2380 2292 148
2434 2244 2449 2283 :
2502 2224 2735 2305 σκαφίοις
2780 2225 2825 2281 δ’
2870 2223 3061 2290 αὐτοὺς
3104 2226 3253 2304 Cscil.
3304 2227 3419 2293 τοὺς

1847 2315 2155 2392 σκαπτῆρας
2174 2316 2257 2370 vel
2286 2315 2603 2391 σκαπανεῖς)
2636 2311 2789 2392 ’Δρ-χ.
2826 2314 2999 2372 καλεῖ·

1944 2437 2233 2518 Σκαφεῦσι
2254 2480 2273 2514 ,
2310 2436 2669 2519 κηπωροῖσι,
2701 2435 2829 2505 τοῖς
2860 2426 2917 2496 τ’
2952 2429 3296 2514 ὀνηλάταις,

1944 2534 2044 2600 καὶ
2074 2542 2207 2611 ταῖς
2241 2531 2475 2626 γυναιξὶ
2502 2538 2745 2628 προσέτι
2778 2542 2912 2612 ταῖς
2942 2537 3319 2629 ποαστρίαις.

1853 2689 1874 2712 «
1905 2665 2083 2738 Magis
2101 2666 2275 2720 attica
2300 2665 2530 2721 videtur
2544 2665 2725 2722 forma
2748 2669 3060 2742 κηπουροῑσι
3078 2684 3093 2720 z
3114 2685 3169 2720 v.
3190 2667 3417 2726 Boeckh.

1843 2751 2005 2826 praef.
2032 2751 2108 2807 ad
2142 2753 2387 2808 Simonis
2411 2753 2550 2808 dial.
2582 2771 2643 2827 p.
2674 2771 2768 2822 20,
2793 2764 2850 2809 et
2880 2753 3147 2812 Dindorf.
3175 2754 3248 2810 ad
3282 2756 3417 2810 Ari-

1843 2837 2034 2914 stoph.
2060 2838 2261 2914 fragm.
2296 2859 2357 2916 p.
2391 2859 2527 2915 αις).
2559 2866 2583 2890 υ
2618 2843 2669 2896 E
2701 2842 2793 2899 M.

2604 2954 2659 3009 3.

1925 3070 2074 3128 Plut.
2111 3070 2297 3128 Alcib.
2342 3090 2394 3129 c.
2425 3088 2449 3126 1
2495 3090 2508 3124 :
2550 3065 2615 3147 τῇ
2656 3064 2711 3126 δὲ
2752 3069 2897 3149 φωνῇ
2932 3066 3305 3148 (Alcibiadis)
3332 3067 3423 3128 καὶ

1843 3156 1939 3227 τὴν
1966 3156 2296 3235 τραυλότητα
2334 3155 2599 3236 ἐμπρέψαι
2635 3155 2878 3234 λέγουσι,
2907 3155 2998 3213 καὶ
3027 3160 3103 3237 τῷ
3135 3156 3287 3238 λάλῳ
3321 3182 3413 3215 πι-

1843 3244 2121 3315 θανότητος
2168 3248 2503 3321 (perperam
2544 3246 2681 3303 libri
2716 3244 3067 3322 πιθανότητα)
3122 3246 3419 3323 παρασχεῖν

1843 3332 2001 3412 χάριν
2060 3332 2423 3393 ἐπιτελοῦσαν.
2474 3331 2739 3409 μέμνηται
2792 3331 2847 3389 δὲ
2897 3331 2987 3389 καὶ
3038 3329 3417 3412 Ἀριστοφάνης

1845 3421 2005 3477 αὐτοῦ
2042 3420 2137 3488 τῆς
2178 3416 2525 3496 τραυλότητος
2576 3420 2781 3496 (Vesp.
2816 3426 2948 3494 44),
2996 3418 3085 3475 καὶ
3120 3415 3295 3498 Ἄρχ.,
3334 3419 3422 3477 τὸν

1845 3506 1953 3565 υἱὸν
1982 3511 2071 3565 τοῦ
2096 3505 2426 3565 Ἀλκιὸιάδου
2454 3504 2737 3578 σκώπτων,
2770 3533 2797 3559 κ
2830 3505 3074 3579 Βαδίζει,
3108 3506 3262 3585 φησὶ,
3304 3506 3421 3564 δια-

1845 3592 2099 3674 κεχλιδὼς
2115 3636 2132 3665 ,
2160 3591 2427 3667 θοίμάτιον
2452 3592 2644 3665 ἕλκων,
2674 3592 2816 3659 ὅπως
2842 3592 3069 3672 ἐμφερὴς
3090 3592 3323 3669 μάλιστα
3347 3597 3421 3673 τῷ

1843 3680 2007 3762 πατρὶ
2036 3680 2225 3749 δόξειεν
2262 3670 2429 3754 εἶναι,
2452 3679 2931 3761 κλασαυχενεύεταί
2950 3704 3004 3739 τε
3039 3682 3128 3739 καὶ
3152 3683 3419 3761 τραυλίζε-

1845 3792 1948 3829 ται.
1971 3796 1995 3823 n
2026 3772 2408 3829 probabiliter
2430 3772 2640 3827 scribas

1941 3928 2038 3939 -
2082 3882 2498 3979 Διακεχλιδὼς

1954 3987 2144 4078 βάδον
2184 3987 2423 4079 βαδίζει
2458 3995 2767 4085 θοίμάτιον
2803 3999 3022 4075 ἕλκων,
3051 3988 3241 4071 ὅπως

1947 4101 2215 4192 μάλιστα
2247 4092 2429 4183 δόξει’
2471 4104 2721 4192 ἐμφερὴς
2756 4097 3152 4201 εἶναιιπατρὶ,

1942 4207 2485 4301 κλασαυχενεύεταί
2518 4232 2584 4272 τε
2614 4206 2715 4273 καὶ
2747 4201 3155 4299 τραυλίζεται.

1845 4335 2047 4409 Neque
2073 4338 2236 4391 aliter
2258 4337 2433 4394 Mein.
2462 4339 2598 4393 Cur.
2626 4338 2773 4392 critt.
2795 4357 2855 4410 p.
2883 4334 2979 4407 55,
3002 4338 3108 4391 nisi
3130 4335 3286 4409 quod
3302 4354 3419 4389 ma-

251 4424 502 4481 Stnbaeus
525 4424 710 4483 Foril.
747 4424 844 4499 59,
864 4444 920 4495 7,
948 4444 1078 4481 cuin
1115 4428 1378 4481 lemmate
1411 4422 1700 4502 Ἀρχίππου
1733 4444 1744 4477 t
1793 4448 1804 4490 ι
1848 4425 1953 4479 luit
1995 4424 2133 4479 διακ.
2173 4422 2251 4479 ὁδὶ
2280 4420 2507 4500 βαδίζει,
2532 4444 2709 4497 quum
2740 4426 2812 4479 sit
2834 4424 3229 4491 verosimilius,
3274 4422 3419 4476 sorte

829 4596 1086 4651 mimo.

931 4704 976 4753 1.

175 4778 404 4846 illaesus,
435 4788 594 4838 exuta
630 4790 782 4839 veste
800 4824 816 4848 ,
839 4784 980 4852 abit,

167 4882 366 4922 corona
393 4868 644 4940 imposita
663 4869 926 4940 eceylista
941 4912 958 4939 ‚
985 4870 1234 4927 domum.

521 5008 626 5063 Ex
666 5009 998 5067 INCERTIS
1035 5012 1361 5067 FABULIS.

165 5188 340 5248 Quam
361 5178 524 5237 dulce
549 5190 634 5237 est
664 5198 816 5239 mare
836 5201 898 5238 ex
925 5105 1068 5241 tle-rm
1092 5188 1435 5258 conspicere,

167 5276 356 5334 nsater,
383 5268 532 5325 nullo
561 5268 730 5326 modo
759 5273 1014 5341 navigare
1039 5275 1390 5345 cogitantem.

3366 4542 3401 4550 ι-

2608 4614 2659 4664 2.

1849 4712 2173 4769 Fossoribus
2195 4754 2209 4780 ‚
2246 4712 2571 4779 hortulaniS,
2600 4714 2976 4784 asin-ariisque‚

1847 4810 1900 4857 et
1932 4808 2191 4872 praeterea
2222 4799 2438 4855 feminis
2464 4800 2839 4857 runcantibus,

2604 4922 2653 4972 3.

1952 5036 2021 5043 —
2052 5004 2291 5059 Molliter

1797 5069 1803 5188 ,
1845 5090 2086 5162 φηάιιηι
2118 5090 2381 5160 graditur,
2410 5100 2613 5147 vestem
2646 5090 2889 5157 trahem,

1798 5195 1804 5252 ι
1847 5185 1910 5233 ut
1934 5194 2097 5247 quam
2126 5178 2355 5234 maxime
2380 5180 2572 5233 similis
2600 5179 2844 5233 videatur
2872 5178 3035 5247 patri,

1797 5295 1804 5327 ί
1848 5266 2212 5337 inclinataquc
2234 5269 2439 5322 cervice
2472 5266 2647 5322 fertur
2674 5275 2726 5321 ct
2744 5266 2993 5321 balbutit.

3126 5368 3171 5403 18
