3809 5850
1533 408 2007 474 POLYZELUS.

243 542 336 610 τὴν
361 544 498 601 ναῦν
525 538 702 613 ὅπως
737 538 1014 630 τάχιστα
1043 549 1162 607 τῶν
1193 552 1394 607 κακῶν
1427 542 1709 610 ἀπαλλα-

1507 676 1707 741 γηναι.

247 747 652 841 Ταυτὶτιὶτρία
661 754 1078 843 Θηραμένους,
1097 753 1140 818 ἅ
1149 779 1244 819 σοι
1257 751 1540 847 φυλακτέ’
1554 755 1705 824 ἐστί.

177 882 396 935 Similiter
419 879 624 936 Suidas
659 900 718 941 v.
747 880 878 939 Τῶν
907 904 993 961 τρ.
1037 886 1236 941 κακῶν.
1279 888 1524 961 Hesych.
1567 888 1710 947 Τῶν

173 970 334 1045 τριῶν
359 964 422 1024 ἔν
445 989 458 1023 z
483 966 818 1047 Θηραμένης
839 970 1132 1050 ἐψηφίσατο
1152 978 1287 1051 τρεῖς
1301 973 1555 1053 τιμωρίας
1573 974 1712 1034 κατὰ

163 1060 248 1111 τῶν
275 1054 572 1133 παράνομόν
599 1078 650 1115 τι
691 1056 958 1135 δρώντων.
1001 1059 1197 1120 Schol.
1227 1064 1525 1139 Aristoph.
1558 1067 1706 1123 Ran-

163 1146 258 1211 546
285 1164 300 1203 :
323 1144 460 1201 δοκεῖ
485 1134 634 1211 οὗτος
667 1144 1114 1224 (Theramenes)
1151 1146 1244 1207 καὶ
1271 1154 1438 1207 ταῦτα
1479 1149 1546 1209 τὰ
1587 1150 1708 1230 τρία

155 1231 544 1311 ἐπιψηφίσασθαι
573 1232 665 1290 ἐπὶ
709 1233 900 1311 ζημία,
933 1234 972 1305 ἢ
997 1234 1340 1311 δεσμεύεσθαι
1363 1237 1417 1295 ἔν
1447 1240 1522 1318 τῷ
1550 1236 1707 1318 ξύλῳ,

151 1318 176 1387 Ξ
199 1326 320 1377 πιεῖν
345 1317 583 1392 κώνειον,
608 1319 646 1391 ἢ
667 1324 930 1401 ἐκφυγεῖν.
959 1328 1045 1381 De
1067 1325 1248 1381 tribus
1267 1326 1450 1403 malis,
1473 1346 1711 1397 prover-

147 1410 232 1464 bio
253 1409 434 1485 dictis,
459 1410 730 1466 laudatur
757 1412 1014 1470 Lobeck.
1040 1414 1318 1487 Aglaoph.
1341 1432 1402 1488 p.
1431 1420 1568 1484 740.
1601 1414 1708 1473 Ce-

149 1510 312 1553 terum
339 1499 474 1553 libri
495 1494 680 1576 Τριῶν
714 1519 772 1557 κ.
809 1502 934 1575 γοῦν
965 1500 1194 1577 (Suidas
1214 1501 1314 1579 Tp.
1345 1504 1469 1576 γοῦν
1499 1504 1704 1579 κακῶν)

145 1574 198 1653 ἦν
221 1586 300 1645 ἓλ.
330 1585 476 1664 αὐτῷ
503 1607 558 1641 τι
580 1607 640 1643 π.
669 1586 780 1657 dm,
809 1587 871 1644 iu
899 1588 1105 1663 quibus
1133 1588 1312 1646 Mein.
1347 1588 1706 1646 desiderabat

145 1676 205 1729 ἐν.
229 1678 402 1731 Versu
421 1694 456 1730 α
479 1675 618 1731 libri
634 1672 671 1744 ἢ
700 1672 848 1741 ξύλον
872 1676 956 1755 ἐφ.
983 1674 1276 1755 Προδόντα,
1295 1677 1636 1751 prodentem
1661 1678 1701 1733 i.

147 1782 186 1819 e.
215 1763 418 1836 praedae
447 1763 688 1821 dantem
725 1766 1036 1841 navigium,
1083 1765 1245 1839 quod
1285 1766 1700 1837 conscenderit,

145 1854 356 1907 inimico
375 1852 468 1906 vel
477 1850 662 1923 judici
675 1854 1057 1928 persequenti,
1075 1854 1122 1909 si
1136 1853 1198 1910 id
1209 1864 1492 1910 assecutus
1506 1854 1698 1910 suerit.

146 1943 199 1995 V.
253 1940 284 1995 3
328 1960 538 2015 parum
585 1941 780 2017 placet
815 1944 1122 2016 repetitum
1166 1942 1372 2013 κακῶν,
1429 1943 1706 2017 glossema

145 2029 265 2083 illud
308 2030 518 2085 sortase
569 2028 920 2105 adscriptum
947 2032 1196 2105 genuino
1250 2030 1476 2089 δικῶν.
1538 2034 1607 2089 V.
1669 2038 1702 2099 Ι.

142 2118 296 2191 uulgo
321 2115 469 2173 ταῦτ’
493 2113 610 2173 ἔστι
643 2114 762 2193 τρία
789 2116 934 2195 Θηρ.
965 2114 1190 2175 Placuit
1206 2118 1477 2175 Meinekii
1503 2117 1703 2192 conje-

145 2216 284 2261 cmi-a
307 2204 482 2265 Ταυτὶ
505 2202 576 2261 τὰ
599 2203 718 2283 τρία
747 2205 820 2265 Θ.

211 2412 508 2501 Erotianits
533 2446 674 2504 Lex.
693 2444 979 2521 Hippocr.
1005 2464 1067 2521 p.
1107 2444 1216 2503 130
1251 2446 1375 2516 Fr„
1415 2432 1574 2505 Οἶνον
1605 2443 1700 2499 αὗ-

139 2528 268 2603 tim
295 2554 310 2588 :
335 2533 424 2590 τὸν
444 2530 815 2609 ἀπαράχυτον,
839 2532 910 2599 ὣς
934 2530 1026 2590 καὶ
1053 2534 1186 2593 Πολ.
1215 2534 1268 2591 ἐν
1287 2528 1704 2610 Δημοτυνδάρεῴ

137 2644 300 2698 ῨἾἮῊ

215 2734 466 2813 ἀπαθὴς
499 2736 618 2830 γὰρ
644 2736 898 2814 αὐτίτης
925 2742 982 2803 τ’
1019 2734 1090 2805 ἃν
1109 2737 1337 2805 ἅπασιν
1367 2738 1602 2830 ἐγένετο

211 2830 570 2911 Θεοξενίοις.

125 2965 243 3023 Scil.
271 2953 430 3028 οἶνος.
457 2963 671 3021 Athen.
705 2982 754 3034 1,
785 2981 844 3038 p.
889 2962 957 3020 31
983 3003 1002 3032 ‚
1036 2961 1080 3020 E
1115 2982 1128 3018 :
1175 2959 1476 3032 Πολύζηλος
1509 2957 1564 3017 δὲ
1592 2959 1696 3018 αὖ·

121 3049 296 3122 eit-21·-
323 3049 484 3108 καλεῖ
507 3039 669 3109 οἶνον.
697 3053 859 3110 Erot.
879 3051 1150 3108 mendose
1177 3046 1381 3124 ’Λμαθδι
1409 3071 1461 3124 γ.
1485 3045 1699 3106 αὖτίταν

115 3140 238 3196 πᾶσί
265 3161 328 3196 τε
353 3137 622 3208 θεοξενίης
661 3137 886 3214 ἐγένετο.
921 3139 1100 3197 Paulo
1142 3140 1341 3196 melius
1367 3137 1572 3194 Suidas
1595 3156 1689 3213 ap.

113 3228 482 3286 Eustachimn
531 3213 857 3302 (incertum
921 3246 1038 3301 quo
1098 3228 1231 3284 loco
1265 3224 1309 3304 ),
1363 3221 1602 3300 Ἀμαθῶς
1641 3247 1694 3300 γ.

111 3315 302 3381 tritine
323 3315 466 3374 πᾶσί
505 3337 566 3374 τε
601 3313 844 3382 θεοξὲνοις
871 3313 954 3390 ἔγ.
991 3319 1078 3372 De
1125 3315 1500 3387 Theoxeniis,
1547 3313 1698 3371 ludis

111 3406 584 3481 Apollinaribus,
636 3424 698 3462 ν.
740 3423 876 3463 ann.
917 3403 992 3459 ad
1020 3403 1254 3460 Pindari
1304 3404 1394 3461 Ol.
1445 3402 1498 3468 3,
1550 3412 1609 3458 et
1639 3425 1694 3475 7,

111 3495 337 3550 Boeekh.
365 3495 538 3568 Expl.
564 3491 799 3550 Pindar.
831 3511 896 3566 p.
939 3499 1074 3565 194,
1117 3489 1358 3550 Pausan.
1409 3509 1466 3560 7,
1503 3511 1603 3565 27,
1635 3501 1690 3560 4.

112 3577 360 3651 Quaevis,
391 3581 625 3650 illesus,
649 3599 770 3636 non
791 3589 1100 3654 corruptus
1127 3597 1300 3654 aqua.

883 3693 936 3749 3.

181 3827 375 3899 Etym.
427 3825 516 3881 M.
565 3841 626 3898 p.
683 3823 822 3893 343,
873 3831 968 3894 42,
1009 3819 1408 3899 Ἐννεάκρουνος
1459 3837 1474 3879 :
1525 3817 1690 3898 κρήνη

124 3908 349 3982 Ἀθήνησι
385 3909 541 3988 παρὰ
589 3910 678 3967 τὸν
708 3908 958 3981 Ἰλισσὸν,
998 3913 1032 3980 ἡ
1077 3907 1328 3987 πρότερον
1369 3905 1691 3988 Καλλιρρόη,

127 3987 174 4064 ἧς
207 3999 294 4056 καὶ
331 4001 460 4080 [ἀφ’
489 3989 554 4070 ἧς
584 3997 788 4076 deleo]
813 3996 1009 4077 λουτρὰ
1055 3997 1172 4062 ταῖς
1203 3993 1563 4074 γαμουμέναις
1595 4017 1693 4071 με-

132 4085 268 4145 ziza.
295 4087 376 4146 Π.
409 4084 846 4164 Δημοτυνδᾶρεῳ
869 4085 896 4109 ”
927 4083 982 4142 δὲ

209 4213 378 4302 ἥξεις
413 4213 476 4286 δ’
507 4223 608 4286 ἐπ’
633 4214 1090 4312 Ἐννεάκρουνον,
1124 4217 1361 4308 εὔυδρον
1401 4216 1610 4282 ποτόν.

141 4377 284 4448 Apud
307 4396 546 4452 gramm.
569 4377 748 4451 vulgo
781 4373 958 4433 Καλλ.
993 4369 1160 4442 ἔσκεν,
1203 4369 1277 4428 de
1313 4389 1431 4444 quo
1471 4370 1642 4426 Mein.
1671 4387 1685 4422 ε

3262 440 3373 491 335

1803 558 1935 603 sunt
1959 559 2145 623 poetae
2162 588 2179 617 ,
2203 551 2261 605 ni
2280 550 2467 621 fallor,
2500 554 2865 611 Alexandrini
2878 599 2899 629 ,
2914 558 3023 613 nisi
3044 558 3189 619 forte
3208 560 3385 619 choe-

1805 637 1896 691 rili
1922 637 1983 691 in
2010 639 2266 694 Persicis.
2290 640 2662 698 Callimachus
2678 644 2882 717 fragm.
2920 647 3027 703 163
3058 666 3075 707 τ
3100 648 3155 705 ἐν
3180 649 3305 727 Δίῃ,
3324 651 3387 708 τὸ

1805 718 1909 799 γὰρ
1942 720 2065 781 ἔσκε
2093 724 2412 804 παλαίτερον
2442 725 2639 804 οὕνομα
2668 729 2846 809 Νάξῳ.
2880 760 2905 784 ι
2931 736 3085 792 Nihil
3115 738 3207 795 hlc
3242 758 3387 814 poc·

1804 812 1925 885 tici,
1950 812 2051 867 sed
2074 814 2225 870 forte
2248 826 2408 887 orta,
2440 818 2711 891 gliscente
2738 820 3167 900 depravatione,
3190 830 3244 891 ἃς
3266 848 3380 897 και,

1803 900 1854 963 ἐς
1881 920 1964 970 κε,
1996 896 2139 969 ἔσκε,
2170 920 2239 959 ex
2266 892 2331 973 ἧς
2358 903 2470 975 καὶ,
2501 907 2595 963 cui
2612 908 2888 981 glossator
2906 912 3111 985 aliquis
3132 914 3383 972 allevisse

1801 985 2031 1043 videtur
2054 984 2141 1065 ἀφ’
2161 976 2245 1059 ἧς.
2268 992 2491 1048 Deinde
2518 993 2678 1067 quod
2699 1006 2827 1069 post
2848 996 3270 1079 Δημοτυνδᾶρεῳ
3292 1003 3384 1059 le-

1802 1076 1956 1149 gitar
1975 1072 2051 1146 δὲ,
2072 1088 2263 1134 ortum
2288 1078 2461 1136 fuerit
2478 1098 2549 1136 ex
2571 1070 2616 1137 ὦ
2633 1081 2662 1137 δ
2675 1102 2721 1137 ε.
2751 1084 3061 1141 Librorum
3090 1082 3192 1153 ἕξει
3210 1087 3382 1147 ἐννεᾶ·

1803 1182 2014 1239 κροιςνον
2042 1161 2253 1244 ἔνυδρον
2276 1164 2435 1225 τόπον
2462 1171 2687 1246 egregie
2714 1173 2965 1229 correxit
2994 1176 3169 1236 Mein.

2558 1320 2619 1381 4.

1881 1454 2085 1512 Pollux
2119 1474 2212 1527 ιο,
2236 1456 2310 1527 76
2342 1475 2357 1513 τ
2390 1459 2481 1513 καὶ
2513 1458 2664 1515 τοῦτο
2694 1456 2935 1533 (pelvim
2963 1460 3367 1531 vomitorium)

1800 1540 2025 1614 λεκάνην
2072 1540 2369 1619 ὠνόμαζον,
2420 1545 2491 1609 ὥς
2522 1546 2777 1622 Κρατῖνος
2823 1546 2876 1604 ἕν
2920 1540 3122 1625 Ὥραις
3164 1548 3258 1625 (fr.
3304 1550 3375 1625 6)

1801 1628 1905 1709 ἔφη
2036 1631 2176 1692 Πολ.
2208 1630 2263 1689 δᾶ
2292 1632 2347 1689 ἰν
2368 1632 2514 1707 Any..

1903 1788 2006 1861 Τῷ
2033 1776 2291 1863 λεκανίῳ
2322 1774 2435 1871 γὰρ
2468 1776 2885 1857 ἐναπονίπτεις
2926 1788 3139 1872 πρῶτα
3188 1784 3324 1874 μὲν,

1901 1874 2189 1972 ἐνεξεμεῒς
2231 1876 2291 1947 δ’
2305 1929 2324 1966 ,
2362 1884 2759 1969 ἑνεκπλύνεις,
2794 1887 3226 1973 ἐναποπατεῖς,

1901 1981 1952 2048 ὦ
1986 1986 2266 2051 Κλεινία.

1800 2149 1963 2206 Libri
1990 2148 2103 2209 λὲκ.
2126 2146 2228 2227 γὰρ
2256 2150 2463 2227 πρῶτον
2494 2147 2591 2225 μὲν
2638 2150 2909 2229 ἀπονίψεις
2927 2191 2944 2222 ,
2986 2152 3040 2209 ἐν
3067 2150 3285 2228 ἰξέμεις,
3320 2156 3373 2211 ἐν

1800 2233 2092 2308 ἐκπλύνεις,
2125 2238 2179 2294 ἐν
2208 2235 2495 2303 ἀποδάσεις
2532 2236 2758 2296 Κυάνια.
2792 2242 3012 2296 Inserui
3038 2238 3120 2312 δὲ,
3149 2252 3207 2298 et
3235 2242 3371 2299 dedi

1803 2322 2132 2396 ἄπονίπτεις,
2162 2344 2237 2381 ne
2266 2345 2445 2381 unum
2487 2327 2745 2383 futurum
2795 2330 3201 2387 interturbaret
3227 2350 3375 2407 prae-

1794 2414 2067 2472 sentibus.
2104 2412 2322 2471 Κλεινία
2358 2416 2635 2473 Dobraeus
2657 2416 2807 2475 Adv.
2850 2434 2907 2491 1,
2932 2436 2994 2493 p.
3030 2417 3168 2489 578.
3202 2420 3375 2475 Bent-

1794 2502 1937 2559 leius
1956 2501 2162 2572 Φανία,
2192 2502 2384 2563 Elmsl.
2408 2504 2484 2562 ad
2511 2504 2757 2563 Acharn.
2790 2524 2813 2562 1
2830 2524 2937 2563 uo
2962 2504 3167 2567 Μανία.

2552 2643 2612 2704 5.

1875 2800 2067 2857 Schol.
2100 2802 2339 2858 Luciani
2378 2802 2522 2859 Tim.
2556 2796 2590 2855 3
2639 2819 2653 2854 =
2700 2799 2839 2860 Πολ.
2886 2799 2941 2861 δὲ
2990 2800 3044 2860 ἓν
3092 2805 3169 2882 τῷ
3219 2804 3367 2881 Δημ.

1793 2886 1979 2967 Φρύγ
1996 2912 2029 2946 α
2050 2888 2205 2947 αὐτὸν
2233 2876 2393 2960 εἶναι,
2423 2888 2495 2954 εἷς
2516 2886 2575 2946 τὸ
2604 2885 2875 2968 βάρὸαρον
2900 2886 3183 2964 σκώπτων,
3217 2892 3367 2971 φησί.

1795 2977 2187 3052 Hyperbolum
2208 2977 2350 3034 dicit
2380 2997 2393 3032 ε
2427 2996 2483 3036 V.
2509 2976 2629 3050 ejus
2656 2979 2891 3036 nomine
2914 2979 3247 3056 inscriptam
3278 2981 3369 3038 fa-

1796 3067 1991 3122 bulam
2012 3067 2279 3126 Platonis.

2174 3246 2251 3307 11.
2294 3244 2473 3304 AION
2481 3244 2685 3306 ΥΣΟΥ
2730 3247 2980 3310 ΓΟΝΑῙ.

1869 3412 2071 3468 Pollux
2098 3428 2192 3480 10,
2234 3426 2346 3482 ¹09
2376 3425 2391 3464 :
2420 3397 2454 3478 ἦ
2482 3428 2583 3466 που
2614 3406 2669 3466 δὲ
2694 3407 2785 3466 καὶ
2806 3407 3025 3489 φρογεὺς
3052 3409 3143 3469 καὶ
3172 3412 3367 3493 <9915st-

1794 3521 1939 3578 τρον,
1971 3497 2031 3556 τὸ
2058 3495 2155 3572 μὲν
2192 3493 2475 3576 φρύγετρον
2522 3493 2833 3566 Πολυζήλου
2866 3496 3131 3574 εἰρηκότος
3157 3499 3213 3556 ἐν
3239 3504 3365 3561 Δια--

1786 3587 1945 3646 νύσου
1966 3588 2140 3664 γοναῖς
2168 3611 2193 3636 α
2222 3573 2411 3664 Οὗπερ
2432 3583 2489 3640 αἱ
2508 3581 2702 3662 χύτραι
2726 3581 3019 3664 κρέμανται
3040 3584 3131 3645 καὶ
3157 3585 3217 3645 τὸ
3238 3588 3367 3669 φρύ-

1785 3697 1967 3756 γετρον
1992 3673 2101 3756 (cf.
2126 3661 2643 3750 Cephisodori²l⁴<‚
2670 3680 2702 3740 4
2720 3671 2760 3752 ).
2785 3675 3083 3732 Senarium
3102 3679 3361 3736 restitue·

1787 3767 1865 3822 ris
1890 3763 2195 3822 scribendo

1885 3917 2085 4010 Οὗπερ
2116 3918 2309 4008 χύτρα
2348 3914 2644 4008 κρέματαί
2673 3941 2741 3981 τε
2774 3915 2875 3981 καὶ
2906 3915 2979 3981 τὸ
3012 3917 3349 4009 φρύγετρον.

1787 4098 1987 4159 Culina
2028 4096 2259 4154 dicitur.
2306 4119 2327 4144 ἰ
2372 4097 2458 4151 De
2492 4094 2605 4150 hoc
2655 4095 2789 4150 loco
2833 4093 2977 4149 dixit
3024 4093 3361 4168 Leopardus

1784 4187 2021 4243 Emend.
2079 4205 2136 4259 7,
2195 4183 2249 4242 3.
2286 4209 2311 4233 ι
2362 4185 2543 4242 Mem.
2603 4182 2765 4238 Idem
2808 4183 2952 4238 Hist.
3012 4181 3141 4241 crit.
3190 4183 3355 4244 Com.

1781 4295 1841 4350 p.
1874 4276 2012 4343 261,
2039 4273 2322 4343 observat,
2342 4289 2539 4327 omnes
2562 4269 2782 4326 fabulas
2800 4269 2873 4324 de
2897 4270 3137 4325 deorum
3154 4273 3359 4327 natali-

1783 4365 1913 4440 bus,
1928 4364 1972 4418 si
2002 4363 2169 4417 unius
2194 4361 2493 4434 Hermippi
2520 4356 2737 4428 Ἀθηνᾶς
2763 4353 2917 4435 γονὰς
2937 4359 3205 4433 excipias,
3232 4377 3355 4414 mc-

143 4485 160 4508 ·
183 4465 356 4522 Verba
391 4462 648 4543 πρότερον
693 4459 1002 4539 Καλλιρρόη
1065 4457 1215 4516 ἔσκεν
1271 4459 1690 4516 hemistichium
1731 4445 1740 4510 l
1783 4454 1891 4509 diae
1918 4449 2212 4508 comoediae
2235 4450 2579 4524 scriptorum
2607 4465 2741 4504 esse.

145 4640 306 4684 navem
322 4646 482 4703 quam
508 4628 780 4688 citissime
797 4641 857 4685 se
881 4626 1038 4683 malis
1057 4627 1244 4694 [corr.
1271 4623 1498 4692 litibus}
1517 4620 1689 4679 exsol-

2549 4618 2580 4666 3

1549 4713 1682 4779 [vat.
1785 4707 1981 4761 venies
2005 4699 2071 4757 ad
2102 4702 2531 4766 Enneacrunon,
2556 4653 2830 4754 salubrem
2852 4703 3065 4770 potum.

147 4799 388 4858 uaecsunt
419 4803 522 4860 tria
550 4801 646 4859 illa
666 4799 1046 4867 TlierameniS‚
1069 4813 1193 4872 quoe
1225 4807 1280 4856 te
1311 4811 1499 4855 cavere
1524 4811 1685 4868 opor-

2548 4794 2603 4843 4.

1543 4886 1681 4951 [tet.
1784 4881 1848 4933 ln
1873 4875 2012 4948 pelvi
2036 4875 2182 4931 enim
2214 4875 2454 4946 primum
2474 4872 2669 4939 abluis,

882 5031 936 5080 2.

149 5145 342 5206 mmm
385 5154 534 5208 enlm
559 5149 839 5218 (vinum)
865 5153 921 5200 et
945 5144 1248 5216 genuinum
1279 5141 1534 5200 omnibus
1567 5149 1682 5198 erat

145 5233 432 5294 Tlieoxeuiis-

1779 4971 1900 5021 tum
1928 4961 2153 5032 evomis,
2174 4977 2461 5034 expurgati,
2488 4967 2732 5016 ventrem
2752 4974 3034 5024 exoneras,

1779 5051 1971 5108 cuma·
2238 5137 2499 5192 BACCHI
2538 5135 2886 5190 NATALES.

1779 5226 1890 5283 Ubi
1913 5234 1967 5283 et
1996 5225 2103 5286 olla
2124 5223 2342 5295 pendet,
2366 5232 2416 5280 et
2436 5232 2611 5280 crates
2633 5220 2803 5278 ferrea
2833 5219 2954 5286 (vel
2971 5217 3265 5284 rudicula).
