3809 5850
313 349 430 404 684

459 475 656 562 ὥσπερ
681 469 938 537 ἐπίτεινε
972 473 1174 562 λύραν,
1209 474 1316 548 ἕως
1345 466 1416 536 ἃν
1437 467 1578 550 ἦδος
1607 470 1644 564 ἦ
1670 491 1684 507 ·

331 595 410 642 ιο
465 571 604 659 εἷθ’,
643 575 868 642 ὁπόταν
887 569 1007 648 ἤδη
1036 575 1239 642 πάντα
1266 583 1601 668 συμφωνεῖν
1625 569 1775 666 δοκῇ
1803 624 1819 660 ,

461 681 640 774 ἔσαγε
657 673 765 746 διὰ
789 691 1002 748 πασῶν
1031 673 1382 769 Νικολᾷδας
1403 681 1698 758 Μυκονίας
1711 731 1724 746 .

320 843 498 898 Versu
521 861 554 899 α
583 844 665 899 ita
689 843 954 901 Dindorf.
981 842 1140 900 Libri
1165 838 1420 918 θεμέλιος,
1451 860 1631 917 quum
1655 852 1886 898 antece-

316 929 416 984 dat
453 929 627 988 τοῦτο.
681 931 753 988 V.
805 929 839 985 3
875 927 944 986 τὰ
988 925 1348 1005 παρατιθέντα
1363 973 1382 1000 ,
1445 934 1720 1004 apposita,
1769 947 1890 984 non

317 1027 484 1072 cocta
515 1017 588 1073 ad
617 1017 902 1074 edendum
917 1061 936 1090 ,
967 1037 1092 1092 quae
1121 1029 1204 1074 est
1249 1018 1498 1076 solennis
1524 1017 1686 1074 verbi
1715 1017 1890 1092 signi-

316 1103 535 1174 ficatio,
551 1101 652 1158 scd
685 1110 995 1178 pra-posita
1049 1123 1240 1180 coquo
1289 1105 1640 1180 apparanda.
1701 1105 1890 1176 Quare

317 1190 564 1248 Meinek.
591 1192 924 1264 requirebat
963 1212 1094 1270 παρ
1109 1215 1144 1248 α
1159 1188 1458 1252 δοθέντα.
1483 1191 1748 1252 Versibus
1783 1189 1889 1266 5-9

318 1277 490 1352 vulgo
509 1273 672 1333 ἔπειτ’
687 1275 819 1335 ἐπὰν
843 1269 879 1358 ᾖ
897 1301 954 1340 κ.
973 1279 1172 1358 τᾴσθ...
1198 1277 1526 1357 διαμάρτοις.
1545 1277 1637 1356 ἕψε
1659 1274 1751 1334 καὶ
1767 1275 1890 1352 γεύ-

319 1385 376 1420 ου
407 1363 512 1441 (sic
537 1366 743 1422 Coraes
771 1384 867 1442 ap.
897 1367 1216 1444 Schweigh.
1249 1387 1360 1444 pro
1383 1368 1660 1424 mendoso
1683 1362 1745 1442 γε’
1771 1364 1828 1421 οὐ
1843 1373 1886 1434 ).

320 1448 392 1507 ἔτ’
419 1453 550 1522 (hoc
585 1451 846 1510 additum
865 1473 898 1510 a
920 1455 1188 1512 Jacobsio
1211 1460 1229 1526 )
1249 1452 1506 1513 ἐπιδεῖταί
1539 1455 1600 1536 (ι
1626 1455 1706 1511 sic
1725 1455 1884 1511 Plato

320 1541 382 1595 in
414 1541 730 1618 Protagora
765 1543 1000 1616 aliisque
1042 1543 1185 1598 locis
1225 1538 1306 1599 ἔτι
1333 1542 1585 1602 ἐπιποθῶ.
1619 1566 1645 1592 ¹·
1666 1541 1886 1616 Mein.)

319 1649 455 1693 τινος
481 1627 658 1710 ἕτερου
693 1629 844 1708 (hoc
872 1633 1080 1707 legitur
1104 1633 1343 1706 quidem
1371 1635 1431 1688 in
1451 1632 1619 1688 codd.
1643 1633 1760 1704 AB,
1791 1631 1890 1688 sed

321 1722 588 1774 omissum
609 1731 694 1776 est
721 1721 783 1774 in
803 1720 944 1788 Pvc
961 1761 978 1790 ,
998 1721 1271 1796 glossema
1292 1721 1535 1792 scilicet)
1555 1717 1715 1776 πάλιν
1736 1715 1890 1796 γεύου

321 1805 654 1886 συμμετρίαν
683 1805 893 1886 ἁρμόσῃ
917 1805 1096 1887 ὥσπερ
1121 1806 1285 1887 λύραν
1316 1806 1572 1866 ἐπιτεῖναί
1591 1807 1643 1884 γ’
1669 1809 1741 1876 ὣς
1767 1806 1892 1880 ἡδὺς

323 1883 388 1952 εἶ.
420 1897 662 1954 Meinek.
697 1897 1188 1958 vocibusalterius
1209 1915 1404 1955 versus
1428 1897 1504 1954 ad
1529 1899 1769 1955 alterum
1801 1916 1891 1955 re·

319 1985 466 2056 latis,

401 2100 614 2182 ἐτέρου,
644 2099 805 2161 πάλιν
832 2099 986 2180 γεύου
1006 2100 1071 2161 σὺ
1101 2099 1262 2182 μέχρι
1290 2099 1353 2160 ἂν
1388 2099 1516 2173 ἡδὺς
1538 2091 1592 2180 ᾖ.

325 2223 558 2284 Jacobs.
589 2221 750 2280 πάλιν
785 2220 942 2301 γεύου
978 2221 1060 2280 σύ·
1104 2221 1274 2303 μέτρι’
1305 2221 1603 2302 ἀναρμόσῃ,
1625 2219 1804 2302 ὥσπερ
1833 2223 1888 2285 λ.

321 2308 552 2368 tuta-mi
572 2313 624 2387 γ’
654 2308 752 2378 ἕως
781 2309 842 2368 ἂν
866 2307 992 2381 ἡδὺς
1013 2300 1068 2388 ᾗ.
1101 2313 1310 2369 Procul
1329 2313 1510 2370 dubio
1529 2331 1726 2369 verum
1747 2302 1890 2388 ἦδος,

323 2400 396 2457 de
423 2419 541 2474 quo
571 2401 689 2456 dixi
714 2399 790 2459 ad
815 2400 980 2460 Iliad.
1019 2419 1073 2471 1,
1103 2398 1240 2474 576.
1273 2403 1339 2460 V.
1384 2419 1454 2457 10
1495 2399 1624 2480 δοκῇ
1663 2401 1891 2462 Jacobs.

323 2489 470 2548 Cod.
509 2491 560 2546 A
606 2487 762 2560 δοκῆς
771 2531 794 2565 ,
837 2491 978 2549 PVL
1005 2487 1166 2548 δοκεῖ.
1213 2493 1280 2550 V.
1322 2508 1388 2546 11
1421 2486 1508 2546 διὰ
1531 2489 1738 2548 πασῶν.
1777 2513 1804 2540 σι
1824 2490 1896 2544 In

321 2596 428 2632 usu
446 2577 817 2634 forinularum
831 2581 966 2634 artis
982 2579 1206 2634 musice
1222 2577 1298 2634 ad
1313 2578 1704 2651 coquinariam
1715 2588 1896 2633 trans-

321 2665 563 2721 latarum
591 2666 818 2722 videtur
847 2683 966 2722 esse
993 2667 1246 2722 imitatus
1273 2669 1665 2723 Damoxenum
1696 2667 1886 2740 Syntr.

327 2753 401 2810 55
431 2772 574 2828 seq.;
603 2754 674 2810 cf.
702 2755 1082 2811 Athenionem
1110 2755 1466 2816 Samothrac.
1498 2755 1593 2814 31.
1623 2757 1768 2811 Tum
1792 2755 1896 2813 Νι-

325 2839 552 2920 κολᾷδας
591 2841 852 2900 Dindorf.
901 2862 1013 2918 pro
1045 2835 1399 2916 Νικολαΐδας,
1445 2861 1614 2917 quas,
1668 2844 1896 2900 aliunde

323 2929 672 3007 incognitas,
710 2930 1092 3007 probabiliter
1131 2932 1376 2992 Casaub.
1409 2933 1674 3011 intelligit
1705 2950 1894 2989 mere-

325 3019 522 3091 trices,
562 3030 683 3075 tum
725 3020 998 3096 gratiosas
1040 3020 1196 3095 apud
1223 3018 1484 3097 juvenes,
1511 3040 1650 3095 quas
1677 3040 1896 3097 coquus

324 3106 612 3165 adducere
639 3107 715 3164 ad
750 3107 1075 3163 convivium
1093 3108 1348 3181 jubetur.
1374 3133 1402 3161 ›-
1423 3110 1476 3165 E
1499 3110 1608 3180 M„
1648 3112 1749 3184 qui
1773 3128 1895 3167 ser-

326 3183 458 3251 'vata
485 3196 754 3253 codicum
774 3196 1059 3270 scriptura
1093 3190 1272 3275 εἴσαγε
1299 3212 1314 3255 :
1361 3222 1388 3247 κ
1421 3196 1764 3273 Perdignus,
1807 3198 1896 3253 in-

328 3284 476 3359 quit,
499 3294 816 3341 memoratu
823 3284 916 3338 hic
929 3302 1124 3340 versus
1137 3295 1221 3339 ωε
1231 3294 1471 3360 propter
1483 3285 1751 3359 anapaesti
1765 3302 1896 3341 cum

329 3370 556 3446 dactylo
605 3372 1102 3449 conjunctionem3
1161 3371 1321 3444 cujus
1371 3373 1491 3448 rei,
1530 3391 1656 3447 quae
1693 3373 1896 3447 passim

329 3461 589 3534 exempla
607 3461 992 3537 reperiuntur,
1014 3460 1316 3518 emendata
1337 3473 1487 3533 sunt,
1501 3463 1592 3519 vel
1606 3462 1894 3519 emendari

329 3548 560 3624 debent,
588 3550 664 3605 ad
697 3568 873 3605 unum
911 3552 1132 3620 omnia;
1167 3550 1460 3608 Machonis
1488 3562 1680 3607 autem
1704 3570 1900 3609 versus

330 3654 558 3693 omnem
581 3638 924 3695 emendandi
949 3649 1218 3695 conatum
1237 3640 1606 3713 pertinaciter
1617 3641 1852 3714 respuit.
1873 3664 1898 3690 ι.

327 3728 535 3779 Verum
573 3724 624 3788 ἐς
667 3744 785 3781 non
833 3726 1020 3781 minus
1055 3736 1332 3800 usurpant
1378 3728 1549 3783 Attici
1578 3746 1750 3801 quam
1777 3726 1848 3793 εἰς
1881 3746 1894 3783 =

327 3812 520 3885 itaque
549 3811 854 3868 scribendo
876 3809 1034 3888 ἔσαγε
1065 3812 1455 3869 difficultatem
1481 3812 1744 3869 facillime
1771 3813 1900 3869 abs-

329 3900 453 3958 tuli.
486 3898 926 3975 Frequentiores
950 3902 1152 3959 breves
1177 3903 1236 3957 in
1269 3902 1556 3957 tribracho
1591 3913 1646 3959 et
1677 3920 1900 3977 anapae·

327 3998 416 4041 sto
444 3987 764 4059 conjunctis
793 3998 938 4064 aptae
974 4001 1108 4047 sunt
1149 3990 1234 4046 rei
1267 3989 1500 4046 ludicrae
1533 4000 1590 4045 et
1616 3990 1775 4049 laetae.
1815 3993 1900 4046 De

330 4077 568 4147 Mycono
591 4076 836 4149 Cyclade
873 4079 1056 4135 insula
1082 4097 1154 4135 ex
1189 4077 1532 4151 majoribus,
1557 4077 1674 4135 vid.
1713 4077 1896 4136 Baehr.

331 4162 403 4217 ad
433 4164 714 4222 Herodot.
738 4166 794 4235 6,
829 4184 852 4220 1
871 4166 962 4223 18.

439 4433 582 4489 velut
609 4433 740 4506 lyrae
765 4433 999 4491 chordas
1023 4434 1264 4505 intende,
1291 4436 1424 4493 dum
1453 4436 1698 4510 expedit3

335 4530 403 4579 10
439 4520 590 4591 dein,
617 4538 787 4596 quum
807 4520 918 4594 iam
947 4538 1243 4580 consonare
1263 4524 1448 4581 omnia
1471 4524 1738 4593 videntur,

443 4610 696 4669 introduc
719 4608 1004 4667 harmonia
1030 4608 1290 4684 diapason
1315 4612 1526 4671 Nicolai
1553 4612 1692 4670 filias
1711 4614 1897 4686 Myco-

909 4780 916 4787 ,
951 4716 1276 4773 AETOLUS.
1742 4718 1880 4791 {nias

335 4822 515 4877 Homo
545 4836 716 4893 quum
743 4821 852 4889 sis,
881 4818 1160 4876 offendisti
1187 4838 1200 4875 :
1225 4821 1284 4877 in
1311 4821 1416 4879 vita
1449 4823 1594 4880 enim

337 4905 726 4963 miraculosum
743 4946 760 4975 ‚
792 4906 838 4963 si
867 4906 960 4962 cui
988 4914 1250 4979 perpetuo
1275 4909 1554 4965 successit.

919 5018 1307 5076 HolulcmA.

443 5128 493 5183 ’1.
531 5128 982 5202 Philosophorum
1005 5130 1224 5189 insanos
1249 5132 1357 5189 huc
1379 5148 1543 5204 voco,

1336 338 1576 400 NovAE
1617 337 2028 400 COMOEDIAE
2072 340 2483 416 RELIQUIAE.

2680 471 2829 530 xc1.

2630 601 2890 670 BATO.

2068 769 2093 795 α
2120 745 2391 802 Arcesilai
2428 745 2690 820 equalis,
2732 743 2945 804 florens
2988 747 3141 803 circa
3178 749 3390 824 olymp.
3432 751 3529 807 ηδ

1980 831 2141 912 (ante
2166 835 2300 893 Chr.
2342 845 2462 894 nat.
2494 835 2759 910 279-276
2784 837 2827 912 ).
2870 835 3208 892 Plutarchus
3240 839 3326 894 Dc
3366 838 3527 898 discr.

1982 939 2096 980 am.
2130 931 2189 978 et
2226 921 2441 981 adulat.
2480 941 2545 998 p.
2583 921 2689 994 55,
2716 923 2761 980 C
2786 940 2803 982 ε
2828 921 2921 979 καὶ
2959 920 3171 982 Βάτωνι
3214 923 3389 1001 (male
3412 929 3535 983 libri

1982 1007 2175 1090 Βάττῳ
2192 1049 2209 1080 ,
2240 1027 2349 1066 nec
2383 1021 2537 1066 recte
2568 1010 2771 1068 Suidas
2796 1019 2857 1068 et
2882 1011 3145 1068 Eudocia
3170 1032 3233 1088 p.
3264 1013 3367 1089 93,
3394 1013 3535 1072 Βάτ-

1980 1119 2121 1175 των,
2146 1099 2403 1156 Stoboeus
2418 1115 2665 1174 eumque
2700 1111 2923 1157 secutus
2950 1101 3186 1156 Photius
3226 1101 3379 1161 Bibl.
3412 1103 3534 1176 167,

1980 1206 2043 1262 p.
2078 1186 2223 1262 374,
2268 1185 2488 1262 Βάθων)
2530 1183 2627 1254 τὴν
2668 1185 2867 1264 σχολὴν
2913 1191 3132 1245 ἀπεῖπεν
3176 1185 3537 1266 Ἀρκεσίλαος,

1984 1271 2065 1332 ὅτι
2092 1273 2221 1352 πρὸς
2244 1271 2519 1345 Κλεάνθην
2550 1273 2839 1350 (Stoicum
2855 1317 2873 1346 ,
2902 1275 3065 1350 cujus
3083 1275 3364 1332 hahemus
3378 1277 3543 1351 hym-

1982 1381 2123 1418 num
2154 1363 2213 1418 in
2240 1364 2441 1418 lovem
2470 1361 2489 1436 )
2524 1359 2705 1438 στίχον
2740 1360 2981 1434 ἐποίησεν
3028 1361 3399 1442 ἕν’κωμῳδῖα·
3432 1363 3539 1419 πεί-

1987 1469 2171 1516 σαντος
2212 1446 2267 1506 al
2308 1447 2397 1506 τὸν
2436 1449 2711 1520 Κλεάνθην
2756 1447 2849 1508 καὶ
2892 1447 3360 1526 μημμελουμίνω
3406 1449 3547 1520 διηλ-

1986 1535 2149 1616 λάγη.
2167 1539 2399 1596 Fabulae
2410 1537 2531 1611 ejus
2548 1548 3382 1614 commemoranturquattuor,
3410 1559 3549 1615 qua-

1982 1645 2111 1682 rum
2154 1627 2273 1683 scre
2310 1635 2707 1701 argumentum
2757 1635 2840 1682 est
2893 1627 3381 1702 philosophorum
3418 1638 3549 1682 tunc

1984 1714 2295 1790 vigentium
2318 1755 2335 1784 ,
2380 1712 2731 1786 Cynicorum
2751 1757 2770 1787 ‚
2817 1715 3148 1771 Stoicorum
3165 1755 3185 1784 ,
3235 1715 3553 1789 Epicureo-

1982 1819 2109 1858 rum
2130 1841 2147 1872 ,
2178 1801 2389 1860 irrisio.
2425 1825 2451 1851 »
2485 1801 2536 1856 B
2560 1801 2648 1858 M.

2539 1922 2586 1980 1.
2634 1921 2989 1982 ΑΙΤΩΛΟΣ.

2064 2036 2321 2094 Stobaeus
2346 2033 2497 2094 Flor.
2524 2035 2630 2110 98,
2662 2035 2751 2092 18.
2776 2036 3018 2101 Βάθωνος
3042 2039 3191 2111 (sic)
3212 2035 3268 2104 l}
3294 2038 3557 2110 Αἰτωλοῦ,

1985 2135 2041 2180 et
2076 2123 2183 2180 105
2202 2166 2218 2194 ,
2254 2125 2347 2198 30,
2380 2143 2509 2180 cum
2538 2125 2739 2182 eodem
2768 2125 3063 2197 lemmate,
3081 2127 3191 2182 nisi
3220 2127 3385 2202 quod
3424 2129 3557 2185 cod.

1985 2213 2142 2268 Voss.
2172 2209 2423 2269 Αἰτωλῶν
2448 2210 2643 2268 habet:

2088 2313 2402 2416 Ᾰνθρωπος
2430 2321 2512 2386 ὢν
2530 2371 2549 2404 ,
2577 2324 2875 2402 ἔπταικας
2900 2347 2915 2361 ·
2954 2328 3015 2391 ἐν
3044 2317 3115 2392 δὲ
3148 2333 3239 2412 τῷ
3276 2325 3390 2410 βίῳ

2080 2429 2389 2520 τεράστιον
2411 2477 2431 2514 ,
2466 2425 2642 2513 εἴτις
2672 2431 2963 2522 εὐτύχηκε
2988 2422 3095 2497 διὰ
3130 2431 3287 2516 βίου.

1988 2538 2169 2597 Versu
2193 2559 2225 2596 α
2269 2541 2443 2614 vulgo
2482 2535 2639 2617 τέρας
2668 2539 2841 2612 ἐστὶν,
2872 2541 2949 2616 εἰ,
2988 2543 3137 2600 male
3171 2543 3567 2619 deproperata

1986 2645 2131 2684 voce
2157 2623 2323 2704 τέρας.
2350 2628 2561 2702 Scripsi
2587 2624 2875 2705 τεράστιον.

2438 2755 2510 2816 ll.
2557 2755 3090 2817 ΑΝΔΡΟΦΟΝΟΣ.

2745 2903 2797 2941 ι.

2068 3000 2271 3057 Athen.
2294 3006 2354 3070 10,
2382 3018 2441 3074 p.
2474 2997 2607 3068 163,
2632 3001 2676 3056 B
2701 3019 2715 3054 ε
2748 2997 2936 3059 Βάτων
2954 2996 3013 3056 δὲ
3040 3000 3068 3056 6
3096 2998 3334 3075 κωμικὸς
3358 3000 3413 3057 ἐν
3442 2998 3567 3059 Ἀν-

1990 3084 2219 3167 δροφόνῳ
2244 3084 2401 3165 φησὶν
3376 3132 3387 3141 .

2136 3209 2269 3265 Τῶν
2290 3198 2629 3290 φιλοσόφων
2649 3201 2788 3277 τοὺς
2806 3196 3061 3293 ἄφρονας
3074 3202 3358 3267 ἐνταυθοῖ
3370 3209 3569 3284 καλῶ,

2134 3305 2268 3381 τοὺς
2296 3302 2527 3397 ἀγαθὸν
2556 3310 2766 3384 αὐτοῖς
2794 3309 2863 3372 οὐ
2887 3297 3175 3385 διδόντας
3205 3298 3347 3374 οὐδὲ
3376 3305 3469 3391 ἓν,

2136 3410 2273 3487 τοὺς
2300 3411 2410 3478 τὸν
2442 3410 2721 3503 φρόνιμον
2766 3407 3085 3491 ζητοῦντας
3118 3418 3176 3479 ἐν
3222 3420 3362 3492 τοῖς
3390 3440 3569 3505 περι-

3338 3520 3567 3597 miros<

2136 3618 2238 3686 καὶ
2267 3630 2401 3701 ταῖς
2434 3615 2768 3716 διατριὸαῗς
2786 3672 2805 3709 ,
2836 3628 3035 3717 ὥσπερ
3066 3616 3563 3719 ἀποδεδραότα.

2047 3722 2086 3794 5
2137 3718 2415 3821 Ᾰνθρωπ’
2487 3728 2814 3822 ἀλάστωρ,
2902 3724 3008 3795 διὰ
3078 3731 3148 3797 τί
3169 3779 3188 3816 ,
3256 3727 3573 3823 συμὲολὰς

3358 3840 3524 3928 ἔχων
3548 3890 3567 3921 ,

2140 3942 2379 4030 νήφεις;
2408 3938 2474 4007 τί
2505 3947 2866 4013 τηλικοῦτον
2894 3931 3128 4017 ἀδικεῖς
3146 3944 3287 4019 τοὺς
3314 3944 3480 4022 θεούς
3504 3974 3523 4028 ;

2138 4043 2203 4110 τί
2218 4045 2533 4137 τάργύριον
2562 4094 2581 4131 ,
2606 4042 2877 4137 ἄνθρωπε
2896 4096 2915 4130 ,
2947 4050 3303 4139 τιμιώτερον

2138 4155 2301 4235 αὐτῷ
2329 4152 2599 4229 τέθεικας
2628 4148 2665 4223 ἢ
2695 4155 2919 4245 πέφυκε
2945 4162 3025 4246 τῇ
3059 4156 3267 4244 φύσεις

2142 4256 2509 4333 ἀλυσιτελὴς
2539 4250 2589 4323 εἷ
2609 4268 2688 4350 τῇ
2720 4260 2896 4324 πόλει
2921 4308 2939 4342 ,
2964 4257 3151 4325 πίνων
3180 4251 3367 4349 ὕδωρ·

2104 4438 2201 4511 qui
2230 4437 2439 4497 bonum
2460 4440 2679 4499 sibimet
2713 4440 2844 4513 ipsis
2874 4440 3091 4497 nullum
3118 4440 3255 4498 dant
3272 4484 3289 4509 ‚

2106 4526 2203 4599 qui
2232 4528 2532 4601 sapientem
2562 4529 2827 4602 indagant
2858 4530 2917 4585 in
2934 4529 3283 4587 sermonibus

2110 4614 2615 4686 quastionibusque
2636 4622 2897 4688 tanquam
2924 4614 3240 4689 fugitivum.

2030 4706 2065 4756 5
2098 4702 2280 4758 Homo
2306 4710 2543 4767 vexator,
2562 4702 2723 4775 quid,
2752 4702 3025 4776 symbolas
3040 4703 3279 4773 habens,

2096 4788 2314 4861 jejunas
2326 4793 2351 4845 i*
2374 4804 2477 4845 cur
2496 4798 2704 4847 tantam
2729 4789 2982 4863 injuriam
3006 4790 3174 4849 infers
3191 4790 3335 4852 diis?

2104 4890 2205 4931 cur
2227 4915 2244 4944 ‚
2284 4874 2451 4933 homo
2472 4916 2488 4945 ,
2508 4885 2790 4949 argentum
2816 4876 3105 4949 pretiosius

2101 4960 2203 5017 tibi
2232 4960 2395 5035 fingis
2419 4977 2585 5034 quam
2614 4969 2695 5019 est
2712 4966 2949 5019 natura?

2104 5046 2316 5105 inutilis
2342 5064 2401 5107 es
2430 5048 2589 5117 urbi,
2618 5062 2776 5123 aquae
2804 5057 2961 5121 potor
2988 5069 2999 5104 :
