3809 5850
420 382 496 434 5⁰
1403 367 1810 430 coMOEmAE
1857 363 2185 427 VETERIS
2230 361 2642 437 RELIQUIAE.

413 503 607 580 εἴποις,
631 501 722 560 καὶ
755 501 1017 580 χελώνης,
1047 500 1138 557 καὶ
1169 499 1497 579 σφενδάμνου
1527 499 1618 558 καὶ
1647 497 1979 579 σφενδαμνί-
2078 499 2201 555 θῶν.
2251 498 2579 556 scribamus
2622 497 2688 552 ἐν
2724 496 2965 572 κριθῶν
3008 493 3213 572 χλόῃ,
3258 499 3357 570 qui
3398 509 3483 552 est
3526 498 3653 554 {inis

410 614 503 664 νην
520 612 533 628 ·
581 611 706 666 quae
734 601 1022 668 postrema
1065 590 1200 648 sort.
1249 607 1318 645 ex
1360 591 1708 665 glossemate.
1745 590 1920 644 Mein.
1966 607 1980 644 τ

418 706 442 729 «ι
479 681 698 736 Mensas
715 679 1150 760 lautissimamm
1175 677 1474 754 epularum
1498 687 1777 754 apparatu
1800 679 1985 754 splen-

411 765 608 826 dentes
625 767 831 844 puellis
851 775 1148 844 comparat
1159 767 1330 824 hilari
1340 767 1503 824 vultu
1519 765 1930 822 renidentibus.
1960 790 1982 814 ι»

1157 897 1246 936 10.

494 989 656 1048 Idem
682 989 764 1050 ib.
793 1009 855 1066 p.
883 985 982 1059 56,
1006 992 1051 1046 E
1068 1032 1086 1061 ,
1113 985 1428 1068 Ῥαφανίδος
1462 1005 1476 1046 :
1517 975 1672 1044 αὗται
1703 985 1985 1055 κέκληνται

413 1077 501 1136 διὰ
541 1076 601 1136 τὸ
643 1074 831 1158 ῥαδίως
857 1073 1128 1156 φαίνεσθαι
1155 1071 1216 1152 (Ρ)
1265 1072 1356 1134 καὶ
1397 1071 1760 1148 ἐκτεταμένως
1797 1071 1853 1132 δὲ
1894 1073 1985 1130 καὶ

413 1162 554 1227 κατὰ
575 1161 834 1234 συστολὴν
863 1161 1072 1241 λέγεται
1099 1155 1248 1242 παρὰ
1271 1159 1543 1228 Ἀττικοῖς.
1577 1163 1626 1220 Κ
1633 1183 1683 1242 ρ.

509 1281 660 1360 Ταῖς
689 1285 965 1373 ῥαφανῖσι
992 1271 1184 1363 δοκεῖ,
1201 1285 1330 1356 τοῖς
1360 1269 1420 1346 δ’
1454 1275 1671 1356 ἄλλοις
1697 1283 1764 1344 οὐ
1787 1277 1988 1370 λαχά-

1806 1409 1977 1450 νοισι.

417 1515 689 1572 Similiter
709 1513 1003 1588 Aristoph.
1031 1513 1181 1571 Plut.
1215 1511 1289 1578 54
1325 1533 1340 1566 :

497 1623 766 1704 Μαλάχης
791 1623 1071 1704 πτόρθους,
1111 1623 1226 1682 ἀντὶ
1261 1621 1315 1682 δὲ
1347 1621 1512 1700 μάζης
1553 1621 1752 1704 φυλλεῖ’
1793 1623 1985 1700 ἰσχνῶν

1665 1708 1981 1791 ῥαφανίδων.

415 1825 607 1882 Draco
635 1824 887 1882 Straton.
913 1842 974 1898 p.
1003 1822 1108 1893 80,
1153 1819 1184 1878 5
1214 1840 1229 1880 :
1259 1821 1478 1902 ῥαφανὶς
1515 1821 1798 1901 διφορεῑται
1840 1819 1900 1878 τὸ
1928 1821 1988 1885 ξ·

421 1911 646 1976 σἰττικῶς
673 1907 776 1988 γὰρ
809 1909 1054 1985 ἐκτείνει,
1083 1909 1154 1976 ὥς
1183 1907 1330 1990 παρὰ
1378 1907 1624 1990 Κρατίνῳ
1651 1907 1704 1966 ἔν
1733 1930 1840 1966 τισι
1883 1911 1988 1966 τῶν

423 1998 566 2056 ἐπῶν
596 1997 782 2072 αὑτοῦ,
804 2000 874 2065 ὡς
903 1997 963 2056 τὸ
991 1995 1275 2078 Ῥαφανῖσι
1300 2031 1377 2042 -
1405 1997 1700 2076 λαχάνοισι·
1731 1995 1852 2077 παρ’
1883 1997 1985 2056 Εὖ·

421 2083 598 2142 πόλιδι
632 2083 688 2144 δὲ
731 2083 1088 2144 συστέλλεται·
1118 2086 1220 2141 uhi
1261 2086 1580 2162 legebatur,
1618 2085 1831 2142 mendo
1870 2085 1987 2142 fre-

421 2183 662 2249 quente,
695 2173 917 2238 ἀττικῶς
957 2170 1013 2230 δὲ
1045 2203 1128 2220 —-
1154 2170 1206 2230 ἔν
1234 2195 1366 2246 τινι,
1410 2186 1464 2230 et
1502 2171 1782 2251 λαχάνοις,
1829 2173 1989 2247 quod

423 2264 592 2320 etiam
614 2263 824 2322 Athen.
858 2263 1036 2319 habet
1061 2274 1262 2320 ruente
1289 2281 1476 2322 versu.

1161 2397 1182 2434 1
1201 2398 1253 2436 1.

503 2490 705 2546 Athen.
737 2507 796 2559 α,
821 2509 884 2564 p.
913 2490 1011 2560 67,
1035 2489 1080 2549 C
1107 2509 1119 2544 :
1149 2486 1332 2566 Γάρος.
1369 2491 1468 2566 Κρ.

523 2611 576 2682 O
611 2615 872 2706 τάλαρος
903 2619 1046 2706 ὑμῖν
1078 2606 1386 2691 διάπλεως
1416 2617 1588 2681 ἔσται
1619 2616 1822 2710 γάρου.

427 2750 563 2828 Σοφ.
595 2747 951 2826 Τριπτολέμῳ
989 2773 1015 2801 ι
1037 2750 1148 2807 Τοῦ
1175 2753 1462 2828 ταριχηροῦ
1492 2748 1678 2826 γάρου.
1716 2775 1740 2800 ιι
1777 2750 1991 2806 Eadem

425 2857 520 2914 ap.
554 2839 846 2894 Pollucem
875 2837 933 2906 6,
959 2836 1059 2907 65,
1101 2840 1310 2894 omisso
1336 2834 1501 2908 loton,
1531 2838 1630 2894 sed
1659 2850 1810 2894 recte
1840 2839 1988 2912 ὑμῖν,

427 2946 602 3004 quum
628 2927 784 3007 apud
810 2928 942 2985 Ath.
973 2927 1196 3003 legatur
1223 2928 1389 3001 ὑμῶν.

1165 3056 1255 3094 12.

507 3153 668 3209 Idem
711 3172 778 3224 2,
810 3171 870 3227 p.
904 3148 1004 3220 68,
1032 3154 1082 3207 A
1114 3170 1126 3205 :
1170 3148 1230 3206 τὸ
1265 3148 1318 3207 δὲ
1351 3152 1496 3228 ῥῆμα
1537 3148 1816 3229 (ἀρτύειν)
1849 3150 1994 3229 παρὰ

433 3239 694 3319 Σοφοκλεῖ
717 3264 742 3289 ι
767 3234 912 3311 Ἐγὼ
936 3236 1182 3315 μάγειρος
1209 3234 1420 3315 ἀρτύσω
1445 3238 1635 3317 σοφῶς.
1677 3263 1702 3289 υ
1731 3238 1832 3316 Κρ.

527 3368 794 3430 Γλαῦκον
831 3366 897 3428 οὐ
935 3362 1080 3455 πρὸς
1115 3361 1345 3439 παντὸς
1383 3351 1592 3453 ἀνδρός
1625 3364 1791 3428 ἐστιν
1821 3364 1997 3455 ἀρτῦ-

1643 3493 1742 3532 σαι
1773 3474 1995 3547 καλῶς.

429 3607 704 3681 (3353111).,
727 3606 960 3662 Grotius
981 3608 1251 3681 Excerpt.
1279 3624 1343 3681 p.
1369 3608 1507 3683 489,
1529 3609 1819 3665 Porsonus
1838 3610 1996 3685 praef.

429 3696 681 3763 Hecubae
715 3714 776 3771 p.
814 3692 912 3764 54,
944 3697 1307 3751 consentiunt
1335 3698 1394 3751 in
1422 3694 1686 3751 addenda
1723 3716 1870 3754 voce
1899 3698 1997 3754 ἇν-

427 3781 566 3859 δρός,
591 3802 717 3859 quae
745 3783 906 3838 abest
927 3800 961 3837 a
979 3782 1141 3837 libris
1164 3780 1298 3841 Ath.
1328 3785 1414 3839 De
1433 3785 1654 3857 glauco,
1689 3787 1844 3859 pisce
1871 3806 1997 3843 ma-

429 3872 563 3927 rino
581 3910 598 3938 ,
653 3870 802 3928 Plin.
846 3887 906 3943 9,
962 3868 1052 3940 163
1099 3869 1194 3943 39,
1255 3889 1276 3925 1
1297 3890 1347 3941 1,
1395 3870 1572 3925 Stein.
1621 3874 1997 3949 Nateergesck.

432 3976 490 4033 p.
523 3954 660 4030 357,
689 3966 802 4015 etc.

1175 4070 1266 4127 13.

512 4188 672 4245 Idem
703 4189 784 4247 ih.
817 4206 879 4263 p.
907 4187 1005 4262 69,
1043 4190 1096 4245 D
1125 4212 1136 4243 ;
1175 4189 1277 4265 Κρ.
1313 4184 1369 4245 δέ
1409 4210 1567 4269 φησι,
1611 4188 1836 4257 Φάωνος
1875 4192 2001 4268 ἐρα-

433 4278 648 4335 σθεῖσαν
697 4272 794 4345 τὴν
843 4272 1144 4354 Ἀφροδίτην
1190 4275 1257 4355 {v
1303 4277 1538 4343 καλαῖς
1569 4278 2003 4357 θριδακίναις

435 4360 590 4423 αὐτὸν
616 4360 946 4443 ἀποκρύψαι,
975 4361 1235 4441 Μαρσύας
1259 4364 1303 4421 δ’
1321 4368 1352 4424 ὁ
1374 4364 1616 4444 νεώτερος
1643 4366 1698 4425 ἐν
1725 4366 1860 4445 χλόῃ
1889 4390 2003 4446 κρι-

435 4618 718 4691 Raphanis
743 4618 944 4692 piacet,
972 4624 1084 4677 uon
1115 4540 1461 4679 veig'ceteris
1485 4624 1744 4682 oleribus.

434 4790 644 4865 Qualus
669 4791 818 4849 vobis
841 4793 1154 4867 implebitur
1175 4713 1324 4867 ἑίιίο.

437 4968 563 5025 Non
582 4966 819 5041 cujusvis
846 4888 1453 5043 οεῑςΙ3ιιου111121ίιιΙοΙιτο
1474 4988 1678 5045 parare.
1753 5000 1757 5005 .

439 5144 500 5197 ln
523 5138 762 5212 pulc-bris
781 5137 1006 5197 lactucis
1029 5061 1505 5205 ventlgfiuaonem
1521 5156 1764 5204 amatum
1783 5150 2005 5206 abscon·

1807 5060 1999 5129 [didit.
2098 5060 2263 5117 mittit
2290 5061 2475 5119 latices
2493 5063 2774 5120 corinti-io
2804 5065 2951 5137 peni.

2075 589 2283 648 senarii
2313 604 2327 645 :
2350 605 2481 642 113111
2502 582 2650 662 κριθή
2669 587 2924 660 priorem
2952 585 3126 640 habet
3150 586 3399 659 longam.

2700 771 2709 780 ·
2810 710 2902 769 14.

2158 815 2319 870 Idem
2362 833 2421 886 7,
2453 835 2516 892 p.
2548 813 2681 884 305,
2720 818 2763 872 Β
2796 837 2810 870 :
2855 813 2921 870 τὰ
2960 814 3031 880 εἰς
3078 814 3158 872 λα
3186 811 3417 892 λήγοντα
3446 814 3653 884 θηλυκὰ

2078 897 2180 986 πρὸ
2202 905 2293 960 τοῦ
2318 902 2350 960 λ
2374 900 2547 981 ἕτερον
2565 904 2599 960 λ
2618 900 2749 982 ἔχει,
2775 901 3014 972 Σκύλλα,
3040 900 3256 974 σκίλλα,
3282 899 3473 973 κύλλα,
3500 902 3653 978 βδελ-

2077 990 2181 1058 λα,
2228 986 2462 1066 ἅμιλλα,
2506 989 2743 1066 ἄμαλλα·
2788 989 2856 1048 τὰ
2886 990 2941 1048 δὲ
2986 990 3055 1054 εἷς
3082 991 3151 1059 λη
3181 989 3373 1062 οὐκέτι,
3414 989 3653 1068 ὁμίχλη,

2078 1073 2246 1155 φύτλη
2263 1119 2279 1147 ,
2306 1077 2525 1154 γενέθλη
2542 1123 2557 1149 ,
2586 1075 2773 1155 αἴγλη,
2799 1076 3031 1157 τρώγλη·
3066 1076 3257 1153 ὁμοίως
3297 1069 3383 1134 οὗν
3410 1076 3501 1134 καὶ
3539 1079 3655 1156 τρί-

2077 1163 2196 1237 γλη.
2226 1165 2329 1240 Κρ.
2410 1171 2429 1192 “

2176 1277 2442 1374 Τρίγλην
2470 1271 2531 1346 δ’
2576 1280 2625 1346 εἰ
2648 1290 2755 1373 μὲν
2788 1271 3082 1356 ἐδηδοκόη
3118 1281 3329 1348 τένθου
3360 1283 3524 1360 τινὸς
3554 1283 3659 1346 ἀν-

3490 1379 3655 1479 δρός.

2076 1509 2239 1566 Libri
2265 1508 2452 1588 τρίγλη
2471 1553 2487 1582 ,
2516 1513 2897 1583 nominativo,
2926 1513 3135 1570 deinde
3161 1513 3399 1584 ἐδηδόκοι
3420 1512 3476 1584 ἢ.
3506 1514 3661 1571 I‘or-

2077 1619 2250 1657 sonus
2268 1598 2560 1671 ἐδηδοκοίη,
2585 1602 2727 1658 dure
2746 1613 3013 1679 correpta
3033 1604 3414 1680 diphthongo.
3454 1629 3477 1653 α
3508 1606 3657 1663 For·

2080 1699 2223 1744 tasse
2258 1689 2433 1764 igitur
2462 1690 2557 1747 Cr.
2592 1689 2739 1746 dixit
2782 1688 3063 1761 ἑδηδοκόην
3112 1691 3329 1770 (immo
3372 1691 3655 1762 ἑδηδοκόη.

2078 1776 2248 1832 Both.
2277 1773 2315 1854 ),
2346 1777 2832 1850 quemadmodum
2868 1773 3070 1854 λαχόην
3104 1799 3214 1854 pro
3254 1777 3477 1858 λαχοίην
3522 1779 3661 1855 (λα’-

2078 1861 2262 1941 χοιμι)
2285 1864 2503 1920 dictum
2527 1865 2693 1921 fuisse
2712 1865 2883 1922 tradit
2902 1868 3271 1942 Etymologus
3286 1887 3350 1942 p.
3380 1867 3523 1936 558,
3542 1888 3616 1940 ²7
3642 1889 3659 1938 ;

2080 1969 2207 2025 quae
2246 1951 2445 2008 fonnae
2488 1955 2593 2008 etsi
2634 1953 2867 2010 AEolicae
2910 1954 3156 2010 dialecto
3200 1956 3453 2032 propriae
3490 1967 3661 2030 sunt,

2082 2051 2269 2095 tamen
2300 2055 2372 2095 ne
2421 2041 2481 2096 in
2525 2043 2716 2096 Attico
2746 2041 2978 2115 quidem
3003 2053 3179 2116 poeta
3216 2042 3537 2116 quidquam
3568 2046 3665 2099 of-

2082 2127 2347 2187 fensionis
2374 2126 2602 2185 habent.
2626 2128 2785 2184 Idem
2808 2139 3053 2185 metrum
3077 2131 3136 2185 in
3158 2132 3457 2205 Trophon.
3502 2132 3571 2190 fr.
3610 2151 3663 2201 1,

2080 2216 2234 2272 unde
2252 2217 2371 2272 haec
2391 2215 2465 2274 ad
2488 2216 2726 2273 eandem
2746 2217 2995 2273 fabulam
3010 2220 3222 2276 referre
3240 2221 3423 2276 voluit
3443 2221 3655 2297 Bergk.

2080 2301 2428 2363 Commentt.
2462 2322 2525 2379 p.
2562 2324 2629 2360 21
2643 2323 2700 2376 7.
2748 2329 2773 2356 n
2808 2307 2861 2360 E
2894 2307 3072 2363 Mein.

2820 2415 2910 2474 15.

2034 2507 2043 2608 Ι
2164 2529 2323 2586 Idem
2370 2549 2464 2606 10,
2492 2551 2552 2606 p.
2590 2539 2729 2601 424,
2770 2534 2815 2588 Β
2858 2550 2873 2589 :
2927 2531 3239 2608 μνημονεύει
3280 2539 3372 2592 τοῦ
3406 2533 3665 2592 κυάθου

2083 2615 2173 2673 καὶ
2198 2615 2443 2696 Ξενοφῶν
2485 2617 2540 2674 ἐν
2568 2615 2763 2698 πρώτῳ
2802 2617 3056 2686 Παιδείας
3086 2621 3187 2696 (3,
3224 2621 3334 2699 9),
3375 2621 3471 2680 καὶ
3522 2625 3660 2700 Κρ.,

2085 2701 2160 2761 ἔτι
2188 2704 2231 2760 δ’
2254 2702 2623 2786 Ἀριστοφάνης
2644 2708 2916 2786 πολλαχοῦ
2932 2751 2949 2780 ,
2980 2707 3072 2767 καὶ
3105 2706 3369 2778 Εὕὸουλος
3390 2710 3653 2790 Ὀρθάνῃ.

2824 2822 2915 2879 16.

2166 2932 2326 2988 Idem
2364 2952 2423 3008 9,
2454 2953 2515 3007 p.
2564 2932 2705 3007 782,
2741 2936 2826 3009 Ι),
2872 2931 3151 3010 Ἀγκύλη
3201 2958 3212 2991 :
3248 2934 3498 3017 ποτήριον
3534 2940 3665 3016 πρὸς

2085 3016 2179 3087 τὴν
2208 3020 2312 3075 τῶν
2338 3016 2611 3076 κοττάὸων
2634 3020 2849 3077 παιδιὰν
2876 3020 3156 3099 χρήσιμον.
3188 3024 3290 3099 Κρ.

2186 3132 2363 3199 Πιεῖν
2398 3124 2469 3199 δὲ
2500 3132 2749 3211 θάνατος
2769 3130 2955 3217 οἶνον,
2990 3134 3063 3209 ἢν
3094 3128 3253 3229 ὕδωρ
3292 3140 3427 3230 ἐπῇ·

2186 3240 2325 3307 ἀλλ’
2376 3237 2502 3305 ἴσον
2532 3238 2644 3324 ἴσῳ
2674 3240 2925 3330 μάλιστ’
2960 3242 3219 3333 ἀκράτου
3252 3234 3364 3309 δύο
3390 3249 3547 3333 χοᾶς

2184 3344 2421 3410 πίνουσ’
2462 3345 2568 3410 ἀπ’
2602 3346 2887 3439 ἀγκύλης,
2932 3342 3373 3438 ἐπονομάζουσί
3414 3374 3511 3433 τε,

2184 3450 2306 3521 ἵησι
2346 3450 2623 3544 λάταγας
2668 3460 2757 3537 τῷ
2796 3452 3087 3543 Κορινθίῳ
3128 3456 3284 3518 πέει.

2088 3578 2249 3633 Libri
2278 3594 2333 3637 v.
2378 3597 2412 3634 2
2442 3576 2618 3656 χοέας,
2650 3582 2905 3637 Pierson.
2934 3582 3009 3637 ad
3044 3584 3207 3639 Moer.
3254 3603 3315 3658 p.
3356 3591 3472 3651 4¹²
3506 3594 3671 3661 χοᾶς,

2088 3684 2194 3721 nec
2227 3668 2529 3723 verisimile
2546 3666 2707 3745 χόας.ο
2731 3672 2799 3725 V.
2832 3668 2865 3724 3
2896 3670 3027 3725 libri
3049 3670 3483 3747 ἐπονομάζουσα,
3512 3676 3671 3729 liuc-

2092 3755 2224 3810 teris
2253 3775 2286 3810 α
2318 3766 2375 3811 et
2398 3777 2414 3810 ι
2444 3758 2690 3812 confusis
2712 3754 2732 3833 (
2754 3776 2805 3816 v.
2838 3776 2973 3816 ann.
2998 3758 3074 3813 ad
3106 3759 3282 3817 Thuc.
3322 3760 3383 3829 5,
3421 3760 3577 3837 19),
3614 3776 3675 3819 ct

2091 3838 2145 3898 τὲ
2182 3843 2421 3916 omisso,
2453 3844 2613 3917 quod
2654 3856 2805 3901 recte
2830 3846 3053 3903 addidit
3084 3848 3407 3905 Piersonus.
3442 3851 3673 3905 Jacob-

2091 3930 2203 3985 sius
2248 3928 2625 4005 ἐπονομάζουσ’
2673 3931 2773 3991 ἀεί.
2818 3935 2967 3989 Male
3010 3945 3199 3990 autem
3253 3936 3467 3993 Athen.
3506 3938 3571 3996 h.
3614 3940 3675 4008 1.,

2092 4022 2494 4091 grammaticus
2546 4022 2779 4095 Seguer.
2834 4042 2897 4097 p.
2952 4022 3088 4094 327,
3146 4022 3259 4079 338
3308 4032 3367 4079 et
3408 4022 3671 4098 Hesych-

2094 4102 2328 4178 ἀγκύλην
2362 4109 2690 4183 intelligunt
2712 4107 2983 4187 ποτήριον,
3024 4110 3269 4183 Hesych.
3295 4113 3473 4166 etiam
3504 4112 3677 4170 dxciv·

2092 4214 2220 4253 τιον.
2247 4198 2372 4269 lpse
2395 4197 2599 4253 Athen.
2638 4196 2731 4266 15,
2754 4216 2819 4271 p.
2854 4198 2991 4269 667,
3016 4199 3260 4267 C,recte
3297 4219 3309 4253 ;
3344 4198 3581 4257 ἐκάλουν
3620 4202 3679 4259 δὲ

2096 4280 2207 4337 ἀπ’
2238 4282 2498 4358 ἀγκύλη
2517 4307 2540 4350 ς
2560 4282 2656 4355 τὴν
2682 4290 2773 4343 τοῦ
2794 4283 3053 4342 κοττάὸου
3074 4287 3090 4363 (
3111 4287 3166 4343 h.
3194 4306 3247 4344 e.
3272 4288 3367 4356 τῆς
3384 4286 3677 4366 λατάγης)

2096 4367 2309 4447 πρόεσιν
2338 4368 2425 4427 διὰ
2455 4370 2515 4427 τὸ
2556 4372 2894 4449 άπαγκυλοῦν
2942 4372 3035 4441 τὴν
3071 4370 3240 4439 δεξιὰν
3276 4381 3435 4453 χεῖρα
3484 4378 3539 4433 ἐν
3568 4386 3681 4441 τοῖς

2834 4548 2918 4597 14.

2098 4626 2333 4685 Mullum
2360 4628 2403 4684 si
2434 4628 2729 4685 comederit
2751 4630 3024 4687 catillonis
3047 4630 3297 4704 aiicujus.

2834 4721 2922 4773 15.

2100 4802 2249 4857 Mors
2270 4810 2350 4857 est
2374 4801 2557 4857 vinum
2582 4800 2765 4858 bibere
2788 4818 2928 4875 aqua
2952 4804 3197 4860 immixta
3214 4844 3229 4871 ‚

2094 4885 2210 4955 sed,
2234 4902 2328 4958 par
2350 4904 2473 4943 cum
2504 4888 2640 4961 pari,
2671 4888 2783 4945 sere
2804 4888 2916 4945 duo
2936 4890 3161 4963 congios
3184 4890 3317 4946 meri

2098 4974 2408 5033 bibentibus
2430 4976 2711 5033 incurvata
2732 4992 2917 5042 manu,
2942 4977 3463 5051 nominantibusque
3490 4995 3681 5045 (amo-

3492 5070 3613 5133 [τρε
3640 5075 3679 5132 ³,
