<?xml version="1.0" encoding="UTF-8"?>
<!DOCTYPE html PUBLIC "-//W3C//DTD XHTML 1.0 Transitional//EN"
    "http://www.w3.org/TR/xhtml1/DTD/xhtml1-transitional.dtd">
<html xmlns="http://www.w3.org/1999/xhtml" xml:lang="en" lang="en">
 <head>
  <title>
</title>
<meta http-equiv="Content-Type" content="text/html;charset=utf-8" />
  <meta name='ocr-system' content='tesseract 3.04.00' />
  <meta name='ocr-capabilities' content='ocr_page ocr_carea ocr_par ocr_line ocrx_word'/>
</head>
<body>
  <div class='ocr_page' id='page_1' title='image "./poetarumcomicor01hunzgoog_0085.png"; bbox 0 0 3809 5850; ppageno 0'>
   <div class='ocr_carea' id='block_1_1' title="bbox 1579 358 3396 423">
    <p class='ocr_par' dir='ltr' id='par_1_1' title="bbox 1579 358 3396 423">
     <span class='ocr_line' id='line_1_1' title="bbox 1579 358 3396 423; baseline 0.002 -4"><span class='ocrx_word' id='word_1_1' title='bbox 1579 358 1989 422; x_wconf 78' lang='lat' dir='ltr'><strong>CRATINUS.</strong></span> <span class='ocrx_word' id='word_1_2' title='bbox 2933 403 2940 411; x_wconf 83' lang='lat'>-</span> <span class='ocrx_word' id='word_1_3' title='bbox 3324 374 3396 423; x_wconf 79' lang='grc'><strong>65</strong></span> 
     </span>
    </p>
   </div>
   <div class='ocr_carea' id='block_1_2' title="bbox 904 492 996 561">
    <p class='ocr_par' dir='ltr' id='par_1_2' title="bbox 904 492 996 561">
     <span class='ocr_line' id='line_1_2' title="bbox 904 492 996 561; baseline -0.011 -13"><span class='ocrx_word' id='word_1_4' title='bbox 904 492 996 561; x_wconf 99' lang='grc'><strong>84.</strong></span> 
     </span>
    </p>
   </div>
   <div class='ocr_carea' id='block_1_3' title="bbox 220 601 1730 684">
    <p class='ocr_par' dir='ltr' id='par_1_3' title="bbox 220 601 1730 684">
     <span class='ocr_line' id='line_1_3' title="bbox 220 601 1730 684; baseline -0.003 -18"><span class='ocrx_word' id='word_1_5' title='bbox 220 612 375 669; x_wconf 84' lang='lat' dir='ltr'><strong>Idem</strong></span> <span class='ocrx_word' id='word_1_6' title='bbox 404 629 462 679; x_wconf 75' lang='lat' dir='ltr'><strong>p.</strong></span> <span class='ocrx_word' id='word_1_7' title='bbox 500 615 655 683; x_wconf 73' lang='lat'><strong>491,</strong></span> <span class='ocrx_word' id='word_1_8' title='bbox 690 604 799 681; x_wconf 88' lang='grc'><strong>28,</strong></span> <span class='ocrx_word' id='word_1_9' title='bbox 822 602 1110 683; x_wconf 81' lang='grc' dir='ltr'><strong>Ῥύγχος</strong></span> <span class='ocrx_word' id='word_1_10' title='bbox 1145 625 1159 659; x_wconf 87' lang='lat'>:</span> <span class='ocrx_word' id='word_1_11' title='bbox 1192 601 1253 661; x_wconf 80' lang='grc' dir='ltr'><strong>τὸ</strong></span> <span class='ocrx_word' id='word_1_12' title='bbox 1290 601 1589 683; x_wconf 83' lang='grc' dir='ltr'><strong>πρόσωπον.</strong></span> <span class='ocrx_word' id='word_1_13' title='bbox 1624 607 1730 684; x_wconf 82' lang='grc' dir='ltr'><strong>Κρ.</strong></span> 
     </span>
    </p>
   </div>
   <div class='ocr_carea' id='block_1_4' title="bbox 142 694 973 775">
    <p class='ocr_par' dir='ltr' id='par_1_4' title="bbox 142 694 973 775">
     <span class='ocr_line' id='line_1_4' title="bbox 142 694 973 775; baseline -0.008 -17"><span class='ocrx_word' id='word_1_14' title='bbox 142 700 233 758; x_wconf 82' lang='grc' dir='ltr'><strong>καὶ</strong></span> <span class='ocrx_word' id='word_1_15' title='bbox 260 698 452 775; x_wconf 77' lang='grc' dir='ltr'><strong>ἕτεροι.</strong></span> <span class='ocrx_word' id='word_1_16' title='bbox 487 696 717 753; x_wconf 82' lang='lat' dir='ltr'><strong>Eadem</strong></span> <span class='ocrx_word' id='word_1_17' title='bbox 752 694 973 752; x_wconf 73' lang='lat' dir='ltr'><strong>Suidas.</strong></span> 
     </span>
    </p>
   </div>
   <div class='ocr_carea' id='block_1_5' title="bbox 900 813 993 871">
    <p class='ocr_par' dir='ltr' id='par_1_5' title="bbox 900 813 993 871">
     <span class='ocr_line' id='line_1_5' title="bbox 900 813 993 871; baseline 0 0"><span class='ocrx_word' id='word_1_18' title='bbox 900 813 993 871; x_wconf 85' lang='lat'><strong>85.</strong></span> 
     </span>
    </p>
   </div>
   <div class='ocr_carea' id='block_1_6' title="bbox 138 924 1727 1183">
    <p class='ocr_par' dir='ltr' id='par_1_6' title="bbox 138 924 1727 1183">
     <span class='ocr_line' id='line_1_6' title="bbox 225 924 1727 1005; baseline -0.001 -18"><span class='ocrx_word' id='word_1_19' title='bbox 225 932 389 987; x_wconf 84' lang='lat' dir='ltr'>Idem</span> <span class='ocrx_word' id='word_1_20' title='bbox 420 950 482 1005; x_wconf 87' lang='lat' dir='ltr'><strong>p.</strong></span> <span class='ocrx_word' id='word_1_21' title='bbox 524 937 667 1004; x_wconf 84' lang='grc'><strong>492,</strong></span> <span class='ocrx_word' id='word_1_22' title='bbox 705 949 768 1001; x_wconf 87' lang='grc'><strong>2,</strong></span> <span class='ocrx_word' id='word_1_23' title='bbox 800 924 1035 996; x_wconf 77' lang='grc' dir='ltr'><strong>Ῥόδην</strong></span> <span class='ocrx_word' id='word_1_24' title='bbox 1069 944 1085 985; x_wconf 90' lang='lat'>:</span> <span class='ocrx_word' id='word_1_25' title='bbox 1117 925 1348 1005; x_wconf 82' lang='grc' dir='ltr'>σφοδρῶς</span> <span class='ocrx_word' id='word_1_26' title='bbox 1382 924 1473 983; x_wconf 76' lang='grc' dir='ltr'><strong>καὶ</strong></span> <span class='ocrx_word' id='word_1_27' title='bbox 1512 924 1727 1005; x_wconf 81' lang='grc' dir='ltr'><strong>ἀθρόως.</strong></span> 
     </span>
     <span class='ocr_line' id='line_1_7' title="bbox 138 1016 1078 1096; baseline -0.006 -20"><span class='ocrx_word' id='word_1_28' title='bbox 138 1016 281 1076; x_wconf 76' lang='grc' dir='ltr'><strong>οὕτω</strong></span> <span class='ocrx_word' id='word_1_29' title='bbox 312 1018 418 1096; x_wconf 74' lang='lat' dir='ltr'><strong>xp.</strong></span> <span class='ocrx_word' id='word_1_30' title='bbox 460 1018 553 1074; x_wconf 89' lang='lat' dir='ltr'><strong>Sic</strong></span> <span class='ocrx_word' id='word_1_31' title='bbox 579 1020 751 1074; x_wconf 84' lang='lat' dir='ltr'><strong>etiam</strong></span> <span class='ocrx_word' id='word_1_32' title='bbox 783 1016 1003 1073; x_wconf 86' lang='lat' dir='ltr'><strong>Suidas.</strong></span> <span class='ocrx_word' id='word_1_33' title='bbox 1054 1040 1078 1064; x_wconf 77' lang='grc' dir='ltr'><strong>α</strong></span> 
     </span>
     <span class='ocr_line' id='line_1_8' title="bbox 138 1103 1723 1183; baseline 0.001 -19"><span class='ocrx_word' id='word_1_34' title='bbox 138 1128 285 1164; x_wconf 85' lang='lat' dir='ltr'><strong>num</strong></span> <span class='ocrx_word' id='word_1_35' title='bbox 314 1108 631 1183; x_wconf 79' lang='lat' dir='ltr'><strong>Hipponax</strong></span> <span class='ocrx_word' id='word_1_36' title='bbox 657 1105 885 1162; x_wconf 82' lang='lat' dir='ltr'>dixerat</span> <span class='ocrx_word' id='word_1_37' title='bbox 913 1104 1117 1161; x_wconf 84' lang='lat' dir='ltr'><strong>Athen.</strong></span> <span class='ocrx_word' id='word_1_38' title='bbox 1140 1122 1199 1175; x_wconf 88' lang='lat'><strong>7,</strong></span> <span class='ocrx_word' id='word_1_39' title='bbox 1230 1122 1289 1180; x_wconf 85' lang='lat' dir='ltr'><strong>p.</strong></span> <span class='ocrx_word' id='word_1_40' title='bbox 1318 1103 1459 1173; x_wconf 81' lang='grc'><strong>304,</strong></span> <span class='ocrx_word' id='word_1_41' title='bbox 1489 1106 1551 1162; x_wconf 85' lang='grc' dir='ltr'><strong>Β.</strong></span> <span class='ocrx_word' id='word_1_42' title='bbox 1582 1130 1607 1155; x_wconf 69' lang='lat' dir='ltr'>n</span> <span class='ocrx_word' id='word_1_43' title='bbox 1637 1106 1723 1165; x_wconf 89' lang='grc' dir='ltr'><strong>Μ.</strong></span> 
     </span>
    </p>
   </div>
   <div class='ocr_carea' id='block_1_7' title="bbox 890 1223 987 1283">
    <p class='ocr_par' dir='ltr' id='par_1_7' title="bbox 890 1223 987 1283">
     <span class='ocr_line' id='line_1_9' title="bbox 890 1223 987 1283; baseline 0.041 -4"><span class='ocrx_word' id='word_1_44' title='bbox 890 1223 987 1283; x_wconf 91' lang='grc'><strong>86.</strong></span> 
     </span>
    </p>
   </div>
   <div class='ocr_carea' id='block_1_8' title="bbox 102 1334 1728 2818">
    <p class='ocr_par' dir='ltr' id='par_1_8' title="bbox 102 1334 1728 2818">
     <span class='ocr_line' id='line_1_10' title="bbox 222 1334 1185 1413; baseline -0.004 -18"><span class='ocrx_word' id='word_1_45' title='bbox 222 1339 393 1395; x_wconf 79' lang='lat' dir='ltr'><strong>Idem</strong></span> <span class='ocrx_word' id='word_1_46' title='bbox 422 1357 485 1413; x_wconf 89' lang='lat' dir='ltr'><strong>p.</strong></span> <span class='ocrx_word' id='word_1_47' title='bbox 542 1334 693 1411; x_wconf 86' lang='grc'><strong>496,</strong></span> <span class='ocrx_word' id='word_1_48' title='bbox 754 1356 803 1405; x_wconf 84' lang='lat'><strong>1,</strong></span> <span class='ocrx_word' id='word_1_49' title='bbox 832 1334 861 1364; x_wconf 60' lang='lat'><em>⁴</em></span> <span class='ocrx_word' id='word_1_50' title='bbox 888 1334 1120 1413; x_wconf 78' lang='grc' dir='ltr'><strong>Σάγρα</strong></span> <span class='ocrx_word' id='word_1_51' title='bbox 1172 1356 1185 1391; x_wconf 89' lang='lat'>:</span> 
     </span>
     <span class='ocr_line' id='line_1_11' title="bbox 136 1420 1721 1505; baseline 0.003 -24"><span class='ocrx_word' id='word_1_52' title='bbox 136 1428 231 1499; x_wconf 78' lang='lat' dir='ltr'><strong>(in</strong></span> <span class='ocrx_word' id='word_1_53' title='bbox 261 1426 471 1481; x_wconf 86' lang='lat' dir='ltr'><strong>codice</strong></span> <span class='ocrx_word' id='word_1_54' title='bbox 504 1425 675 1480; x_wconf 84' lang='lat' dir='ltr'><strong>totius</strong></span> <span class='ocrx_word' id='word_1_55' title='bbox 698 1440 889 1479; x_wconf 83' lang='lat' dir='ltr'><strong>versus</strong></span> <span class='ocrx_word' id='word_1_56' title='bbox 924 1422 1149 1499; x_wconf 87' lang='lat' dir='ltr'><strong>lacuna)</strong></span> <span class='ocrx_word' id='word_1_57' title='bbox 1179 1420 1420 1493; x_wconf 73' lang='grc' dir='ltr'><strong>ἀλήθεια.</strong></span> <span class='ocrx_word' id='word_1_58' title='bbox 1452 1422 1587 1483; x_wconf 78' lang='grc' dir='ltr'><strong>οὕτω</strong></span> <span class='ocrx_word' id='word_1_59' title='bbox 1619 1427 1721 1505; x_wconf 82' lang='grc' dir='ltr'><strong>Κρ.</strong></span> 
     </span>
     <span class='ocr_line' id='line_1_12' title="bbox 102 1510 1725 1592; baseline 0.001 -24"><span class='ocrx_word' id='word_1_60' title='bbox 102 1515 243 1569; x_wconf 58' lang='lat' dir='ltr'><strong>‘llis</strong></span> <span class='ocrx_word' id='word_1_61' title='bbox 288 1514 515 1569; x_wconf 81' lang='lat' dir='ltr'><strong>mancis</strong></span> <span class='ocrx_word' id='word_1_62' title='bbox 555 1511 820 1567; x_wconf 81' lang='lat' dir='ltr'><strong>subvenit</strong></span> <span class='ocrx_word' id='word_1_63' title='bbox 854 1511 1080 1581; x_wconf 79' lang='lat' dir='ltr'><strong>Suidas,</strong></span> <span class='ocrx_word' id='word_1_64' title='bbox 1124 1510 1467 1592; x_wconf 83' lang='grc' dir='ltr'><strong>Ἀληθίστερα</strong></span> <span class='ocrx_word' id='word_1_65' title='bbox 1492 1514 1598 1570; x_wconf 79' lang='grc' dir='ltr'><strong>τῶν</strong></span> <span class='ocrx_word' id='word_1_66' title='bbox 1640 1514 1725 1571; x_wconf 79' lang='grc' dir='ltr'><strong>ἐπὶ</strong></span> 
     </span>
     <span class='ocr_line' id='line_1_13' title="bbox 136 1596 1723 1679; baseline 0 -20"><span class='ocrx_word' id='word_1_67' title='bbox 136 1598 335 1679; x_wconf 68' lang='grc' dir='ltr'><strong>Σάγρᾳ</strong></span> <span class='ocrx_word' id='word_1_68' title='bbox 366 1620 381 1655; x_wconf 75' lang='lat'>2</span> <span class='ocrx_word' id='word_1_69' title='bbox 412 1596 679 1677; x_wconf 76' lang='grc' dir='ltr'><strong>παροιμία</strong></span> <span class='ocrx_word' id='word_1_70' title='bbox 707 1596 923 1655; x_wconf 77' lang='grc' dir='ltr'><strong>ἐπὶτῶν</strong></span> <span class='ocrx_word' id='word_1_71' title='bbox 953 1599 1161 1671; x_wconf 73' lang='grc' dir='ltr'><strong>ἀληθῶν</strong></span> <span class='ocrx_word' id='word_1_72' title='bbox 1188 1596 1304 1675; x_wconf 76' lang='grc' dir='ltr'><strong>μὲν,</strong></span> <span class='ocrx_word' id='word_1_73' title='bbox 1323 1600 1383 1656; x_wconf 84' lang='grc' dir='ltr'><strong>οὗ</strong></span> <span class='ocrx_word' id='word_1_74' title='bbox 1411 1600 1723 1678; x_wconf 80' lang='grc' dir='ltr'><strong>πιστευομέ-</strong></span> 
     </span>
     <span class='ocr_line' id='line_1_14' title="bbox 132 1685 1722 1767; baseline 0.003 -22"><span class='ocrx_word' id='word_1_75' title='bbox 132 1710 241 1745; x_wconf 87' lang='grc' dir='ltr'><strong>νων</strong></span> <span class='ocrx_word' id='word_1_76' title='bbox 266 1686 344 1745; x_wconf 82' lang='grc' dir='ltr'><strong>δέ.</strong></span> <span class='ocrx_word' id='word_1_77' title='bbox 368 1686 641 1762; x_wconf 86' lang='grc' dir='ltr'><strong>με’μνηται</strong></span> <span class='ocrx_word' id='word_1_78' title='bbox 660 1689 754 1755; x_wconf 74' lang='grc' dir='ltr'><strong>τῆς</strong></span> <span class='ocrx_word' id='word_1_79' title='bbox 776 1686 1061 1763; x_wconf 78' lang='grc' dir='ltr'><strong>παροιμίας</strong></span> <span class='ocrx_word' id='word_1_80' title='bbox 1076 1685 1375 1767; x_wconf 71' lang='grc' dir='ltr'><strong>Μένανδρος</strong></span> <span class='ocrx_word' id='word_1_81' title='bbox 1397 1689 1449 1745; x_wconf 79' lang='grc' dir='ltr'><strong>ἐν</strong></span> <span class='ocrx_word' id='word_1_82' title='bbox 1470 1686 1722 1749; x_wconf 67' lang='lat' dir='ltr'><strong>’Avo-1:202·</strong></span> 
     </span>
     <span class='ocr_line' id='line_1_15' title="bbox 134 1775 1726 1855; baseline 0 -17"><span class='ocrx_word' id='word_1_83' title='bbox 134 1776 296 1855; x_wconf 75' lang='grc' dir='ltr'><strong>μένῃ.</strong></span> <span class='ocrx_word' id='word_1_84' title='bbox 332 1779 379 1835; x_wconf 83' lang='lat' dir='ltr'><strong>E</strong></span> <span class='ocrx_word' id='word_1_85' title='bbox 418 1776 742 1834; x_wconf 75' lang='lat' dir='ltr'><strong>Menandro</strong></span> <span class='ocrx_word' id='word_1_86' title='bbox 780 1775 841 1832; x_wconf 88' lang='lat' dir='ltr'><strong>id</strong></span> <span class='ocrx_word' id='word_1_87' title='bbox 876 1776 1249 1853; x_wconf 83' lang='lat' dir='ltr'><strong>proverbium</strong></span> <span class='ocrx_word' id='word_1_88' title='bbox 1278 1792 1726 1837; x_wconf 84' lang='lat' dir='ltr'><strong>commemorant</strong></span> 
     </span>
     <span class='ocr_line' id='line_1_16' title="bbox 134 1866 1723 1940; baseline 0.002 -17"><span class='ocrx_word' id='word_1_89' title='bbox 134 1870 311 1923; x_wconf 77' lang='lat' dir='ltr'><strong>etiam</strong></span> <span class='ocrx_word' id='word_1_90' title='bbox 342 1866 637 1924; x_wconf 85' lang='lat' dir='ltr'><strong>Zenobius</strong></span> <span class='ocrx_word' id='word_1_91' title='bbox 668 1884 730 1940; x_wconf 87' lang='grc'><strong>2,</strong></span> <span class='ocrx_word' id='word_1_92' title='bbox 768 1885 860 1937; x_wconf 79' lang='lat'><strong>17,</strong></span> <span class='ocrx_word' id='word_1_93' title='bbox 893 1876 949 1921; x_wconf 89' lang='lat' dir='ltr'><strong>et</strong></span> <span class='ocrx_word' id='word_1_94' title='bbox 989 1866 1319 1940; x_wconf 80' lang='lat' dir='ltr'><strong>Apostolius</strong></span> <span class='ocrx_word' id='word_1_95' title='bbox 1343 1886 1401 1936; x_wconf 86' lang='grc'><strong>2,</strong></span> <span class='ocrx_word' id='word_1_96' title='bbox 1451 1874 1547 1933; x_wconf 89' lang='grc'><strong>42.</strong></span> <span class='ocrx_word' id='word_1_97' title='bbox 1582 1869 1723 1926; x_wconf 79' lang='lat' dir='ltr'><strong>Ges-</strong></span> 
     </span>
     <span class='ocr_line' id='line_1_17' title="bbox 132 1948 1723 2032; baseline 0.002 -23"><span class='ocrx_word' id='word_1_98' title='bbox 132 1974 311 2011; x_wconf 78' lang='lat' dir='ltr'><strong>nerus</strong></span> <span class='ocrx_word' id='word_1_99' title='bbox 338 1955 507 2013; x_wconf 83' lang='lat' dir='ltr'><strong>Thes.</strong></span> <span class='ocrx_word' id='word_1_100' title='bbox 537 1956 604 2011; x_wconf 87' lang='lat' dir='ltr'><strong>L.</strong></span> <span class='ocrx_word' id='word_1_101' title='bbox 640 1956 714 2011; x_wconf 90' lang='lat' dir='ltr'><strong>L.</strong></span> <span class='ocrx_word' id='word_1_102' title='bbox 754 1978 779 2003; x_wconf 72' lang='grc' dir='ltr'><strong><em>κ</em></strong></span> <span class='ocrx_word' id='word_1_103' title='bbox 817 1953 987 2027; x_wconf 80' lang='lat' dir='ltr'><strong>Sagra</strong></span> <span class='ocrx_word' id='word_1_104' title='bbox 1036 1948 1286 2029; x_wconf 75' lang='grc' dir='ltr'><strong>(Σάγρας</strong></span> <span class='ocrx_word' id='word_1_105' title='bbox 1320 1954 1556 2032; x_wconf 81' lang='lat' dir='ltr'><strong>Strabo)</strong></span> <span class='ocrx_word' id='word_1_106' title='bbox 1614 1954 1723 2012; x_wconf 90' lang='lat' dir='ltr'><strong>flu-</strong></span> 
     </span>
     <span class='ocr_line' id='line_1_18' title="bbox 132 2037 1725 2116; baseline 0.003 -21"><span class='ocrx_word' id='word_1_107' title='bbox 132 2046 263 2097; x_wconf 74' lang='lat' dir='ltr'><strong>vius</strong></span> <span class='ocrx_word' id='word_1_108' title='bbox 304 2052 389 2098; x_wconf 63' lang='lat' dir='ltr'><strong>est</strong></span> <span class='ocrx_word' id='word_1_109' title='bbox 430 2044 491 2097; x_wconf 90' lang='lat' dir='ltr'><strong>in</strong></span> <span class='ocrx_word' id='word_1_110' title='bbox 523 2060 623 2097; x_wconf 83' lang='lat' dir='ltr'><strong>ora</strong></span> <span class='ocrx_word' id='word_1_111' title='bbox 666 2037 885 2116; x_wconf 74' lang='lat' dir='ltr'><strong>Magnae</strong></span> <span class='ocrx_word' id='word_1_112' title='bbox 928 2042 1153 2098; x_wconf 81' lang='lat' dir='ltr'><strong>Graeciae</strong></span> <span class='ocrx_word' id='word_1_113' title='bbox 1191 2042 1253 2095; x_wconf 89' lang='lat' dir='ltr'><strong>in</strong></span> <span class='ocrx_word' id='word_1_114' title='bbox 1286 2041 1473 2100; x_wconf 85' lang='lat' dir='ltr'><strong>Italia.</strong></span> <span class='ocrx_word' id='word_1_115' title='bbox 1506 2046 1725 2100; x_wconf 80' lang='lat' dir='ltr'><strong>Auctor</strong></span> 
     </span>
     <span class='ocr_line' id='line_1_19' title="bbox 134 2128 1728 2203; baseline 0.002 -19"><span class='ocrx_word' id='word_1_116' title='bbox 134 2128 365 2185; x_wconf 79' lang='lat' dir='ltr'><strong>Plinius</strong></span> <span class='ocrx_word' id='word_1_117' title='bbox 414 2128 477 2198; x_wconf 81' lang='lat'><strong>3,</strong></span> <span class='ocrx_word' id='word_1_118' title='bbox 532 2148 625 2186; x_wconf 80' lang='grc' dir='ltr'><strong>ιο.</strong></span> <span class='ocrx_word' id='word_1_119' title='bbox 660 2128 866 2183; x_wconf 83' lang='lat' dir='ltr'><strong>Cicero</strong></span> <span class='ocrx_word' id='word_1_120' title='bbox 891 2128 978 2183; x_wconf 92' lang='lat' dir='ltr'><strong>De</strong></span> <span class='ocrx_word' id='word_1_121' title='bbox 1004 2128 1077 2183; x_wconf 88' lang='lat' dir='ltr'><strong>N.</strong></span> <span class='ocrx_word' id='word_1_122' title='bbox 1110 2130 1184 2183; x_wconf 92' lang='lat' dir='ltr'><strong>D.</strong></span> <span class='ocrx_word' id='word_1_123' title='bbox 1218 2147 1279 2203; x_wconf 89' lang='grc'><strong>2,</strong></span> <span class='ocrx_word' id='word_1_124' title='bbox 1310 2129 1346 2184; x_wconf 88' lang='lat'>6</span> <span class='ocrx_word' id='word_1_125' title='bbox 1376 2146 1391 2187; x_wconf 90' lang='lat'>:</span> <span class='ocrx_word' id='word_1_126' title='bbox 1427 2130 1608 2201; x_wconf 83' lang='lat' dir='ltr'><strong>Quum</strong></span> <span class='ocrx_word' id='word_1_127' title='bbox 1647 2134 1728 2187; x_wconf 83' lang='lat' dir='ltr'><strong>ad</strong></span> 
     </span>
     <span class='ocr_line' id='line_1_20' title="bbox 126 2216 1725 2293; baseline 0.003 -21"><span class='ocrx_word' id='word_1_128' title='bbox 126 2220 363 2291; x_wconf 75' lang='lat' dir='ltr'><strong>fiuvium</strong></span> <span class='ocrx_word' id='word_1_129' title='bbox 393 2216 647 2289; x_wconf 80' lang='lat' dir='ltr'><em>Sagram</em></span> <span class='ocrx_word' id='word_1_130' title='bbox 674 2217 1034 2272; x_wconf 78' lang='lat' dir='ltr'><strong>Crotoniatas</strong></span> <span class='ocrx_word' id='word_1_131' title='bbox 1058 2218 1221 2272; x_wconf 76' lang='lat' dir='ltr'><strong>Locri</strong></span> <span class='ocrx_word' id='word_1_132' title='bbox 1244 2222 1499 2273; x_wconf 68' lang='lat' dir='ltr'><strong>maa-into</strong></span> <span class='ocrx_word' id='word_1_133' title='bbox 1517 2222 1725 2293; x_wconf 71' lang='lat' dir='ltr'><strong>pra-lio</strong></span> 
     </span>
     <span class='ocr_line' id='line_1_21' title="bbox 136 2304 1721 2381; baseline 0.002 -21"><span class='ocrx_word' id='word_1_134' title='bbox 136 2310 473 2361; x_wconf 76' lang='lat' dir='ltr'><strong>devicissent</strong></span> <span class='ocrx_word' id='word_1_135' title='bbox 486 2345 504 2375; x_wconf 89' lang='lat'>‚</span> <span class='ocrx_word' id='word_1_136' title='bbox 526 2322 595 2360; x_wconf 86' lang='lat' dir='ltr'><strong>eo</strong></span> <span class='ocrx_word' id='word_1_137' title='bbox 623 2309 748 2379; x_wconf 76' lang='lat' dir='ltr'><strong>ipso</strong></span> <span class='ocrx_word' id='word_1_138' title='bbox 768 2304 865 2357; x_wconf 81' lang='lat' dir='ltr'><strong>die</strong></span> <span class='ocrx_word' id='word_1_139' title='bbox 888 2305 1139 2359; x_wconf 74' lang='lat' dir='ltr'><strong>auditam</strong></span> <span class='ocrx_word' id='word_1_140' title='bbox 1169 2321 1287 2359; x_wconf 80' lang='lat' dir='ltr'><strong>esse</strong></span> <span class='ocrx_word' id='word_1_141' title='bbox 1317 2324 1445 2361; x_wconf 83' lang='lat' dir='ltr'><strong>eam</strong></span> <span class='ocrx_word' id='word_1_142' title='bbox 1464 2326 1721 2381; x_wconf 81' lang='lat' dir='ltr'><strong>pugnam</strong></span> 
     </span>
     <span class='ocr_line' id='line_1_22' title="bbox 139 2392 1721 2467; baseline 0.001 -18"><span class='ocrx_word' id='word_1_143' title='bbox 139 2398 285 2450; x_wconf 73' lang='lat' dir='ltr'><strong>ludis</strong></span> <span class='ocrx_word' id='word_1_144' title='bbox 317 2396 641 2467; x_wconf 76' lang='lat' dir='ltr'><strong>Olympice,</strong></span> <span class='ocrx_word' id='word_1_145' title='bbox 683 2397 967 2447; x_wconf 73' lang='lat' dir='ltr'><strong>memoria.-</strong></span> <span class='ocrx_word' id='word_1_146' title='bbox 1004 2392 1291 2466; x_wconf 81' lang='lat' dir='ltr'><strong>pmditum</strong></span> <span class='ocrx_word' id='word_1_147' title='bbox 1324 2406 1425 2449; x_wconf 79' lang='lat' dir='ltr'><strong>est.</strong></span> <span class='ocrx_word' id='word_1_148' title='bbox 1466 2395 1617 2454; x_wconf 85' lang='lat' dir='ltr'><strong>lbid.</strong></span> <span class='ocrx_word' id='word_1_149' title='bbox 1662 2395 1721 2467; x_wconf 86' lang='lat'><strong>3,</strong></span> 
     </span>
     <span class='ocr_line' id='line_1_23' title="bbox 148 2480 1721 2555; baseline 0 -16"><span class='ocrx_word' id='word_1_150' title='bbox 148 2505 165 2539; x_wconf 87' lang='grc' dir='ltr'><strong>ι</strong></span> <span class='ocrx_word' id='word_1_151' title='bbox 180 2486 213 2539; x_wconf 79' lang='grc'>3</span> <span class='ocrx_word' id='word_1_152' title='bbox 253 2504 267 2537; x_wconf 93' lang='lat'>:</span> <span class='ocrx_word' id='word_1_153' title='bbox 296 2484 388 2537; x_wconf 86' lang='lat' dir='ltr'><strong>De</strong></span> <span class='ocrx_word' id='word_1_154' title='bbox 409 2482 598 2554; x_wconf 75' lang='lat' dir='ltr'><strong>Sagra</strong></span> <span class='ocrx_word' id='word_1_155' title='bbox 626 2480 949 2552; x_wconf 63' lang='lat' dir='ltr'><strong>Groecorung</strong></span> <span class='ocrx_word' id='word_1_156' title='bbox 968 2492 1052 2535; x_wconf 82' lang='lat' dir='ltr'><strong>est</strong></span> <span class='ocrx_word' id='word_1_157' title='bbox 1066 2482 1309 2553; x_wconf 79' lang='lat' dir='ltr'><strong>vulgare</strong></span> <span class='ocrx_word' id='word_1_158' title='bbox 1334 2480 1690 2555; x_wconf 74' lang='lat' dir='ltr'><strong>proverbium</strong></span> <span class='ocrx_word' id='word_1_159' title='bbox 1706 2527 1721 2555; x_wconf 90' lang='lat'><strong>,</strong></span> 
     </span>
     <span class='ocr_line' id='line_1_24' title="bbox 136 2566 1727 2645; baseline 0.001 -20"><span class='ocrx_word' id='word_1_160' title='bbox 136 2592 251 2644; x_wconf 79' lang='lat' dir='ltr'><strong>quo</strong></span> <span class='ocrx_word' id='word_1_161' title='bbox 268 2613 287 2644; x_wconf 89' lang='lat'>,</span> <span class='ocrx_word' id='word_1_162' title='bbox 311 2588 447 2645; x_wconf 84' lang='lat' dir='ltr'><strong>quoe</strong></span> <span class='ocrx_word' id='word_1_163' title='bbox 466 2566 783 2641; x_wconf 80' lang='lat' dir='ltr'><strong>affirmant,</strong></span> <span class='ocrx_word' id='word_1_164' title='bbox 808 2574 1045 2624; x_wconf 73' lang='lat' dir='ltr'><strong>certiora</strong></span> <span class='ocrx_word' id='word_1_165' title='bbox 1066 2586 1184 2624; x_wconf 82' lang='lat' dir='ltr'><strong>esse</strong></span> <span class='ocrx_word' id='word_1_166' title='bbox 1202 2569 1397 2624; x_wconf 80' lang='lat' dir='ltr'><strong>dicum</strong></span> <span class='ocrx_word' id='word_1_167' title='bbox 1412 2590 1579 2643; x_wconf 80' lang='lat' dir='ltr'><strong>quam</strong></span> <span class='ocrx_word' id='word_1_168' title='bbox 1598 2592 1727 2645; x_wconf 81' lang='lat' dir='ltr'><strong>quoe</strong></span> 
     </span>
     <span class='ocr_line' id='line_1_25' title="bbox 140 2654 1725 2733; baseline 0.001 -19"><span class='ocrx_word' id='word_1_169' title='bbox 140 2661 307 2733; x_wconf 81' lang='lat' dir='ltr'><strong>apud</strong></span> <span class='ocrx_word' id='word_1_170' title='bbox 318 2658 583 2731; x_wconf 76' lang='lat' dir='ltr'><strong>Sagram.</strong></span> <span class='ocrx_word' id='word_1_171' title='bbox 616 2682 643 2707; x_wconf 74' lang='grc' dir='ltr'><strong>ι»</strong></span> <span class='ocrx_word' id='word_1_172' title='bbox 670 2658 928 2713; x_wconf 84' lang='lat' dir='ltr'><strong>Fuerunt</strong></span> <span class='ocrx_word' id='word_1_173' title='bbox 949 2656 1151 2731; x_wconf 84' lang='lat' dir='ltr'><strong>igitur,</strong></span> <span class='ocrx_word' id='word_1_174' title='bbox 1175 2654 1279 2729; x_wconf 88' lang='lat' dir='ltr'><strong>qui</strong></span> <span class='ocrx_word' id='word_1_175' title='bbox 1304 2657 1375 2713; x_wconf 91' lang='lat' dir='ltr'><strong>de</strong></span> <span class='ocrx_word' id='word_1_176' title='bbox 1398 2660 1725 2715; x_wconf 85' lang='lat' dir='ltr'><strong>narratione</strong></span> 
     </span>
     <span class='ocr_line' id='line_1_26' title="bbox 142 2745 1265 2818; baseline -0.006 -14"><span class='ocrx_word' id='word_1_177' title='bbox 142 2751 241 2803; x_wconf 81' lang='lat' dir='ltr'><strong>ista</strong></span> <span class='ocrx_word' id='word_1_178' title='bbox 270 2746 711 2815; x_wconf 73' lang='lat' dir='ltr'><strong>addubitarem,</strong></span> <span class='ocrx_word' id='word_1_179' title='bbox 742 2762 930 2818; x_wconf 87' lang='lat' dir='ltr'><strong>neque</strong></span> <span class='ocrx_word' id='word_1_180' title='bbox 958 2745 1265 2801; x_wconf 86' lang='lat' dir='ltr'><strong>immerito.</strong></span> 
     </span>
    </p>
   </div>
   <div class='ocr_carea' id='block_1_9' title="bbox 146 2855 1724 3268">
    <p class='ocr_par' dir='ltr' id='par_1_9' title="bbox 146 2855 1724 3268">
     <span class='ocr_line' id='line_1_27' title="bbox 892 2855 989 2928; baseline 0.031 -17"><span class='ocrx_word' id='word_1_181' title='bbox 892 2855 989 2928; x_wconf 87' lang='grc'><strong>87.</strong></span> 
     </span>
     <span class='ocr_line' id='line_1_28' title="bbox 223 2967 1724 3047; baseline -0.003 -16"><span class='ocrx_word' id='word_1_182' title='bbox 223 2973 381 3031; x_wconf 81' lang='lat' dir='ltr'><strong>Idem</strong></span> <span class='ocrx_word' id='word_1_183' title='bbox 406 2991 467 3047; x_wconf 82' lang='lat' dir='ltr'><strong>p.</strong></span> <span class='ocrx_word' id='word_1_184' title='bbox 504 2971 647 3040; x_wconf 80' lang='lat'>516‚</span> <span class='ocrx_word' id='word_1_185' title='bbox 688 2990 709 3026; x_wconf 87' lang='lat'>1</span> <span class='ocrx_word' id='word_1_186' title='bbox 740 2988 755 3040; x_wconf 71' lang='grc' dir='ltr'>ς</span> <span class='ocrx_word' id='word_1_187' title='bbox 789 2969 927 3029; x_wconf 86' lang='grc' dir='ltr'><strong>Σκα</strong></span> <span class='ocrx_word' id='word_1_188' title='bbox 945 2968 1290 3047; x_wconf 78' lang='grc' dir='ltr'><strong>νδάληθρα</strong></span> <span class='ocrx_word' id='word_1_189' title='bbox 1334 2967 1425 3026; x_wconf 81' lang='grc' dir='ltr'><strong>καὶ</strong></span> <span class='ocrx_word' id='word_1_190' title='bbox 1455 2968 1724 3027; x_wconf 81' lang='grc' dir='ltr'><strong>σκάνδαλα</strong></span> 
     </span>
     <span class='ocr_line' id='line_1_29' title="bbox 146 3059 370 3136; baseline 0.009 -20"><span class='ocrx_word' id='word_1_191' title='bbox 146 3059 370 3136; x_wconf 72' lang='grc' dir='ltr'><strong>λέγουσι.</strong></span> 
     </span>
     <span class='ocr_line' id='line_1_30' title="bbox 238 3170 1106 3268; baseline -0.005 -23"><span class='ocrx_word' id='word_1_192' title='bbox 238 3170 451 3244; x_wconf 73' lang='grc' dir='ltr'><strong>Σκανδ</strong></span> <span class='ocrx_word' id='word_1_193' title='bbox 458 3177 667 3268; x_wconf 71' lang='grc' dir='ltr'><strong>α’ληθρ’</strong></span> <span class='ocrx_word' id='word_1_194' title='bbox 712 3173 883 3252; x_wconf 75' lang='grc' dir='ltr'><strong>ἱστὰς</strong></span> <span class='ocrx_word' id='word_1_195' title='bbox 919 3177 1080 3241; x_wconf 83' lang='grc' dir='ltr'><strong>ἐπῶν</strong></span> <span class='ocrx_word' id='word_1_196' title='bbox 1091 3226 1106 3241; x_wconf 93' lang='grc'><strong>.</strong></span> 
     </span>
    </p>
   </div>
   <div class='ocr_carea' id='block_1_10' title="bbox 1246 1338 1725 1398">
    <p class='ocr_par' dir='ltr' id='par_1_10' title="bbox 1246 1338 1725 1398">
     <span class='ocr_line' id='line_1_31' title="bbox 1246 1338 1725 1398; baseline 0.015 -7"><span class='ocrx_word' id='word_1_197' title='bbox 1246 1338 1434 1393; x_wconf 75' lang='grc' dir='ltr'><strong>αἰτοῦ</strong></span> <span class='ocrx_word' id='word_1_198' title='bbox 1446 1378 1725 1398; x_wconf 90' lang='grc'><strong>............</strong></span> 
     </span>
    </p>
   </div>
   <div class='ocr_carea' id='block_1_11' title="bbox 148 3300 1721 3470">
    <p class='ocr_par' dir='ltr' id='par_1_11' title="bbox 148 3300 1721 3470">
     <span class='ocr_line' id='line_1_32' title="bbox 148 3300 1721 3384; baseline -0.002 -20"><span class='ocrx_word' id='word_1_199' title='bbox 148 3300 247 3384; x_wconf 67' lang='lat' dir='ltr'><strong>Rp.</strong></span> <span class='ocrx_word' id='word_1_200' title='bbox 288 3309 377 3362; x_wconf 82' lang='lat' dir='ltr'><strong>Ita</strong></span> <span class='ocrx_word' id='word_1_201' title='bbox 418 3307 709 3360; x_wconf 73' lang='lat' dir='ltr'><strong>Pol-sonus</strong></span> <span class='ocrx_word' id='word_1_202' title='bbox 736 3303 1053 3358; x_wconf 78' lang='lat' dir='ltr'><strong>secundum</strong></span> <span class='ocrx_word' id='word_1_203' title='bbox 1098 3303 1541 3379; x_wconf 79' lang='lat' dir='ltr'><strong>Aristophanem</strong></span> <span class='ocrx_word' id='word_1_204' title='bbox 1580 3303 1721 3361; x_wconf 74' lang='lat' dir='ltr'><strong>Acin.</strong></span> 
     </span>
     <span class='ocr_line' id='line_1_33' title="bbox 150 3388 1721 3470; baseline 0 -22"><span class='ocrx_word' id='word_1_205' title='bbox 150 3395 279 3464; x_wconf 79' lang='lat'><strong>687.</strong></span> <span class='ocrx_word' id='word_1_206' title='bbox 326 3392 527 3450; x_wconf 81' lang='lat' dir='ltr'><strong>Codex</strong></span> <span class='ocrx_word' id='word_1_207' title='bbox 560 3390 931 3470; x_wconf 73' lang='grc' dir='ltr'><strong>Σκανδάλιθρα</strong></span> <span class='ocrx_word' id='word_1_208' title='bbox 970 3403 1026 3448; x_wconf 86' lang='lat' dir='ltr'><strong>et</strong></span> <span class='ocrx_word' id='word_1_209' title='bbox 1050 3390 1427 3469; x_wconf 83' lang='grc' dir='ltr'><strong>σκανδαλίθρας</strong></span> <span class='ocrx_word' id='word_1_210' title='bbox 1446 3388 1539 3455; x_wconf 75' lang='grc' dir='ltr'><strong>τὰς</strong></span> <span class='ocrx_word' id='word_1_211' title='bbox 1560 3390 1721 3448; x_wconf 81' lang='grc' dir='ltr'><strong>ἐπῶν.</strong></span> 
     </span>
    </p>
   </div>
   <div class='ocr_carea' id='block_1_12' title="bbox 884 3505 981 3562">
    <p class='ocr_par' dir='ltr' id='par_1_12' title="bbox 884 3505 981 3562">
     <span class='ocr_line' id='line_1_34' title="bbox 884 3505 981 3562; baseline 0.021 -2"><span class='ocrx_word' id='word_1_212' title='bbox 884 3505 981 3562; x_wconf 89' lang='grc'><strong>88.</strong></span> 
     </span>
    </p>
   </div>
   <div class='ocr_carea' id='block_1_13' title="bbox 146 3613 1727 4558">
    <p class='ocr_par' dir='ltr' id='par_1_13' title="bbox 146 3613 1727 4224">
     <span class='ocr_line' id='line_1_35' title="bbox 221 3613 1727 3692; baseline -0.003 -16"><span class='ocrx_word' id='word_1_213' title='bbox 221 3619 385 3676; x_wconf 86' lang='lat' dir='ltr'><strong>Idem</strong></span> <span class='ocrx_word' id='word_1_214' title='bbox 422 3638 487 3692; x_wconf 86' lang='lat' dir='ltr'><strong>p.</strong></span> <span class='ocrx_word' id='word_1_215' title='bbox 522 3615 659 3686; x_wconf 85' lang='lat'>531,</span> <span class='ocrx_word' id='word_1_216' title='bbox 696 3615 754 3687; x_wconf 88' lang='lat'><strong>3,</strong></span> <span class='ocrx_word' id='word_1_217' title='bbox 796 3614 1125 3690; x_wconf 78' lang='grc' dir='ltr'><strong>Σπιθαμή</strong></span> <span class='ocrx_word' id='word_1_218' title='bbox 1168 3637 1181 3671; x_wconf 79' lang='lat' dir='ltr'><strong><em>z</em></strong></span> <span class='ocrx_word' id='word_1_219' title='bbox 1214 3614 1273 3672; x_wconf 84' lang='grc' dir='ltr'><strong>τὸ</strong></span> <span class='ocrx_word' id='word_1_220' title='bbox 1302 3613 1409 3673; x_wconf 81' lang='grc' dir='ltr'><strong>ἀπὸ</strong></span> <span class='ocrx_word' id='word_1_221' title='bbox 1430 3619 1522 3672; x_wconf 80' lang='grc' dir='ltr'><strong>τοῦ</strong></span> <span class='ocrx_word' id='word_1_222' title='bbox 1550 3613 1727 3691; x_wconf 76' lang='grc' dir='ltr'><strong>μεγά-</strong></span> 
     </span>
     <span class='ocr_line' id='line_1_36' title="bbox 146 3700 1725 3782; baseline -0.004 -18"><span class='ocrx_word' id='word_1_223' title='bbox 146 3709 234 3764; x_wconf 78' lang='grc' dir='ltr'><strong>λου</strong></span> <span class='ocrx_word' id='word_1_224' title='bbox 270 3703 535 3763; x_wconf 77' lang='grc' dir='ltr'><strong>δακτύλου</strong></span> <span class='ocrx_word' id='word_1_225' title='bbox 565 3701 651 3760; x_wconf 72' lang='grc' dir='ltr'><strong>ἐπὶ</strong></span> <span class='ocrx_word' id='word_1_226' title='bbox 698 3701 785 3760; x_wconf 84' lang='grc' dir='ltr'><strong>τὸν</strong></span> <span class='ocrx_word' id='word_1_227' title='bbox 826 3700 1039 3782; x_wconf 83' lang='grc' dir='ltr'><strong>μικρόν·</strong></span> <span class='ocrx_word' id='word_1_228' title='bbox 1068 3701 1129 3760; x_wconf 83' lang='grc' dir='ltr'><strong>τὸ</strong></span> <span class='ocrx_word' id='word_1_229' title='bbox 1170 3703 1216 3761; x_wconf 88' lang='grc' dir='ltr'><strong>δ’</strong></span> <span class='ocrx_word' id='word_1_230' title='bbox 1257 3700 1345 3762; x_wconf 73' lang='grc' dir='ltr'><strong>ἐπὶ</strong></span> <span class='ocrx_word' id='word_1_231' title='bbox 1390 3701 1477 3760; x_wconf 79' lang='grc' dir='ltr'><strong>τὸν</strong></span> <span class='ocrx_word' id='word_1_232' title='bbox 1506 3701 1725 3781; x_wconf 75' lang='grc' dir='ltr'><strong>λιχανὸν</strong></span> 
     </span>
     <span class='ocr_line' id='line_1_37' title="bbox 148 3789 1723 3870; baseline -0.001 -20"><span class='ocrx_word' id='word_1_233' title='bbox 148 3797 255 3868; x_wconf 80' lang='lat' dir='ltr'><strong>(sic</strong></span> <span class='ocrx_word' id='word_1_234' title='bbox 288 3795 519 3870; x_wconf 81' lang='lat' dir='ltr'><strong>corrige</strong></span> <span class='ocrx_word' id='word_1_235' title='bbox 560 3810 673 3868; x_wconf 86' lang='lat' dir='ltr'><strong>pro</strong></span> <span class='ocrx_word' id='word_1_236' title='bbox 716 3789 823 3848; x_wconf 80' lang='grc' dir='ltr'><strong>ἀπὸ</strong></span> <span class='ocrx_word' id='word_1_237' title='bbox 849 3795 942 3849; x_wconf 71' lang='grc' dir='ltr'><strong>τοῦ</strong></span> <span class='ocrx_word' id='word_1_238' title='bbox 984 3791 1233 3869; x_wconf 81' lang='grc' dir='ltr'><strong>λιχανοῦ)</strong></span> <span class='ocrx_word' id='word_1_239' title='bbox 1263 3789 1481 3869; x_wconf 83' lang='grc' dir='ltr'><strong>λιχοίς.</strong></span> <span class='ocrx_word' id='word_1_240' title='bbox 1524 3789 1623 3862; x_wconf 70' lang='grc' dir='ltr'><strong>,τὴν</strong></span> <span class='ocrx_word' id='word_1_241' title='bbox 1670 3789 1723 3848; x_wconf 82' lang='grc' dir='ltr'><strong>δὲ</strong></span> 
     </span>
     <span class='ocr_line' id='line_1_38' title="bbox 150 3877 1719 3958; baseline -0.001 -20"><span class='ocrx_word' id='word_1_242' title='bbox 150 3880 417 3956; x_wconf 75' lang='grc' dir='ltr'><strong>σπιθαμῆν</strong></span> <span class='ocrx_word' id='word_1_243' title='bbox 468 3901 605 3944; x_wconf 87' lang='grc' dir='ltr'><strong>τινες</strong></span> <span class='ocrx_word' id='word_1_244' title='bbox 653 3877 745 3936; x_wconf 78' lang='grc' dir='ltr'><strong>καὶ</strong></span> <span class='ocrx_word' id='word_1_245' title='bbox 797 3877 1055 3958; x_wconf 84' lang='grc' dir='ltr'><strong>δόχμην</strong></span> <span class='ocrx_word' id='word_1_246' title='bbox 1108 3879 1377 3937; x_wconf 78' lang='grc' dir='ltr'><strong>καλοῦσιν.</strong></span> <span class='ocrx_word' id='word_1_247' title='bbox 1410 3877 1571 3944; x_wconf 79' lang='grc' dir='ltr'><strong>οὕτως</strong></span> <span class='ocrx_word' id='word_1_248' title='bbox 1620 3881 1719 3955; x_wconf 82' lang='grc' dir='ltr'><strong>Κρ.</strong></span> 
     </span>
     <span class='ocr_line' id='line_1_39' title="bbox 150 3960 1727 4046; baseline -0.003 -18"><span class='ocrx_word' id='word_1_249' title='bbox 150 3973 469 4028; x_wconf 77' lang='lat' dir='ltr'><strong>Eustathius</strong></span> <span class='ocrx_word' id='word_1_250' title='bbox 494 3989 555 4044; x_wconf 88' lang='lat' dir='ltr'><strong>p.</strong></span> <span class='ocrx_word' id='word_1_251' title='bbox 592 3986 767 4042; x_wconf 81' lang='lat'><strong>1291,</strong></span> <span class='ocrx_word' id='word_1_252' title='bbox 801 3967 873 4036; x_wconf 88' lang='grc'><strong>45</strong></span> <span class='ocrx_word' id='word_1_253' title='bbox 901 3988 914 4022; x_wconf 90' lang='lat'><strong>:</strong></span> <span class='ocrx_word' id='word_1_254' title='bbox 943 3967 1059 4045; x_wconf 74' lang='grc' dir='ltr'><strong>περὶ</strong></span> <span class='ocrx_word' id='word_1_255' title='bbox 1103 3960 1164 4039; x_wconf 67' lang='grc' dir='ltr'><strong>ἧς</strong></span> <span class='ocrx_word' id='word_1_256' title='bbox 1212 3967 1334 4044; x_wconf 74' lang='grc' dir='ltr'><strong>(τῆς</strong></span> <span class='ocrx_word' id='word_1_257' title='bbox 1363 3967 1595 4046; x_wconf 85' lang='grc' dir='ltr'><strong>δόχμης)</strong></span> <span class='ocrx_word' id='word_1_258' title='bbox 1628 3965 1727 4026; x_wconf 80' lang='grc' dir='ltr'><strong>Αἴ-</strong></span> 
     </span>
     <span class='ocr_line' id='line_1_40' title="bbox 150 4053 1724 4134; baseline -0.001 -20"><span class='ocrx_word' id='word_1_259' title='bbox 150 4059 251 4124; x_wconf 55' lang='lat' dir='ltr'><strong>lio&lt;</strong></span> <span class='ocrx_word' id='word_1_260' title='bbox 276 4055 555 4121; x_wconf 76' lang='grc' dir='ltr'><strong>Διονύσιός</strong></span> <span class='ocrx_word' id='word_1_261' title='bbox 594 4077 750 4134; x_wconf 84' lang='grc' dir='ltr'><strong>φησιν</strong></span> <span class='ocrx_word' id='word_1_262' title='bbox 776 4053 939 4120; x_wconf 78' lang='grc' dir='ltr'><strong>οὕτως</strong></span> <span class='ocrx_word' id='word_1_263' title='bbox 965 4097 982 4126; x_wconf 90' lang='grc'><strong>,</strong></span> <span class='ocrx_word' id='word_1_264' title='bbox 1019 4081 1043 4106; x_wconf 79' lang='grc' dir='ltr'><strong>σι</strong></span> <span class='ocrx_word' id='word_1_265' title='bbox 1069 4055 1261 4134; x_wconf 87' lang='grc' dir='ltr'><strong>Δόχμη</strong></span> <span class='ocrx_word' id='word_1_266' title='bbox 1286 4055 1346 4112; x_wconf 84' lang='grc' dir='ltr'><strong>τὸ</strong></span> <span class='ocrx_word' id='word_1_267' title='bbox 1376 4053 1724 4134; x_wconf 78' lang='grc' dir='ltr'><strong>τετραδᾶκτυ-</strong></span> 
     </span>
     <span class='ocr_line' id='line_1_41' title="bbox 150 4141 1724 4224; baseline 0 -24"><span class='ocrx_word' id='word_1_268' title='bbox 150 4147 253 4206; x_wconf 69' lang='grc' dir='ltr'><strong>λον.</strong></span> <span class='ocrx_word' id='word_1_269' title='bbox 296 4145 645 4224; x_wconf 75' lang='grc' dir='ltr'><strong>Ἀρίσταρχος</strong></span> <span class='ocrx_word' id='word_1_270' title='bbox 674 4142 729 4200; x_wconf 85' lang='grc' dir='ltr'><strong>δὲ</strong></span> <span class='ocrx_word' id='word_1_271' title='bbox 768 4141 967 4217; x_wconf 80' lang='grc' dir='ltr'><strong>ὀξύνει,</strong></span> <span class='ocrx_word' id='word_1_272' title='bbox 994 4145 1063 4209; x_wconf 78' lang='grc' dir='ltr'><strong>ὣς</strong></span> <span class='ocrx_word' id='word_1_273' title='bbox 1086 4143 1237 4215; x_wconf 82' lang='grc' dir='ltr'><strong>δηλοῖ</strong></span> <span class='ocrx_word' id='word_1_274' title='bbox 1260 4145 1291 4201; x_wconf 81' lang='grc' dir='ltr'><strong>ὁ</strong></span> <span class='ocrx_word' id='word_1_275' title='bbox 1316 4141 1547 4219; x_wconf 80' lang='grc' dir='ltr'><strong>κωμικὸς</strong></span> <span class='ocrx_word' id='word_1_276' title='bbox 1574 4145 1626 4201; x_wconf 72' lang='grc' dir='ltr'><strong>ἐν</strong></span> <span class='ocrx_word' id='word_1_277' title='bbox 1650 4145 1724 4220; x_wconf 80' lang='grc' dir='ltr'><strong>τῷ</strong></span> 
     </span>
    </p>

    <p class='ocr_par' dir='ltr' id='par_1_14' title="bbox 150 4258 1722 4558">
     <span class='ocr_line' id='line_1_42' title="bbox 242 4258 1620 4359; baseline -0.003 -23"><span class='ocrx_word' id='word_1_278' title='bbox 242 4269 435 4337; x_wconf 76' lang='grc' dir='ltr'><strong>Οὗτοι</strong></span> <span class='ocrx_word' id='word_1_279' title='bbox 470 4259 531 4333; x_wconf 85' lang='grc' dir='ltr'><strong>δ’</strong></span> <span class='ocrx_word' id='word_1_280' title='bbox 572 4267 950 4358; x_wconf 66' lang='grc' dir='ltr'><strong>ἀφεστήκασι</strong></span> <span class='ocrx_word' id='word_1_281' title='bbox 978 4272 1155 4332; x_wconf 81' lang='grc' dir='ltr'><strong>πλεῖν</strong></span> <span class='ocrx_word' id='word_1_282' title='bbox 1177 4265 1214 4340; x_wconf 81' lang='grc' dir='ltr'>ἢ</span> <span class='ocrx_word' id='word_1_283' title='bbox 1247 4258 1357 4332; x_wconf 81' lang='grc' dir='ltr'><strong>δύο</strong></span> <span class='ocrx_word' id='word_1_284' title='bbox 1387 4258 1620 4359; x_wconf 78' lang='grc' dir='ltr'><strong>δοχμοί.</strong></span> 
     </span>
     <span class='ocr_line' id='line_1_43' title="bbox 150 4388 1722 4472; baseline -0.004 -19"><span class='ocrx_word' id='word_1_285' title='bbox 150 4397 197 4453; x_wconf 78' lang='grc' dir='ltr'><strong>ἐν</strong></span> <span class='ocrx_word' id='word_1_286' title='bbox 258 4395 439 4472; x_wconf 76' lang='grc' dir='ltr'><strong>μέντοι</strong></span> <span class='ocrx_word' id='word_1_287' title='bbox 459 4437 479 4466; x_wconf 88' lang='grc'><strong>,</strong></span> <span class='ocrx_word' id='word_1_288' title='bbox 540 4391 671 4472; x_wconf 70' lang='grc' dir='ltr'><strong>φησὶ</strong></span> <span class='ocrx_word' id='word_1_289' title='bbox 690 4435 709 4469; x_wconf 91' lang='grc'><strong>,</strong></span> <span class='ocrx_word' id='word_1_290' title='bbox 764 4393 871 4458; x_wconf 82' lang='grc' dir='ltr'><strong>τοῖς</strong></span> <span class='ocrx_word' id='word_1_291' title='bbox 939 4388 1325 4470; x_wconf 75' lang='grc' dir='ltr'><strong>ἅκριὸεστέροις</strong></span> <span class='ocrx_word' id='word_1_292' title='bbox 1391 4391 1722 4470; x_wconf 78' lang='grc' dir='ltr'><strong>ἀντιγράφοις</strong></span> 
     </span>
     <span class='ocr_line' id='line_1_44' title="bbox 150 4476 1721 4558; baseline -0.001 -17"><span class='ocrx_word' id='word_1_293' title='bbox 150 4482 281 4551; x_wconf 74' lang='grc' dir='ltr'><strong>ὀξεῖα</strong></span> <span class='ocrx_word' id='word_1_294' title='bbox 302 4481 569 4542; x_wconf 76' lang='grc' dir='ltr'><strong>ἐπίκειται</strong></span> <span class='ocrx_word' id='word_1_295' title='bbox 587 4483 653 4558; x_wconf 83' lang='grc' dir='ltr'><strong>τῇ</strong></span> <span class='ocrx_word' id='word_1_296' title='bbox 678 4477 863 4558; x_wconf 77' lang='grc' dir='ltr'><strong>πρώτῃ</strong></span> <span class='ocrx_word' id='word_1_297' title='bbox 889 4477 1131 4558; x_wconf 71' lang='grc' dir='ltr'><strong>συλλαὸῇ</strong></span> <span class='ocrx_word' id='word_1_298' title='bbox 1150 4476 1288 4536; x_wconf 75' lang='grc' dir='ltr'><strong>κατὰ</strong></span> <span class='ocrx_word' id='word_1_299' title='bbox 1306 4477 1366 4536; x_wconf 81' lang='grc' dir='ltr'><strong>τὸ</strong></span> <span class='ocrx_word' id='word_1_300' title='bbox 1387 4477 1591 4558; x_wconf 79' lang='grc' dir='ltr'><strong>λόχμη,</strong></span> <span class='ocrx_word' id='word_1_301' title='bbox 1614 4493 1721 4540; x_wconf 90' lang='lat' dir='ltr'><strong>etc.</strong></span> 
     </span>
    </p>
   </div>
   <div class='ocr_carea' id='block_1_14' title="bbox 152 4567 1726 4734">
    <p class='ocr_par' dir='ltr' id='par_1_15' title="bbox 152 4567 1726 4734">
     <span class='ocr_line' id='line_1_45' title="bbox 152 4567 1726 4645; baseline -0.001 -18"><span class='ocrx_word' id='word_1_302' title='bbox 152 4575 323 4645; x_wconf 80' lang='lat' dir='ltr'><strong>Quem</strong></span> <span class='ocrx_word' id='word_1_303' title='bbox 370 4570 593 4631; x_wconf 83' lang='lat' dir='ltr'><strong>Cratini</strong></span> <span class='ocrx_word' id='word_1_304' title='bbox 634 4588 861 4625; x_wconf 80' lang='lat' dir='ltr'><strong>versum</strong></span> <span class='ocrx_word' id='word_1_305' title='bbox 912 4587 1028 4624; x_wconf 88' lang='lat' dir='ltr'><strong>esse</strong></span> <span class='ocrx_word' id='word_1_306' title='bbox 1068 4567 1445 4643; x_wconf 82' lang='lat' dir='ltr'><strong>probabiliter</strong></span> <span class='ocrx_word' id='word_1_307' title='bbox 1482 4569 1726 4640; x_wconf 85' lang='lat' dir='ltr'><strong>conjecit</strong></span> 
     </span>
     <span class='ocr_line' id='line_1_46' title="bbox 154 4657 1001 4734; baseline -0.004 -20"><span class='ocrx_word' id='word_1_308' title='bbox 154 4661 341 4734; x_wconf 81' lang='lat' dir='ltr'><strong>Bergk.</strong></span> <span class='ocrx_word' id='word_1_309' title='bbox 381 4660 733 4718; x_wconf 87' lang='lat' dir='ltr'><strong>Commentt.</strong></span> <span class='ocrx_word' id='word_1_310' title='bbox 764 4676 823 4731; x_wconf 86' lang='lat' dir='ltr'><strong>p.</strong></span> <span class='ocrx_word' id='word_1_311' title='bbox 864 4657 1001 4723; x_wconf 86' lang='grc'><strong>264.</strong></span> 
     </span>
    </p>
   </div>
   <div class='ocr_carea' id='block_1_15' title="bbox 898 4865 989 4914">
    <p class='ocr_par' dir='ltr' id='par_1_16' title="bbox 898 4865 989 4914">
     <span class='ocr_line' id='line_1_47' title="bbox 898 4865 989 4914; baseline 0 -1"><span class='ocrx_word' id='word_1_312' title='bbox 898 4865 989 4914; x_wconf 88' lang='grc'><strong>87.</strong></span> 
     </span>
    </p>
   </div>
   <div class='ocr_carea' id='block_1_16' title="bbox 162 4949 1072 5092">
    <p class='ocr_par' dir='ltr' id='par_1_17' title="bbox 162 4949 1072 5092">
     <span class='ocr_line' id='line_1_48' title="bbox 162 4949 1072 5008; baseline 0.001 -6"><span class='ocrx_word' id='word_1_313' title='bbox 162 4949 465 5008; x_wconf 66' lang='lat' dir='ltr'><strong>&#39;radiculas</strong></span> <span class='ocrx_word' id='word_1_314' title='bbox 486 4949 781 5008; x_wconf 78' lang='lat' dir='ltr'><strong>verborum</strong></span> <span class='ocrx_word' id='word_1_315' title='bbox 811 4955 1072 5005; x_wconf 78' lang='lat' dir='ltr'><strong>statuens.</strong></span> 
     </span>
     <span class='ocr_line' id='line_1_49' title="bbox 890 5042 977 5092; baseline -0.023 0"><span class='ocrx_word' id='word_1_316' title='bbox 890 5042 977 5092; x_wconf 86' lang='grc'><strong>88.</strong></span> 
     </span>
    </p>
   </div>
   <div class='ocr_carea' id='block_1_17' title="bbox 168 5121 1548 5274">
    <p class='ocr_par' dir='ltr' id='par_1_18' title="bbox 168 5121 1548 5274">
     <span class='ocr_line' id='line_1_50' title="bbox 168 5121 1548 5198; baseline 0.003 -23"><span class='ocrx_word' id='word_1_317' title='bbox 168 5121 233 5178; x_wconf 88' lang='lat' dir='ltr'><strong>llli</strong></span> <span class='ocrx_word' id='word_1_318' title='bbox 258 5141 375 5184; x_wconf 79' lang='lat' dir='ltr'><strong>vero</strong></span> <span class='ocrx_word' id='word_1_319' title='bbox 398 5127 737 5184; x_wconf 79' lang='lat' dir='ltr'><strong>abstiterunt</strong></span> <span class='ocrx_word' id='word_1_320' title='bbox 760 5125 886 5198; x_wconf 81' lang='lat' dir='ltr'><strong>plus</strong></span> <span class='ocrx_word' id='word_1_321' title='bbox 912 5139 1075 5198; x_wconf 80' lang='lat' dir='ltr'><strong>quam</strong></span> <span class='ocrx_word' id='word_1_322' title='bbox 1100 5123 1237 5181; x_wconf 86' lang='lat' dir='ltr'><strong>duas</strong></span> <span class='ocrx_word' id='word_1_323' title='bbox 1262 5123 1548 5182; x_wconf 81' lang='lat' dir='ltr'><strong>dochmas.</strong></span> 
     </span>
     <span class='ocr_line' id='line_1_51' title="bbox 350 5233 1174 5274; baseline -0.007 0"><span class='ocrx_word' id='word_1_324' title='bbox 350 5237 643 5274; x_wconf 60' lang='lat' dir='ltr'><strong>nac-mn</strong></span> <span class='ocrx_word' id='word_1_325' title='bbox 671 5233 931 5272; x_wconf 66' lang='lat' dir='ltr'><strong>cononum</strong></span> <span class='ocrx_word' id='word_1_326' title='bbox 957 5233 1174 5270; x_wconf 64' lang='lat' dir='ltr'><strong>veranus.</strong></span> 
     </span>
    </p>
   </div>
   <div class='ocr_carea' id='block_1_18' title="bbox 1129 1012 1730 1083">
    <p class='ocr_par' dir='ltr' id='par_1_19' title="bbox 1129 1012 1730 1083">
     <span class='ocr_line' id='line_1_52' title="bbox 1129 1012 1730 1083; baseline 0.002 -11"><span class='ocrx_word' id='word_1_327' title='bbox 1129 1012 1325 1083; x_wconf 77' lang='grc' dir='ltr'><strong>Ῥόδην</strong></span> <span class='ocrx_word' id='word_1_328' title='bbox 1371 1026 1502 1071; x_wconf 84' lang='lat' dir='ltr'><strong>aute</strong></span> <span class='ocrx_word' id='word_1_329' title='bbox 1548 1018 1730 1073; x_wconf 88' lang='lat' dir='ltr'><strong>Crati-</strong></span> 
     </span>
    </p>
   </div>
   <div class='ocr_carea' id='block_1_19' title="bbox 1828 493 3398 858">
    <p class='ocr_par' dir='ltr' id='par_1_20' title="bbox 1828 493 3398 858">
     <span class='ocr_line' id='line_1_53' title="bbox 2565 493 2660 568; baseline 0.021 -21"><span class='ocrx_word' id='word_1_330' title='bbox 2565 493 2660 568; x_wconf 87' lang='lat'><strong>89.</strong></span> 
     </span>
     <span class='ocr_line' id='line_1_54' title="bbox 1912 598 3394 687; baseline 0.002 -25"><span class='ocrx_word' id='word_1_331' title='bbox 1912 606 2072 663; x_wconf 86' lang='lat' dir='ltr'><strong>Idem</strong></span> <span class='ocrx_word' id='word_1_332' title='bbox 2103 624 2166 680; x_wconf 75' lang='grc' dir='ltr'><strong>Ρ.</strong></span> <span class='ocrx_word' id='word_1_333' title='bbox 2205 606 2344 679; x_wconf 83' lang='grc'><strong>544,</strong></span> <span class='ocrx_word' id='word_1_334' title='bbox 2379 605 2436 675; x_wconf 90' lang='lat'><strong>6,</strong></span> <span class='ocrx_word' id='word_1_335' title='bbox 2459 604 2857 683; x_wconf 85' lang='grc' dir='ltr'><strong>Στρωματίτ</strong></span> <span class='ocrx_word' id='word_1_336' title='bbox 2874 629 2943 676; x_wconf 90' lang='grc' dir='ltr'><strong>ης</strong></span> <span class='ocrx_word' id='word_1_337' title='bbox 2975 626 2988 665; x_wconf 87' lang='lat'>:</span> <span class='ocrx_word' id='word_1_338' title='bbox 3019 608 3072 664; x_wconf 83' lang='grc' dir='ltr'><strong>ἐν</strong></span> <span class='ocrx_word' id='word_1_339' title='bbox 3101 598 3145 687; x_wconf 76' lang='grc' dir='ltr'><em>ᾧ</em></span> <span class='ocrx_word' id='word_1_340' title='bbox 3183 612 3394 680; x_wconf 76' lang='lat' dir='ltr'><strong>(intell.</strong></span> 
     </span>
     <span class='ocr_line' id='line_1_55' title="bbox 1828 689 3398 774; baseline 0.001 -24"><span class='ocrx_word' id='word_1_341' title='bbox 1828 689 1957 773; x_wconf 80' lang='grc' dir='ltr'><strong>οἴκῳ</strong></span> <span class='ocrx_word' id='word_1_342' title='bbox 1982 694 2079 749; x_wconf 76' lang='lat' dir='ltr'><strong>vel</strong></span> <span class='ocrx_word' id='word_1_343' title='bbox 2107 689 2336 769; x_wconf 80' lang='grc' dir='ltr'><strong>δείπνῳ)</strong></span> <span class='ocrx_word' id='word_1_344' title='bbox 2369 692 2570 757; x_wconf 78' lang='grc' dir='ltr'><strong>ἑαυτοῖς</strong></span> <span class='ocrx_word' id='word_1_345' title='bbox 2602 692 2888 771; x_wconf 80' lang='grc' dir='ltr'><strong>στρώματα</strong></span> <span class='ocrx_word' id='word_1_346' title='bbox 2931 695 3202 774; x_wconf 83' lang='grc' dir='ltr'><strong>παρεῖχον.</strong></span> <span class='ocrx_word' id='word_1_347' title='bbox 3237 694 3398 761; x_wconf 74' lang='grc' dir='ltr'><strong>οὕτως</strong></span> 
     </span>
     <span class='ocr_line' id='line_1_56' title="bbox 1828 776 3398 858; baseline 0.001 -20"><span class='ocrx_word' id='word_1_348' title='bbox 1828 780 1933 858; x_wconf 82' lang='grc' dir='ltr'><strong>Κρ.</strong></span> <span class='ocrx_word' id='word_1_349' title='bbox 1975 779 2170 837; x_wconf 88' lang='lat' dir='ltr'><strong>Codex</strong></span> <span class='ocrx_word' id='word_1_350' title='bbox 2217 776 2598 857; x_wconf 74' lang='grc' dir='ltr'><strong>στρωματήτης</strong></span> <span class='ocrx_word' id='word_1_351' title='bbox 2642 782 2742 838; x_wconf 79' lang='grc' dir='ltr'><strong>ἐνῶ</strong></span> <span class='ocrx_word' id='word_1_352' title='bbox 2785 783 3032 847; x_wconf 82' lang='grc' dir='ltr'><strong>ἐναυτοῑς.</strong></span> <span class='ocrx_word' id='word_1_353' title='bbox 3079 788 3398 841; x_wconf 79' lang='lat' dir='ltr'><strong>Porsonurn</strong></span> 
     </span>
    </p>
   </div>
   <div class='ocr_carea' id='block_1_20' title="bbox 1820 860 3392 1026">
    <p class='ocr_par' dir='ltr' id='par_1_21' title="bbox 1820 860 3392 1026">
     <span class='ocr_line' id='line_1_57' title="bbox 1824 860 3392 948; baseline 0.003 -23"><span class='ocrx_word' id='word_1_354' title='bbox 1824 870 2005 925; x_wconf 85' lang='lat' dir='ltr'><strong>secuti</strong></span> <span class='ocrx_word' id='word_1_355' title='bbox 2031 886 2252 938; x_wconf 86' lang='lat' dir='ltr'><strong>sumus,</strong></span> <span class='ocrx_word' id='word_1_356' title='bbox 2281 886 2386 923; x_wconf 92' lang='lat' dir='ltr'><strong>nec</strong></span> <span class='ocrx_word' id='word_1_357' title='bbox 2419 880 2604 924; x_wconf 87' lang='lat' dir='ltr'><strong>tamen</strong></span> <span class='ocrx_word' id='word_1_358' title='bbox 2630 868 2952 945; x_wconf 84' lang='lat' dir='ltr'><strong>displiceret</strong></span> <span class='ocrx_word' id='word_1_359' title='bbox 2976 870 3029 927; x_wconf 80' lang='grc' dir='ltr'><strong>ἐν</strong></span> <span class='ocrx_word' id='word_1_360' title='bbox 3052 860 3095 948; x_wconf 78' lang='grc' dir='ltr'>ᾧ</span> <span class='ocrx_word' id='word_1_361' title='bbox 3120 869 3180 928; x_wconf 78' lang='grc' dir='ltr'><strong>ἃν</strong></span> <span class='ocrx_word' id='word_1_362' title='bbox 3205 877 3392 941; x_wconf 74' lang='grc' dir='ltr'><strong>αὑτοῖς,</strong></span> 
     </span>
     <span class='ocr_line' id='line_1_58' title="bbox 1820 954 2354 1026; baseline -0.004 -15"><span class='ocrx_word' id='word_1_363' title='bbox 1820 957 1914 1013; x_wconf 75' lang='lat' dir='ltr'><strong>vel</strong></span> <span class='ocrx_word' id='word_1_364' title='bbox 1944 954 2176 1026; x_wconf 81' lang='grc' dir='ltr'><strong>ἑαυτοῖς,</strong></span> <span class='ocrx_word' id='word_1_365' title='bbox 2206 976 2259 1012; x_wconf 95' lang='grc' dir='ltr'><strong>σ.</strong></span> <span class='ocrx_word' id='word_1_366' title='bbox 2293 976 2354 1011; x_wconf 90' lang='grc' dir='ltr'><strong>π.</strong></span> 
     </span>
    </p>
   </div>
   <div class='ocr_carea' id='block_1_21' title="bbox 1820 1086 3394 1340">
    <p class='ocr_par' dir='ltr' id='par_1_22' title="bbox 1820 1086 3394 1340">
     <span class='ocr_line' id='line_1_59' title="bbox 2551 1086 2650 1141; baseline -0.02 -18"><span class='ocrx_word' id='word_1_367' title='bbox 2551 1086 2650 1141; x_wconf 86' lang='lat'><strong>90-</strong></span> 
     </span>
     <span class='ocr_line' id='line_1_60' title="bbox 1899 1176 3394 1258; baseline 0.001 -24"><span class='ocrx_word' id='word_1_368' title='bbox 1899 1178 2061 1235; x_wconf 88' lang='lat' dir='ltr'><strong>Idem</strong></span> <span class='ocrx_word' id='word_1_369' title='bbox 2088 1197 2149 1254; x_wconf 88' lang='lat' dir='ltr'><strong>p.</strong></span> <span class='ocrx_word' id='word_1_370' title='bbox 2193 1178 2330 1249; x_wconf 86' lang='grc'><strong>560,</strong></span> <span class='ocrx_word' id='word_1_371' title='bbox 2372 1178 2472 1248; x_wconf 85' lang='grc'><strong>23,</strong></span> <span class='ocrx_word' id='word_1_372' title='bbox 2507 1176 2736 1257; x_wconf 82' lang='grc' dir='ltr'><strong>Σφίγκ</strong></span> <span class='ocrx_word' id='word_1_373' title='bbox 2753 1202 2872 1245; x_wconf 86' lang='grc' dir='ltr'><strong>τας</strong></span> <span class='ocrx_word' id='word_1_374' title='bbox 2902 1199 2915 1235; x_wconf 92' lang='lat'>:</span> <span class='ocrx_word' id='word_1_375' title='bbox 2953 1180 3054 1258; x_wconf 78' lang='lat' dir='ltr'><strong>Kp.</strong></span> <span class='ocrx_word' id='word_1_376' title='bbox 3089 1179 3204 1245; x_wconf 80' lang='grc' dir='ltr'><strong>τοὺς</strong></span> <span class='ocrx_word' id='word_1_377' title='bbox 3227 1202 3394 1239; x_wconf 84' lang='grc' dir='ltr'><strong>κιναι-</strong></span> 
     </span>
     <span class='ocr_line' id='line_1_61' title="bbox 1820 1260 2462 1340; baseline 0 -19"><span class='ocrx_word' id='word_1_378' title='bbox 1820 1260 1998 1332; x_wconf 77' lang='grc' dir='ltr'><strong>δῶδεις</strong></span> <span class='ocrx_word' id='word_1_379' title='bbox 2020 1262 2113 1322; x_wconf 79' lang='grc' dir='ltr'><strong>καὶ</strong></span> <span class='ocrx_word' id='word_1_380' title='bbox 2142 1263 2462 1340; x_wconf 82' lang='grc' dir='ltr'><strong>μαλθακούς.</strong></span> 
     </span>
    </p>
   </div>
   <div class='ocr_carea' id='block_1_22' title="bbox 1817 1398 3392 1743">
    <p class='ocr_par' dir='ltr' id='par_1_23' title="bbox 2603 1400 2654 1438">
     <span class='ocr_line' id='line_1_62' title="bbox 2603 1400 2654 1438; baseline 0.059 -3"><span class='ocrx_word' id='word_1_381' title='bbox 2603 1400 2654 1438; x_wconf 89' lang='lat'><strong>1.</strong></span> 
     </span>
    </p>

    <p class='ocr_par' dir='ltr' id='par_1_24' title="bbox 1817 1398 3392 1743">
     <span class='ocr_line' id='line_1_63' title="bbox 1896 1398 3392 1568; baseline 0.002 -22"><span class='ocrx_word' id='word_1_382' title='bbox 1896 1491 2056 1547; x_wconf 89' lang='lat' dir='ltr'><strong>Idem</strong></span> <span class='ocrx_word' id='word_1_383' title='bbox 2099 1510 2163 1567; x_wconf 87' lang='lat' dir='ltr'><strong>p.</strong></span> <span class='ocrx_word' id='word_1_384' title='bbox 2215 1490 2352 1561; x_wconf 86' lang='grc'><strong>562,</strong></span> <span class='ocrx_word' id='word_1_385' title='bbox 2414 1490 2517 1566; x_wconf 73' lang='grc'><strong>15,</strong></span> <span class='ocrx_word' id='word_1_386' title='bbox 2553 1398 2862 1568; x_wconf 75' lang='grc' dir='ltr'><strong>9Σχιζίας</strong></span> <span class='ocrx_word' id='word_1_387' title='bbox 2914 1508 2930 1550; x_wconf 88' lang='lat'>:</span> <span class='ocrx_word' id='word_1_388' title='bbox 2977 1494 3006 1547; x_wconf 85' lang='grc' dir='ltr'>ὁ</span> <span class='ocrx_word' id='word_1_389' title='bbox 3049 1489 3258 1556; x_wconf 81' lang='grc' dir='ltr'><strong>τετανὸς</strong></span> <span class='ocrx_word' id='word_1_390' title='bbox 3299 1490 3392 1549; x_wconf 72' lang='grc' dir='ltr'><strong>καὶ</strong></span> 
     </span>
     <span class='ocr_line' id='line_1_64' title="bbox 1817 1574 3390 1657; baseline 0.002 -24"><span class='ocrx_word' id='word_1_391' title='bbox 1817 1576 2013 1655; x_wconf 76' lang='grc' dir='ltr'><strong>ἰσχνός.</strong></span> <span class='ocrx_word' id='word_1_392' title='bbox 2041 1574 2178 1635; x_wconf 71' lang='grc' dir='ltr'><strong>οὕτω</strong></span> <span class='ocrx_word' id='word_1_393' title='bbox 2215 1580 2316 1657; x_wconf 85' lang='grc' dir='ltr'><strong>Κρ.</strong></span> <span class='ocrx_word' id='word_1_394' title='bbox 2359 1602 2385 1630; x_wconf 78' lang='grc' dir='ltr'>ι</span> <span class='ocrx_word' id='word_1_395' title='bbox 2406 1580 2596 1635; x_wconf 81' lang='lat' dir='ltr'><strong>Talem</strong></span> <span class='ocrx_word' id='word_1_396' title='bbox 2634 1580 2940 1635; x_wconf 85' lang='lat' dir='ltr'><strong>Herculem</strong></span> <span class='ocrx_word' id='word_1_397' title='bbox 2978 1575 3248 1635; x_wconf 83' lang='lat' dir='ltr'><strong>describit</strong></span> <span class='ocrx_word' id='word_1_398' title='bbox 3289 1581 3390 1636; x_wconf 89' lang='lat' dir='ltr'><strong>Di·</strong></span> 
     </span>
     <span class='ocr_line' id='line_1_65' title="bbox 1817 1664 3390 1743; baseline 0.001 -22"><span class='ocrx_word' id='word_1_399' title='bbox 1817 1666 2101 1722; x_wconf 77' lang='lat' dir='ltr'><strong>caearchus</strong></span> <span class='ocrx_word' id='word_1_400' title='bbox 2143 1666 2321 1725; x_wconf 88' lang='lat' dir='ltr'><strong>Clem.</strong></span> <span class='ocrx_word' id='word_1_401' title='bbox 2366 1667 2526 1725; x_wconf 79' lang='lat' dir='ltr'><strong>Alex.</strong></span> <span class='ocrx_word' id='word_1_402' title='bbox 2566 1666 2718 1725; x_wconf 85' lang='lat' dir='ltr'><strong>Paed.</strong></span> <span class='ocrx_word' id='word_1_403' title='bbox 2763 1684 2819 1738; x_wconf 86' lang='grc'><strong>2,</strong></span> <span class='ocrx_word' id='word_1_404' title='bbox 2861 1684 2926 1740; x_wconf 88' lang='lat' dir='ltr'><strong>p.</strong></span> <span class='ocrx_word' id='word_1_405' title='bbox 2975 1672 3082 1733; x_wconf 72' lang='grc'><strong>104</strong></span> <span class='ocrx_word' id='word_1_406' title='bbox 3116 1684 3131 1725; x_wconf 90' lang='lat'><strong>:</strong></span> <span class='ocrx_word' id='word_1_407' title='bbox 3165 1664 3390 1743; x_wconf 81' lang='grc' dir='ltr'><strong>σχιζίαν,</strong></span> 
     </span>
    </p>
   </div>
   <div class='ocr_carea' id='block_1_23' title="bbox 1812 1750 3390 2233">
    <p class='ocr_par' dir='ltr' id='par_1_25' title="bbox 1812 1750 3390 2233">
     <span class='ocr_line' id='line_1_66' title="bbox 1813 1750 3390 1833; baseline 0.001 -24"><span class='ocrx_word' id='word_1_408' title='bbox 1813 1751 2046 1832; x_wconf 80' lang='grc' dir='ltr'><strong>νευρώδη</strong></span> <span class='ocrx_word' id='word_1_409' title='bbox 2067 1796 2084 1829; x_wconf 93' lang='grc'><strong>,</strong></span> <span class='ocrx_word' id='word_1_410' title='bbox 2138 1753 2343 1829; x_wconf 81' lang='grc' dir='ltr'><strong>μέλανα</strong></span> <span class='ocrx_word' id='word_1_411' title='bbox 2363 1797 2380 1826; x_wconf 94' lang='grc'><strong>,</strong></span> <span class='ocrx_word' id='word_1_412' title='bbox 2444 1750 2644 1832; x_wconf 78' lang='grc' dir='ltr'><strong>γρυπὸν</strong></span> <span class='ocrx_word' id='word_1_413' title='bbox 2661 1797 2680 1828; x_wconf 86' lang='grc'><strong>,</strong></span> <span class='ocrx_word' id='word_1_414' title='bbox 2743 1750 3108 1833; x_wconf 79' lang='grc' dir='ltr'><strong>ὖποχαροπὸν,</strong></span> <span class='ocrx_word' id='word_1_415' title='bbox 3177 1752 3390 1811; x_wconf 84' lang='grc' dir='ltr'><strong>τετανό-</strong></span> 
     </span>
     <span class='ocr_line' id='line_1_67' title="bbox 1812 1844 2171 1919; baseline 0.008 -22"><span class='ocrx_word' id='word_1_416' title='bbox 1812 1862 1992 1919; x_wconf 84' lang='grc' dir='ltr'><strong>τριχα.</strong></span> <span class='ocrx_word' id='word_1_417' title='bbox 2027 1866 2052 1893; x_wconf 76' lang='lat'><strong>¹·</strong></span> <span class='ocrx_word' id='word_1_418' title='bbox 2079 1844 2171 1900; x_wconf 87' lang='lat' dir='ltr'><strong>M.</strong></span> 
     </span>
     <span class='ocr_line' id='line_1_68' title="bbox 2555 1973 2653 2029; baseline 0.02 -19"><span class='ocrx_word' id='word_1_419' title='bbox 2555 1973 2653 2029; x_wconf 78' lang='lat'><strong>9²·</strong></span> 
     </span>
     <span class='ocr_line' id='line_1_69' title="bbox 1892 2063 3389 2144; baseline -0.002 -18"><span class='ocrx_word' id='word_1_420' title='bbox 1892 2070 2052 2127; x_wconf 85' lang='lat' dir='ltr'><strong>Idem</strong></span> <span class='ocrx_word' id='word_1_421' title='bbox 2074 2089 2135 2144; x_wconf 87' lang='lat' dir='ltr'><strong>p.</strong></span> <span class='ocrx_word' id='word_1_422' title='bbox 2169 2069 2306 2139; x_wconf 80' lang='lat'><strong>632,</strong></span> <span class='ocrx_word' id='word_1_423' title='bbox 2342 2076 2373 2134; x_wconf 87' lang='grc'><strong>4</strong></span> <span class='ocrx_word' id='word_1_424' title='bbox 2420 2088 2433 2126; x_wconf 87' lang='lat'><strong>:</strong></span> <span class='ocrx_word' id='word_1_425' title='bbox 2467 2063 2772 2127; x_wconf 62' lang='grc' dir='ltr'><strong>’Υπουλα</strong></span> <span class='ocrx_word' id='word_1_426' title='bbox 2808 2066 3092 2143; x_wconf 84' lang='grc' dir='ltr'><strong>γόνατα,</strong></span> <span class='ocrx_word' id='word_1_427' title='bbox 3116 2064 3206 2124; x_wconf 78' lang='grc' dir='ltr'><strong>καὶ</strong></span> <span class='ocrx_word' id='word_1_428' title='bbox 3227 2064 3389 2124; x_wconf 74' lang='grc' dir='ltr'><strong>ὅπου·</strong></span> 
     </span>
     <span class='ocr_line' id='line_1_70' title="bbox 1812 2152 3388 2233; baseline -0.002 -20"><span class='ocrx_word' id='word_1_429' title='bbox 1812 2156 1902 2214; x_wconf 88' lang='grc' dir='ltr'><strong>λον</strong></span> <span class='ocrx_word' id='word_1_430' title='bbox 1930 2154 2095 2227; x_wconf 84' lang='grc' dir='ltr'><strong>πόδα,</strong></span> <span class='ocrx_word' id='word_1_431' title='bbox 2141 2152 2232 2213; x_wconf 77' lang='grc' dir='ltr'><strong>καὶ</strong></span> <span class='ocrx_word' id='word_1_432' title='bbox 2265 2152 2489 2213; x_wconf 76' lang='grc' dir='ltr'><strong>ὕπουλον</strong></span> <span class='ocrx_word' id='word_1_433' title='bbox 2523 2152 2711 2233; x_wconf 81' lang='grc' dir='ltr'><strong>χεῖρα,</strong></span> <span class='ocrx_word' id='word_1_434' title='bbox 2748 2153 2840 2212; x_wconf 79' lang='grc' dir='ltr'><strong>καὶ</strong></span> <span class='ocrx_word' id='word_1_435' title='bbox 2869 2156 3026 2230; x_wconf 78' lang='grc' dir='ltr'><strong>σῶμα</strong></span> <span class='ocrx_word' id='word_1_436' title='bbox 3049 2154 3109 2211; x_wconf 84' lang='grc' dir='ltr'><strong>τὸ</strong></span> <span class='ocrx_word' id='word_1_437' title='bbox 3129 2154 3388 2231; x_wconf 83' lang='grc' dir='ltr'><strong>φλεγμαῖ-</strong></span> 
     </span>
    </p>
   </div>
   <div class='ocr_carea' id='block_1_24' title="bbox 1790 2236 3382 2330">
    <p class='ocr_par' dir='ltr' id='par_1_26' title="bbox 1790 2236 3382 2330">
     <span class='ocr_line' id='line_1_71' title="bbox 1790 2236 3382 2330; baseline -0.001 -31"><span class='ocrx_word' id='word_1_438' title='bbox 1790 2264 1899 2319; x_wconf 33' lang='grc' dir='ltr'><strong>ονον</strong></span> <span class='ocrx_word' id='word_1_439' title='bbox 1940 2240 2024 2301; x_wconf 79' lang='grc' dir='ltr'><strong>διαί</strong></span> <span class='ocrx_word' id='word_1_440' title='bbox 2069 2264 2214 2307; x_wconf 85' lang='grc' dir='ltr'><strong>τινας</strong></span> <span class='ocrx_word' id='word_1_441' title='bbox 2241 2239 2449 2317; x_wconf 75' lang='grc' dir='ltr'><strong>πληγὰς</strong></span> <span class='ocrx_word' id='word_1_442' title='bbox 2480 2240 2572 2298; x_wconf 79' lang='grc' dir='ltr'><strong>καὶ</strong></span> <span class='ocrx_word' id='word_1_443' title='bbox 2609 2238 2762 2317; x_wconf 76' lang='grc' dir='ltr'><strong>ἐγγὺς</strong></span> <span class='ocrx_word' id='word_1_444' title='bbox 2806 2244 2898 2298; x_wconf 79' lang='grc' dir='ltr'><strong>τοῦ</strong></span> <span class='ocrx_word' id='word_1_445' title='bbox 2940 2236 3259 2330; x_wconf 56' lang='grc' dir='ltr'><strong>ἀφίστασθαι</strong></span> <span class='ocrx_word' id='word_1_446' title='bbox 3300 2236 3382 2302; x_wconf 79' lang='grc' dir='ltr'><strong>ὄν.</strong></span> 
     </span>
    </p>
   </div>
   <div class='ocr_carea' id='block_1_25' title="bbox 1818 2331 2416 2409">
    <p class='ocr_par' dir='ltr' id='par_1_27' title="bbox 1818 2331 2416 2409">
     <span class='ocr_line' id='line_1_72' title="bbox 1818 2331 2416 2409; baseline -0.008 -20"><span class='ocrx_word' id='word_1_447' title='bbox 1818 2332 1924 2409; x_wconf 85' lang='grc' dir='ltr'><strong>Κρ.</strong></span> <span class='ocrx_word' id='word_1_448' title='bbox 1956 2332 2168 2387; x_wconf 83' lang='lat' dir='ltr'><strong>Eadem</strong></span> <span class='ocrx_word' id='word_1_449' title='bbox 2197 2331 2416 2387; x_wconf 80' lang='lat' dir='ltr'><strong>Suidas.</strong></span> 
     </span>
    </p>
   </div>
   <div class='ocr_carea' id='block_1_26' title="bbox 1812 2546 3395 4733">
    <p class='ocr_par' dir='ltr' id='par_1_28' title="bbox 1812 2546 3395 4733">
     <span class='ocr_line' id='line_1_73' title="bbox 1894 2546 3390 2633; baseline -0.004 -22"><span class='ocrx_word' id='word_1_450' title='bbox 1894 2557 2053 2612; x_wconf 89' lang='lat' dir='ltr'><strong>Idem</strong></span> <span class='ocrx_word' id='word_1_451' title='bbox 2072 2575 2133 2630; x_wconf 89' lang='lat' dir='ltr'><strong>p.</strong></span> <span class='ocrx_word' id='word_1_452' title='bbox 2165 2554 2303 2623; x_wconf 87' lang='lat'><strong>656,</strong></span> <span class='ocrx_word' id='word_1_453' title='bbox 2331 2573 2368 2628; x_wconf 87' lang='grc'><strong>9</strong></span> <span class='ocrx_word' id='word_1_454' title='bbox 2385 2596 2400 2624; x_wconf 87' lang='grc'><strong>,</strong></span> <span class='ocrx_word' id='word_1_455' title='bbox 2421 2552 2446 2577; x_wconf 80' lang='lat'><em>*</em></span> <span class='ocrx_word' id='word_1_456' title='bbox 2467 2552 2537 2612; x_wconf 86' lang='grc' dir='ltr'>Ψ</span> <span class='ocrx_word' id='word_1_457' title='bbox 2554 2552 2674 2633; x_wconf 82' lang='grc' dir='ltr'><strong>ὖφα</strong></span> <span class='ocrx_word' id='word_1_458' title='bbox 2691 2572 2765 2630; x_wconf 88' lang='grc' dir='ltr'><strong>ρα</strong></span> <span class='ocrx_word' id='word_1_459' title='bbox 2789 2550 2896 2627; x_wconf 89' lang='lat' dir='ltr'><strong>(sic</strong></span> <span class='ocrx_word' id='word_1_460' title='bbox 2913 2547 2930 2629; x_wconf 91' lang='lat'>)</span> <span class='ocrx_word' id='word_1_461' title='bbox 2950 2548 3056 2607; x_wconf 82' lang='grc' dir='ltr'><strong>τὸν</strong></span> <span class='ocrx_word' id='word_1_462' title='bbox 3077 2546 3390 2608; x_wconf 85' lang='grc' dir='ltr'><strong>Διόνυσον</strong></span> 
     </span>
     <span class='ocr_line' id='line_1_74' title="bbox 1814 2634 3388 2719; baseline -0.004 -20"><span class='ocrx_word' id='word_1_463' title='bbox 1814 2640 2096 2718; x_wconf 80' lang='grc' dir='ltr'><strong>ἄγοντες</strong></span> <span class='ocrx_word' id='word_1_464' title='bbox 2131 2662 2143 2697; x_wconf 92' lang='lat'><strong>:</strong></span> <span class='ocrx_word' id='word_1_465' title='bbox 2171 2644 2206 2711; x_wconf 81' lang='grc' dir='ltr'>ἡ</span> <span class='ocrx_word' id='word_1_466' title='bbox 2245 2638 2502 2719; x_wconf 85' lang='grc' dir='ltr'><strong>παροιμία</strong></span> <span class='ocrx_word' id='word_1_467' title='bbox 2532 2637 2678 2716; x_wconf 79' lang='grc' dir='ltr'><strong>παρὰ</strong></span> <span class='ocrx_word' id='word_1_468' title='bbox 2721 2636 2986 2717; x_wconf 83' lang='grc' dir='ltr'><strong>Κρατίνῳ.</strong></span> <span class='ocrx_word' id='word_1_469' title='bbox 3027 2635 3094 2695; x_wconf 75' lang='grc' dir='ltr'><strong>τὰ</strong></span> <span class='ocrx_word' id='word_1_470' title='bbox 3132 2634 3186 2695; x_wconf 75' lang='grc' dir='ltr'><strong>δὲ</strong></span> <span class='ocrx_word' id='word_1_471' title='bbox 3217 2636 3388 2714; x_wconf 79' lang='grc' dir='ltr'><strong>Ψῦρα</strong></span> 
     </span>
     <span class='ocr_line' id='line_1_75' title="bbox 1812 2722 3390 2808; baseline -0.004 -21"><span class='ocrx_word' id='word_1_472' title='bbox 1812 2726 2042 2801; x_wconf 89' lang='grc' dir='ltr'><strong>νησίδιον</strong></span> <span class='ocrx_word' id='word_1_473' title='bbox 2076 2729 2299 2808; x_wconf 80' lang='grc' dir='ltr'><strong>ἔρημον,</strong></span> <span class='ocrx_word' id='word_1_474' title='bbox 2326 2728 2548 2800; x_wconf 85' lang='grc' dir='ltr'><strong>πλησίον</strong></span> <span class='ocrx_word' id='word_1_475' title='bbox 2598 2726 2764 2788; x_wconf 83' lang='grc' dir='ltr'><strong>Χίου·</strong></span> <span class='ocrx_word' id='word_1_476' title='bbox 2809 2724 3052 2784; x_wconf 77' lang='grc' dir='ltr'><strong>λέλεκται</strong></span> <span class='ocrx_word' id='word_1_477' title='bbox 3085 2722 3140 2783; x_wconf 75' lang='grc' dir='ltr'><strong>δὲ</strong></span> <span class='ocrx_word' id='word_1_478' title='bbox 3169 2725 3254 2783; x_wconf 75' lang='grc' dir='ltr'><strong>ἐπὶ</strong></span> <span class='ocrx_word' id='word_1_479' title='bbox 3283 2727 3390 2782; x_wconf 81' lang='grc' dir='ltr'><strong>τῶν</strong></span> 
     </span>
     <span class='ocr_line' id='line_1_76' title="bbox 1814 2811 3387 2893; baseline -0.004 -16"><span class='ocrx_word' id='word_1_480' title='bbox 1814 2816 2076 2877; x_wconf 80' lang='grc' dir='ltr'><strong>εὖτέλειαν</strong></span> <span class='ocrx_word' id='word_1_481' title='bbox 2101 2818 2485 2893; x_wconf 83' lang='grc' dir='ltr'><strong>σημαινόντων.</strong></span> <span class='ocrx_word' id='word_1_482' title='bbox 2509 2816 2841 2893; x_wconf 76' lang='lat' dir='ltr'><strong>Legendum</strong></span> <span class='ocrx_word' id='word_1_483' title='bbox 2855 2826 3000 2891; x_wconf 80' lang='lat' dir='ltr'><strong>puto</strong></span> <span class='ocrx_word' id='word_1_484' title='bbox 3016 2811 3235 2890; x_wconf 77' lang='grc' dir='ltr'><strong>ἄγοντα.</strong></span> <span class='ocrx_word' id='word_1_485' title='bbox 3261 2816 3387 2870; x_wconf 87' lang='lat' dir='ltr'><strong>Ste-</strong></span> 
     </span>
     <span class='ocr_line' id='line_1_77' title="bbox 1812 2898 3393 2985; baseline -0.005 -20"><span class='ocrx_word' id='word_1_486' title='bbox 1812 2910 2034 2985; x_wconf 85' lang='lat' dir='ltr'><strong>phanus</strong></span> <span class='ocrx_word' id='word_1_487' title='bbox 2049 2910 2183 2983; x_wconf 78' lang='lat' dir='ltr'><strong>Byz.</strong></span> <span class='ocrx_word' id='word_1_488' title='bbox 2215 2927 2273 2984; x_wconf 89' lang='lat' dir='ltr'><strong>p.</strong></span> <span class='ocrx_word' id='word_1_489' title='bbox 2299 2905 2412 2980; x_wconf 82' lang='lat'><strong>765</strong></span> <span class='ocrx_word' id='word_1_490' title='bbox 2435 2925 2450 2966; x_wconf 75' lang='lat' dir='ltr'><strong>e</strong></span> <span class='ocrx_word' id='word_1_491' title='bbox 2471 2902 2802 2982; x_wconf 78' lang='grc' dir='ltr'><strong>λαμὸοίνεται</strong></span> <span class='ocrx_word' id='word_1_492' title='bbox 2830 2898 2886 2961; x_wconf 82' lang='grc' dir='ltr'><strong>δὲ</strong></span> <span class='ocrx_word' id='word_1_493' title='bbox 2903 2899 2964 2961; x_wconf 73' lang='grc' dir='ltr'><strong>τὸ</strong></span> <span class='ocrx_word' id='word_1_494' title='bbox 2980 2898 3146 2978; x_wconf 78' lang='grc' dir='ltr'><strong>ὄνομα</strong></span> <span class='ocrx_word' id='word_1_495' title='bbox 3168 2899 3393 2982; x_wconf 77' lang='grc' dir='ltr'><strong>(Ψύρα,</strong></span> 
     </span>
     <span class='ocr_line' id='line_1_78' title="bbox 1812 2980 3386 3076; baseline -0.004 -22"><span class='ocrx_word' id='word_1_496' title='bbox 1812 3001 1930 3054; x_wconf 77' lang='lat' dir='ltr'><strong>sive</strong></span> <span class='ocrx_word' id='word_1_497' title='bbox 1953 2991 2171 3076; x_wconf 85' lang='grc' dir='ltr'><strong>Ψυρία)</strong></span> <span class='ocrx_word' id='word_1_498' title='bbox 2212 2995 2302 3054; x_wconf 70' lang='grc' dir='ltr'><strong>ἐπὶ</strong></span> <span class='ocrx_word' id='word_1_499' title='bbox 2343 2991 2602 3071; x_wconf 69' lang='grc' dir='ltr'><strong>εὖτελεία,</strong></span> <span class='ocrx_word' id='word_1_500' title='bbox 2638 2991 2724 3050; x_wconf 78' lang='grc' dir='ltr'><strong>διὰ</strong></span> <span class='ocrx_word' id='word_1_501' title='bbox 2760 2991 2822 3051; x_wconf 79' lang='grc' dir='ltr'><strong>τὸ</strong></span> <span class='ocrx_word' id='word_1_502' title='bbox 2854 2989 3228 3063; x_wconf 71' lang='grc' dir='ltr'><strong>εὐτελεστάτην</strong></span> <span class='ocrx_word' id='word_1_503' title='bbox 3255 2980 3386 3048; x_wconf 70' lang='grc' dir='ltr'><strong>εἶναι</strong></span> 
     </span>
     <span class='ocr_line' id='line_1_79' title="bbox 1812 3076 3388 3161; baseline -0.001 -23"><span class='ocrx_word' id='word_1_504' title='bbox 1812 3106 1842 3138; x_wconf 80' lang='grc' dir='ltr'><strong>τ</strong></span> <span class='ocrx_word' id='word_1_505' title='bbox 1868 3085 2104 3154; x_wconf 72' lang='grc' dir='ltr'><strong>,ννῆσον.</strong></span> <span class='ocrx_word' id='word_1_506' title='bbox 2123 3081 2228 3160; x_wconf 88' lang='grc' dir='ltr'><strong>Κρ.</strong></span> <span class='ocrx_word' id='word_1_507' title='bbox 2247 3083 2448 3161; x_wconf 68' lang='grc' dir='ltr'><strong>Ψυρᾷ</strong></span> <span class='ocrx_word' id='word_1_508' title='bbox 2469 3079 2586 3161; x_wconf 82' lang='lat' dir='ltr'><strong>(sic)</strong></span> <span class='ocrx_word' id='word_1_509' title='bbox 2608 3080 2714 3139; x_wconf 81' lang='grc' dir='ltr'><strong>τὸν</strong></span> <span class='ocrx_word' id='word_1_510' title='bbox 2737 3078 3069 3139; x_wconf 87' lang='grc' dir='ltr'><strong>Διόνυσον</strong></span> <span class='ocrx_word' id='word_1_511' title='bbox 3093 3076 3388 3155; x_wconf 77' lang='grc' dir='ltr'><strong>ἄγοντες.</strong></span> 
     </span>
     <span class='ocr_line' id='line_1_80' title="bbox 1815 3164 3384 3249; baseline -0.004 -21"><span class='ocrx_word' id='word_1_512' title='bbox 1815 3169 1905 3228; x_wconf 83' lang='grc' dir='ltr'><strong>καὶ</strong></span> <span class='ocrx_word' id='word_1_513' title='bbox 1952 3171 2005 3228; x_wconf 79' lang='grc' dir='ltr'><strong>ἓν</strong></span> <span class='ocrx_word' id='word_1_514' title='bbox 2047 3167 2278 3246; x_wconf 69' lang='grc' dir='ltr'><strong>Νεμέσει</strong></span> <span class='ocrx_word' id='word_1_515' title='bbox 2321 3169 2527 3249; x_wconf 73' lang='grc' dir='ltr'><strong>Ψυρᾷ</strong></span> <span class='ocrx_word' id='word_1_516' title='bbox 2582 3169 2719 3246; x_wconf 83' lang='lat' dir='ltr'><strong>(sic)</strong></span> <span class='ocrx_word' id='word_1_517' title='bbox 2751 3191 2821 3226; x_wconf 91' lang='grc' dir='ltr'><strong>τε</strong></span> <span class='ocrx_word' id='word_1_518' title='bbox 2865 3165 2984 3236; x_wconf 79' lang='grc' dir='ltr'><strong>τὴν</strong></span> <span class='ocrx_word' id='word_1_519' title='bbox 3049 3164 3384 3246; x_wconf 78' lang='grc' dir='ltr'><strong>Σπάρτην</strong></span> 
     </span>
     <span class='ocr_line' id='line_1_81' title="bbox 1816 3253 3386 3334; baseline -0.003 -21"><span class='ocrx_word' id='word_1_520' title='bbox 1816 3255 1851 3313; x_wconf 81' lang='grc' dir='ltr'>ἄ</span> <span class='ocrx_word' id='word_1_521' title='bbox 1866 3278 2014 3334; x_wconf 86' lang='grc' dir='ltr'><strong>γεις.</strong></span> <span class='ocrx_word' id='word_1_522' title='bbox 2030 3258 2315 3312; x_wconf 83' lang='lat' dir='ltr'><strong>Ponamus</strong></span> <span class='ocrx_word' id='word_1_523' title='bbox 2338 3253 2526 3334; x_wconf 71' lang='grc' dir='ltr'><strong>Ψυρία</strong></span> <span class='ocrx_word' id='word_1_524' title='bbox 2545 3267 2793 3330; x_wconf 85' lang='lat' dir='ltr'><strong>utroque</strong></span> <span class='ocrx_word' id='word_1_525' title='bbox 2808 3258 2959 3312; x_wconf 89' lang='lat' dir='ltr'><strong>loco.</strong></span> <span class='ocrx_word' id='word_1_526' title='bbox 2982 3281 3006 3306; x_wconf 74' lang='grc' dir='ltr'><strong>α</strong></span> <span class='ocrx_word' id='word_1_527' title='bbox 3028 3256 3230 3329; x_wconf 83' lang='lat' dir='ltr'><strong>ltaque</strong></span> <span class='ocrx_word' id='word_1_528' title='bbox 3252 3273 3386 3328; x_wconf 88' lang='lat' dir='ltr'><strong>pro·</strong></span> 
     </span>
     <span class='ocr_line' id='line_1_82' title="bbox 1814 3343 3392 3416; baseline -0.003 -15"><span class='ocrx_word' id='word_1_529' title='bbox 1814 3345 2077 3402; x_wconf 80' lang='lat' dir='ltr'><strong>verbialis</strong></span> <span class='ocrx_word' id='word_1_530' title='bbox 2121 3343 2349 3402; x_wconf 86' lang='lat' dir='ltr'><strong>dicendi</strong></span> <span class='ocrx_word' id='word_1_531' title='bbox 2377 3343 2562 3401; x_wconf 78' lang='lat' dir='ltr'><strong>sonna</strong></span> <span class='ocrx_word' id='word_1_532' title='bbox 2597 3343 2704 3400; x_wconf 73' lang='lat' dir='ltr'><strong>fluit</strong></span> <span class='ocrx_word' id='word_1_533' title='bbox 2743 3343 2816 3400; x_wconf 89' lang='lat' dir='ltr'><strong>de</strong></span> <span class='ocrx_word' id='word_1_534' title='bbox 2847 3363 2910 3400; x_wconf 86' lang='lat' dir='ltr'><strong>re</strong></span> <span class='ocrx_word' id='word_1_535' title='bbox 2934 3345 3034 3399; x_wconf 82' lang='lat' dir='ltr'><strong>vili</strong></span> <span class='ocrx_word' id='word_1_536' title='bbox 3069 3343 3392 3416; x_wconf 86' lang='lat' dir='ltr'><strong>nulliusque</strong></span> 
     </span>
     <span class='ocr_line' id='line_1_83' title="bbox 1812 3429 3388 3508; baseline -0.002 -20"><span class='ocrx_word' id='word_1_537' title='bbox 1812 3434 2004 3508; x_wconf 84' lang='lat' dir='ltr'><strong>pretii.</strong></span> <span class='ocrx_word' id='word_1_538' title='bbox 2033 3433 2427 3507; x_wconf 81' lang='lat' dir='ltr'><strong>Tbeognostus</strong></span> <span class='ocrx_word' id='word_1_539' title='bbox 2453 3431 2696 3497; x_wconf 59' lang='lat' dir='ltr'><strong>Bekker.</strong></span> <span class='ocrx_word' id='word_1_540' title='bbox 2725 3430 2942 3489; x_wconf 81' lang='lat' dir='ltr'><strong>Anecd.</strong></span> <span class='ocrx_word' id='word_1_541' title='bbox 2971 3449 3035 3504; x_wconf 87' lang='lat' dir='ltr'><strong>p.</strong></span> <span class='ocrx_word' id='word_1_542' title='bbox 3066 3429 3388 3497; x_wconf 79' lang='grc' dir='ltr'><strong>ι442,Ψυ-</strong></span> 
     </span>
     <span class='ocr_line' id='line_1_84' title="bbox 1817 3515 3389 3599; baseline -0.003 -24"><span class='ocrx_word' id='word_1_543' title='bbox 1817 3517 1891 3599; x_wconf 68' lang='lat' dir='ltr'><strong>pl&lt;</strong></span> <span class='ocrx_word' id='word_1_544' title='bbox 1919 3521 1987 3596; x_wconf 79' lang='grc' dir='ltr'><strong>γῆ</strong></span> <span class='ocrx_word' id='word_1_545' title='bbox 2018 3539 2030 3574; x_wconf 87' lang='lat'>:</span> <span class='ocrx_word' id='word_1_546' title='bbox 2062 3515 2240 3596; x_wconf 79' lang='grc' dir='ltr'><strong>λυπρὰ</strong></span> <span class='ocrx_word' id='word_1_547' title='bbox 2269 3515 2477 3595; x_wconf 77' lang='grc' dir='ltr'><strong>χέρσος.</strong></span> <span class='ocrx_word' id='word_1_548' title='bbox 2501 3519 2756 3575; x_wconf 86' lang='lat' dir='ltr'><strong>Eustath.</strong></span> <span class='ocrx_word' id='word_1_549' title='bbox 2789 3517 2860 3573; x_wconf 77' lang='lat' dir='ltr'><strong>ad</strong></span> <span class='ocrx_word' id='word_1_550' title='bbox 2887 3519 3060 3572; x_wconf 83' lang='lat' dir='ltr'><strong>Hom.</strong></span> <span class='ocrx_word' id='word_1_551' title='bbox 3095 3535 3153 3590; x_wconf 97' lang='lat' dir='ltr'><strong>p.</strong></span> <span class='ocrx_word' id='word_1_552' title='bbox 3201 3515 3348 3582; x_wconf 80' lang='lat'>1462</span> <span class='ocrx_word' id='word_1_553' title='bbox 3370 3557 3389 3583; x_wconf 90' lang='lat'>,</span> 
     </span>
     <span class='ocr_line' id='line_1_85' title="bbox 1816 3599 3395 3685; baseline -0.001 -23"><span class='ocrx_word' id='word_1_554' title='bbox 1816 3607 1890 3675; x_wconf 88' lang='grc'><strong>46</strong></span> <span class='ocrx_word' id='word_1_555' title='bbox 1923 3627 1935 3661; x_wconf 93' lang='lat'>:</span> <span class='ocrx_word' id='word_1_556' title='bbox 1959 3604 2150 3685; x_wconf 86' lang='grc' dir='ltr'><strong>Ψυρία</strong></span> <span class='ocrx_word' id='word_1_557' title='bbox 2175 3603 2230 3662; x_wconf 71' lang='grc' dir='ltr'><strong>δὲ</strong></span> <span class='ocrx_word' id='word_1_558' title='bbox 2251 3602 2503 3676; x_wconf 82' lang='grc' dir='ltr'><strong>νησίδιον,</strong></span> <span class='ocrx_word' id='word_1_559' title='bbox 2535 3602 2668 3665; x_wconf 83' lang='grc' dir='ltr'><strong>Χίου</strong></span> <span class='ocrx_word' id='word_1_560' title='bbox 2685 3647 2701 3674; x_wconf 95' lang='grc'><strong>,</strong></span> <span class='ocrx_word' id='word_1_561' title='bbox 2728 3602 2910 3682; x_wconf 80' lang='grc' dir='ltr'><strong>φασὶν,</strong></span> <span class='ocrx_word' id='word_1_562' title='bbox 2934 3599 3131 3680; x_wconf 73' lang='grc' dir='ltr'><strong>ἀπέχον</strong></span> <span class='ocrx_word' id='word_1_563' title='bbox 3156 3600 3395 3666; x_wconf 80' lang='grc' dir='ltr'><strong>σταδίους</strong></span> 
     </span>
     <span class='ocr_line' id='line_1_86' title="bbox 1814 3685 3388 3771; baseline -0.003 -20"><span class='ocrx_word' id='word_1_564' title='bbox 1814 3690 2134 3769; x_wconf 76' lang='grc' dir='ltr'><strong>ὀγδοήκοντα</strong></span> <span class='ocrx_word' id='word_1_565' title='bbox 2151 3737 2167 3764; x_wconf 93' lang='grc'><strong>,</strong></span> <span class='ocrx_word' id='word_1_566' title='bbox 2206 3690 2394 3765; x_wconf 79' lang='grc' dir='ltr'><strong>λιμένα</strong></span> <span class='ocrx_word' id='word_1_567' title='bbox 2429 3690 2551 3771; x_wconf 77' lang='grc' dir='ltr'><strong>ἔχον</strong></span> <span class='ocrx_word' id='word_1_568' title='bbox 2585 3693 2715 3749; x_wconf 85' lang='grc' dir='ltr'><strong>νεῶν</strong></span> <span class='ocrx_word' id='word_1_569' title='bbox 2744 3688 2930 3750; x_wconf 80' lang='grc' dir='ltr'><strong>εἴκοσι.</strong></span> <span class='ocrx_word' id='word_1_570' title='bbox 2958 3687 3168 3766; x_wconf 80' lang='grc' dir='ltr'><strong>λέγεται</strong></span> <span class='ocrx_word' id='word_1_571' title='bbox 3197 3685 3252 3746; x_wconf 75' lang='grc' dir='ltr'><strong>δὲ</strong></span> <span class='ocrx_word' id='word_1_572' title='bbox 3295 3687 3388 3746; x_wconf 74' lang='grc' dir='ltr'><strong>καὶ</strong></span> 
     </span>
     <span class='ocr_line' id='line_1_87' title="bbox 1814 3774 3393 3858; baseline -0.003 -20"><span class='ocrx_word' id='word_1_573' title='bbox 1814 3779 2093 3858; x_wconf 67' lang='grc' dir='ltr'><strong>οὐδετέροις</strong></span> <span class='ocrx_word' id='word_1_574' title='bbox 2133 3776 2200 3836; x_wconf 76' lang='grc' dir='ltr'><strong>τὰ</strong></span> <span class='ocrx_word' id='word_1_575' title='bbox 2242 3776 2442 3856; x_wconf 79' lang='grc' dir='ltr'><strong>Ψύρα,</strong></span> <span class='ocrx_word' id='word_1_576' title='bbox 2487 3781 2558 3844; x_wconf 80' lang='grc' dir='ltr'><strong>ὡς</strong></span> <span class='ocrx_word' id='word_1_577' title='bbox 2597 3775 2830 3852; x_wconf 76' lang='grc' dir='ltr'><strong>Ἀλκμάν</strong></span> <span class='ocrx_word' id='word_1_578' title='bbox 2880 3803 2906 3830; x_wconf 77' lang='grc' dir='ltr'><strong>α</strong></span> <span class='ocrx_word' id='word_1_579' title='bbox 2947 3775 3110 3853; x_wconf 76' lang='grc' dir='ltr'><strong>Παρά</strong></span> <span class='ocrx_word' id='word_1_580' title='bbox 3155 3797 3214 3834; x_wconf 91' lang='grc' dir='ltr'><strong>τε</strong></span> <span class='ocrx_word' id='word_1_581' title='bbox 3253 3774 3393 3855; x_wconf 77' lang='grc' dir='ltr'><strong>ἱερὸν</strong></span> 
     </span>
     <span class='ocr_line' id='line_1_88' title="bbox 1818 3863 3392 3946; baseline -0.004 -19"><span class='ocrx_word' id='word_1_582' title='bbox 1818 3867 2108 3940; x_wconf 84' lang='grc' dir='ltr'><strong>Σκόπελον,</strong></span> <span class='ocrx_word' id='word_1_583' title='bbox 2149 3866 2294 3945; x_wconf 81' lang='grc' dir='ltr'><strong>παρά</strong></span> <span class='ocrx_word' id='word_1_584' title='bbox 2346 3889 2403 3923; x_wconf 90' lang='grc' dir='ltr'><strong>τε</strong></span> <span class='ocrx_word' id='word_1_585' title='bbox 2450 3865 2638 3946; x_wconf 80' lang='grc' dir='ltr'><strong>Ψύρα,</strong></span> <span class='ocrx_word' id='word_1_586' title='bbox 2677 3863 2766 3923; x_wconf 83' lang='grc' dir='ltr'><strong>τὸν</strong></span> <span class='ocrx_word' id='word_1_587' title='bbox 2804 3866 3050 3924; x_wconf 87' lang='grc' dir='ltr'><strong>Διόνυσον</strong></span> <span class='ocrx_word' id='word_1_588' title='bbox 3093 3863 3326 3942; x_wconf 81' lang='grc' dir='ltr'><strong>ἄγοντες,</strong></span> <span class='ocrx_word' id='word_1_589' title='bbox 3365 3883 3392 3914; x_wconf 76' lang='lat'><strong>¹·</strong></span> 
     </span>
     <span class='ocr_line' id='line_1_89' title="bbox 1816 3944 3390 4032; baseline -0.003 -19"><span class='ocrx_word' id='word_1_590' title='bbox 1816 3954 1978 4032; x_wconf 84' lang='grc' dir='ltr'><strong>ἤγουν</strong></span> <span class='ocrx_word' id='word_1_591' title='bbox 2005 3957 2076 4021; x_wconf 79' lang='grc' dir='ltr'><strong>ὣς</strong></span> <span class='ocrx_word' id='word_1_592' title='bbox 2097 3944 2203 4012; x_wconf 74' lang='grc' dir='ltr'><strong>οἷον</strong></span> <span class='ocrx_word' id='word_1_593' title='bbox 2231 3955 2284 4010; x_wconf 79' lang='grc' dir='ltr'><strong>ἐν</strong></span> <span class='ocrx_word' id='word_1_594' title='bbox 2314 3952 2481 4012; x_wconf 79' lang='grc' dir='ltr'><strong>οὐδενὶ</strong></span> <span class='ocrx_word' id='word_1_595' title='bbox 2512 3953 2772 4030; x_wconf 84' lang='grc' dir='ltr'><strong>τιθέμενοι</strong></span> <span class='ocrx_word' id='word_1_596' title='bbox 2795 3952 2882 4010; x_wconf 77' lang='grc' dir='ltr'><strong>τὸν</strong></span> <span class='ocrx_word' id='word_1_597' title='bbox 2908 3951 3156 4012; x_wconf 85' lang='grc' dir='ltr'><strong>Διόνυσον</strong></span> <span class='ocrx_word' id='word_1_598' title='bbox 3182 3950 3268 4010; x_wconf 72' lang='grc' dir='ltr'><strong>διὰ</strong></span> <span class='ocrx_word' id='word_1_599' title='bbox 3295 3951 3390 4022; x_wconf 80' lang='grc' dir='ltr'><strong>τὴν</strong></span> 
     </span>
     <span class='ocr_line' id='line_1_90' title="bbox 1816 4039 3386 4120; baseline -0.001 -20"><span class='ocrx_word' id='word_1_600' title='bbox 1816 4043 1975 4113; x_wconf 82' lang='grc' dir='ltr'><strong>νήσου</strong></span> <span class='ocrx_word' id='word_1_601' title='bbox 2015 4041 2316 4120; x_wconf 85' lang='grc' dir='ltr'><strong>λυπρότητα</strong></span> <span class='ocrx_word' id='word_1_602' title='bbox 2357 4042 2556 4120; x_wconf 83' lang='lat' dir='ltr'><strong>(vulgo</strong></span> <span class='ocrx_word' id='word_1_603' title='bbox 2602 4040 2873 4100; x_wconf 82' lang='grc' dir='ltr'><strong>σκόπελον.</strong></span> <span class='ocrx_word' id='word_1_604' title='bbox 2905 4043 3054 4100; x_wconf 86' lang='lat' dir='ltr'><strong>Dedi</strong></span> <span class='ocrx_word' id='word_1_605' title='bbox 3091 4039 3386 4111; x_wconf 68' lang='grc' dir='ltr'><strong>Σκόπελον,</strong></span> 
     </span>
     <span class='ocr_line' id='line_1_91' title="bbox 1818 4131 3392 4207; baseline -0.003 -18"><span class='ocrx_word' id='word_1_606' title='bbox 1818 4153 1937 4207; x_wconf 86' lang='lat' dir='ltr'><strong>quo</strong></span> <span class='ocrx_word' id='word_1_607' title='bbox 1981 4132 2326 4207; x_wconf 78' lang='lat' dir='ltr'><strong>intelligatur</strong></span> <span class='ocrx_word' id='word_1_608' title='bbox 2360 4149 2538 4206; x_wconf 81' lang='lat' dir='ltr'><strong>parva</strong></span> <span class='ocrx_word' id='word_1_609' title='bbox 2570 4133 2748 4186; x_wconf 84' lang='lat' dir='ltr'><strong>insula</strong></span> <span class='ocrx_word' id='word_1_610' title='bbox 2785 4143 2916 4186; x_wconf 78' lang='lat' dir='ltr'><strong>ante</strong></span> <span class='ocrx_word' id='word_1_611' title='bbox 2959 4131 3184 4186; x_wconf 80' lang='lat' dir='ltr'><strong>Troada</strong></span> <span class='ocrx_word' id='word_1_612' title='bbox 3217 4135 3392 4185; x_wconf 84' lang='lat' dir='ltr'><strong>Asca·</strong></span> 
     </span>
     <span class='ocr_line' id='line_1_92' title="bbox 1818 4219 3394 4295; baseline -0.002 -18"><span class='ocrx_word' id='word_1_613' title='bbox 1818 4228 1950 4290; x_wconf 65' lang='grc' dir='ltr'><strong>πίω,</strong></span> <span class='ocrx_word' id='word_1_614' title='bbox 2006 4223 2150 4278; x_wconf 85' lang='lat' dir='ltr'><strong>Plin.</strong></span> <span class='ocrx_word' id='word_1_615' title='bbox 2204 4220 2263 4290; x_wconf 87' lang='lat'><strong>5,</strong></span> <span class='ocrx_word' id='word_1_616' title='bbox 2305 4221 2396 4276; x_wconf 80' lang='lat'><strong>31.</strong></span> <span class='ocrx_word' id='word_1_617' title='bbox 2435 4220 2658 4295; x_wconf 62' lang='lat' dir='ltr'><strong>Rom).</strong></span> <span class='ocrx_word' id='word_1_618' title='bbox 2712 4219 2948 4275; x_wconf 86' lang='lat' dir='ltr'><strong>Irrideri</strong></span> <span class='ocrx_word' id='word_1_619' title='bbox 2997 4220 3256 4275; x_wconf 89' lang='lat' dir='ltr'><strong>solebant</strong></span> <span class='ocrx_word' id='word_1_620' title='bbox 3284 4219 3394 4274; x_wconf 89' lang='lat' dir='ltr'><strong>hoc</strong></span> 
     </span>
     <span class='ocr_line' id='line_1_93' title="bbox 1816 4305 3388 4384; baseline -0.003 -20"><span class='ocrx_word' id='word_1_621' title='bbox 1816 4310 1996 4366; x_wconf 85' lang='lat' dir='ltr'><strong>verbo</strong></span> <span class='ocrx_word' id='word_1_622' title='bbox 2017 4310 2269 4364; x_wconf 71' lang='lat' dir='ltr'><strong>conviva</strong></span> <span class='ocrx_word' id='word_1_623' title='bbox 2287 4326 2482 4384; x_wconf 82' lang='lat' dir='ltr'><strong>segnes</strong></span> <span class='ocrx_word' id='word_1_624' title='bbox 2501 4307 2576 4363; x_wconf 88' lang='lat' dir='ltr'><strong>ad</strong></span> <span class='ocrx_word' id='word_1_625' title='bbox 2594 4307 2928 4363; x_wconf 82' lang='lat' dir='ltr'><strong>bibendum.</strong></span> <span class='ocrx_word' id='word_1_626' title='bbox 2953 4308 3196 4365; x_wconf 83' lang='lat' dir='ltr'><strong>Paroem.</strong></span> <span class='ocrx_word' id='word_1_627' title='bbox 3221 4305 3388 4361; x_wconf 89' lang='lat' dir='ltr'><strong>Bodl.</strong></span> 
     </span>
     <span class='ocr_line' id='line_1_94' title="bbox 1815 4390 3392 4473; baseline -0.004 -18"><span class='ocrx_word' id='word_1_628' title='bbox 1815 4419 1874 4472; x_wconf 89' lang='lat' dir='ltr'><strong>p.</strong></span> <span class='ocrx_word' id='word_1_629' title='bbox 1924 4415 2063 4471; x_wconf 87' lang='lat'><strong>119,</strong></span> <span class='ocrx_word' id='word_1_630' title='bbox 2107 4393 2319 4473; x_wconf 81' lang='grc' dir='ltr'><strong>Ψύρα</strong></span> <span class='ocrx_word' id='word_1_631' title='bbox 2346 4395 2453 4452; x_wconf 77' lang='grc' dir='ltr'><strong>τὸν</strong></span> <span class='ocrx_word' id='word_1_632' title='bbox 2499 4391 2838 4453; x_wconf 84' lang='grc' dir='ltr'><strong>Διόνυσον</strong></span> <span class='ocrx_word' id='word_1_633' title='bbox 2880 4415 2894 4449; x_wconf 87' lang='lat'>:</span> <span class='ocrx_word' id='word_1_634' title='bbox 2932 4390 3047 4452; x_wconf 78' lang='grc' dir='ltr'><strong>ἀντὶ</strong></span> <span class='ocrx_word' id='word_1_635' title='bbox 3069 4397 3159 4450; x_wconf 76' lang='grc' dir='ltr'><strong>τοῦ</strong></span> <span class='ocrx_word' id='word_1_636' title='bbox 3183 4391 3392 4460; x_wconf 73' lang='grc' dir='ltr'><strong>εὐτελῆ·</strong></span> 
     </span>
     <span class='ocr_line' id='line_1_95' title="bbox 1815 4469 3392 4561; baseline -0.002 -21"><span class='ocrx_word' id='word_1_637' title='bbox 1815 4482 2044 4554; x_wconf 89' lang='grc' dir='ltr'><strong>νησίδιον</strong></span> <span class='ocrx_word' id='word_1_638' title='bbox 2068 4481 2170 4560; x_wconf 77' lang='grc' dir='ltr'><strong>γάρ</strong></span> <span class='ocrx_word' id='word_1_639' title='bbox 2198 4484 2306 4540; x_wconf 79' lang='grc' dir='ltr'><strong>ἐστι</strong></span> <span class='ocrx_word' id='word_1_640' title='bbox 2326 4481 2512 4561; x_wconf 82' lang='grc' dir='ltr'><strong>μικρὸν</strong></span> <span class='ocrx_word' id='word_1_641' title='bbox 2535 4480 2595 4539; x_wconf 79' lang='grc' dir='ltr'><strong>τὸ</strong></span> <span class='ocrx_word' id='word_1_642' title='bbox 2618 4481 2819 4561; x_wconf 82' lang='grc' dir='ltr'><strong>Ψύρα,</strong></span> <span class='ocrx_word' id='word_1_643' title='bbox 2849 4479 2926 4556; x_wconf 82' lang='grc' dir='ltr'><strong>μὴ</strong></span> <span class='ocrx_word' id='word_1_644' title='bbox 2955 4479 3236 4556; x_wconf 75' lang='grc' dir='ltr'><strong>δυνάμενον</strong></span> <span class='ocrx_word' id='word_1_645' title='bbox 3259 4469 3392 4538; x_wconf 66' lang='grc' dir='ltr'><strong>οἶνον</strong></span> 
     </span>
     <span class='ocr_line' id='line_1_96' title="bbox 1818 4565 3394 4648; baseline -0.004 -20"><span class='ocrx_word' id='word_1_646' title='bbox 1818 4573 2060 4648; x_wconf 80' lang='grc' dir='ltr'><strong>ἐνεγκεῖν.</strong></span> <span class='ocrx_word' id='word_1_647' title='bbox 2094 4568 2297 4648; x_wconf 80' lang='grc' dir='ltr'><strong>εἴρηται</strong></span> <span class='ocrx_word' id='word_1_648' title='bbox 2333 4569 2422 4627; x_wconf 82' lang='grc' dir='ltr'><strong>ἐπὶ</strong></span> <span class='ocrx_word' id='word_1_649' title='bbox 2463 4571 2566 4626; x_wconf 81' lang='grc' dir='ltr'><strong>τῶν</strong></span> <span class='ocrx_word' id='word_1_650' title='bbox 2595 4569 2648 4626; x_wconf 67' lang='grc' dir='ltr'><strong>ἰν</strong></span> <span class='ocrx_word' id='word_1_651' title='bbox 2695 4565 2974 4646; x_wconf 82' lang='grc' dir='ltr'><strong>συμποσίῳ</strong></span> <span class='ocrx_word' id='word_1_652' title='bbox 2997 4565 3394 4644; x_wconf 77' lang='grc' dir='ltr'><strong>κατακειμένων</strong></span> 
     </span>
     <span class='ocr_line' id='line_1_97' title="bbox 1816 4655 2570 4733; baseline -0.001 -18"><span class='ocrx_word' id='word_1_653' title='bbox 1816 4656 1908 4715; x_wconf 72' lang='grc' dir='ltr'><strong>καὶ</strong></span> <span class='ocrx_word' id='word_1_654' title='bbox 1935 4655 2010 4733; x_wconf 85' lang='grc' dir='ltr'><strong>μὴ</strong></span> <span class='ocrx_word' id='word_1_655' title='bbox 2038 4656 2316 4715; x_wconf 88' lang='grc' dir='ltr'><strong>πινόντων.</strong></span> <span class='ocrx_word' id='word_1_656' title='bbox 2353 4683 2376 4707; x_wconf 78' lang='grc' dir='ltr'><strong>υ</strong></span> <span class='ocrx_word' id='word_1_657' title='bbox 2417 4659 2464 4712; x_wconf 84' lang='grc' dir='ltr'><em>Ε</em></span> <span class='ocrx_word' id='word_1_658' title='bbox 2486 4659 2570 4714; x_wconf 89' lang='lat' dir='ltr'><strong>M.</strong></span> 
     </span>
    </p>
   </div>
   <div class='ocr_carea' id='block_1_27' title="bbox 2561 4866 2650 4915">
    <p class='ocr_par' dir='ltr' id='par_1_29' title="bbox 2561 4866 2650 4915">
     <span class='ocr_line' id='line_1_98' title="bbox 2561 4866 2650 4915; baseline 0 0"><span class='ocrx_word' id='word_1_659' title='bbox 2561 4866 2650 4915; x_wconf 79' lang='lat'><strong>92.</strong></span> 
     </span>
    </p>
   </div>
   <div class='ocr_carea' id='block_1_28' title="bbox 1824 4949 2663 5198">
    <p class='ocr_par' dir='ltr' id='par_1_30' title="bbox 1824 4949 2663 5198">
     <span class='ocr_line' id='line_1_99' title="bbox 1836 4949 2319 5007; baseline -0.01 0"><span class='ocrx_word' id='word_1_660' title='bbox 1836 4951 2028 5007; x_wconf 83' lang='lat' dir='ltr'><strong>Genua</strong></span> <span class='ocrx_word' id='word_1_661' title='bbox 2056 4949 2319 5006; x_wconf 86' lang='lat' dir='ltr'><strong>ulcerosa.</strong></span> 
     </span>
     <span class='ocr_line' id='line_1_100' title="bbox 1824 5041 2663 5198; baseline 0.001 -17"><span class='ocrx_word' id='word_1_662' title='bbox 1824 5129 1988 5198; x_wconf 76' lang='lat' dir='ltr'><strong>Psyra</strong></span> <span class='ocrx_word' id='word_1_663' title='bbox 2016 5125 2291 5181; x_wconf 83' lang='lat' dir='ltr'><strong>Bacchum</strong></span> <span class='ocrx_word' id='word_1_664' title='bbox 2311 5041 2663 5182; x_wconf 48' lang='lat' dir='ltr'><strong>celebraniiz.</strong></span> 
     </span>
    </p>
   </div>
  </div>
 </body>
</html>
