3809 5850
430 426 507 477 23
1422 387 1834 468 coMOEmAE
1874 405 2212 468 vermis
2253 407 2660 482 nmmum.

524 505 843 614 Σανδάλια
872 543 1225 638 Τυρρηνικοί.

424 696 657 753 Photius
696 695 838 755 Lex.
868 713 933 770 p.
975 693 1117 762 611,
1160 691 1223 761 6,
1251 685 1525 767 Τυρηνικά
1563 687 1679 765 (ita
1714 683 1934 765 codex)
1973 707 1990 743 ε

426 782 683 840 σανδάλια
700 781 981 848 πολυτελῆ.
993 780 1235 853 Hesych.
1246 773 1548 856 Τυρρηνικὰ
1564 775 1821 834 σανδάλια
1838 797 1851 832 z
1871 773 1992 833 κάτ-

423 869 565 943 τυμά
587 891 637 926 τι
668 866 884 946 ὑψηλόν.
921 892 946 918 α
973 867 1270 924 simillima
1302 885 1437 940 ergo
1473 874 1637 920 erant
1659 865 1988 920 cothurnis:

424 961 612 1032 Etym.
634 960 714 1014 M.
741 976 801 1031 p.
826 955 965 1025 524,
994 955 1091 1029 39,
1120 950 1374 1030 Κόθορνος
1400 956 1722 1028 τγυναικεῖον
1745 949 1992 1026 ὑπόδημα
2082 941 2147 990 τη

421 1043 747 1123 τετράγωνον
780 1040 843 1100 τὸ
880 1044 1102 1120 σχῆμα,
1143 1037 1372 1118 ἁρμόζον
1406 1036 1714 1117 ἀμφοτέροις
1754 1046 1861 1104 τοῖς
1890 1060 1990 1096 πο-

422 1128 527 1192 σίν.
554 1135 689 1190 Haec
714 1131 1039 1186 calceorum
1064 1129 1243 1186 lorica
1266 1130 1437 1184 etiam
1459 1145 1613 1182 nunc
1649 1127 1709 1182 in
1730 1126 1994 1200 pluribus

424 1221 561 1276 artis
574 1220 817 1292 antiquae
836 1217 1219 1272 monumentis
1234 1215 1607 1288 conspicitur.
1626 1233 1683 1270 V.
1700 1214 1995 1288 Boettigeri

422 1307 633 1381 opusc.
670 1325 719 1376 1,
747 1326 810 1380 p.
850 1304 989 1380 283,
1026 1306 1083 1360 J.
1115 1304 1189 1361 fl.
1220 1306 1377 1359 Voss.
1422 1304 1600 1376 Epist.
1630 1299 1878 1374 mythol.
1931 1322 1990 1372 1,

418 1413 481 1470 p.
516 1413 650 1469 190.
680 1394 813 1464 Non
839 1392 1222 1468 improbabile
1258 1402 1343 1447 est
1372 1401 1565 1447 autem
1600 1409 1801 1446 eorum
1828 1391 1888 1444 in
1929 1409 1992 1446 ea

420 1483 629 1538 fabulae
660 1492 823 1554 parte
864 1480 1217 1535 mentionem
1256 1497 1373 1534 esse
1414 1478 1645 1547 factam,
1673 1480 1733 1532 in
1773 1495 1889 1551 qua
1920 1477 1993 1533 de

418 1569 639 1626 luxurie
675 1568 1107 1624 Atheniensium
1143 1584 1213 1622 ex
1250 1567 1441 1640 legum
1480 1575 1815 1640 contemptu
1842 1584 1990 1639 pro-

420 1657 569 1714 secta
594 1655 857 1715 Cratinus
880 1663 1097 1729 egerat.
1136 1678 1161 1703 »ι
1190 1655 1243 1710 E
1266 1657 1446 1710 Metu.

1161 1791 1251 1832 11.

496 1899 734 1956 Photius
776 1899 912 1956 Lex.
958 1915 1017 1972 p.
1067 1895 1206 1972 353,
1254 1895 1313 1967 8,
1355 1891 1649 1974 Ὀσταφίδα
1726 1895 1825 1974 οὐχ
1850 1893 1992 1964 ὅπως

420 1986 526 2064 Κρ.
554 1985 623 2044 N.

512 2150 613 2160 ——
644 2105 698 2178 ὁ
727 2103 797 2178 δὲ
828 2113 973 2190 Ζεὺς
999 2110 1314 2202 ὀσταφίσιν
1344 2113 1473 2174 ὕσει
1500 2109 1694 2200 τάχα,

419 2245 555 2306 ἀλλὰ
582 2248 673 2306 καὶ
696 2247 925 2309 Πλάτων
956 2249 1131 2328 [Leg.
1160 2246 1221 2322 8,
1244 2267 1305 2322 p.
1331 2245 1471 2317 845,
1503 2245 1606 2320 B).
1653 2271 1676 2296 α
1709 2247 1988 2304 Videntur

416 2338 535 2393 haec
562 2350 789 2412 sumpta
819 2356 850 2394 e
872 2338 1249 2410 descriptione
1270 2335 1399 2389 vitae
1422 2334 1747 2389 felicissimae
1766 2374 1783 2404 ,
1812 2355 1987 2409 quam

416 2425 663 2481 suturam
692 2426 899 2481 dixerit
926 2425 1068 2480 alter
1089 2424 1390 2496 juvenum,
1434 2423 1479 2476 si
1513 2423 1871 2478 Athenienses
1913 2425 1987 2479 ad

416 2513 828 2585 simplicitatem
849 2514 1155 2586 legumque
1176 2510 1593 2566 observantiam
1618 2510 1914 2566 redierint.
1953 2535 1978 2560 n

411 2599 621 2674 Bergk.
652 2601 969 2656 Comment.
995 2618 1057 2673 p.
1094 2604 1225 2664 140.

1153 2736 1246 2777 12.

492 2839 741 2914 Hesych.
766 2835 1127 2912 Δυκαμὸὶς
1156 2834 1333 2916 ἀρχή
1361 2858 1375 2893 :
1408 2838 1436 2894 ὃ
1470 2839 1577 2919 Κρ.
1596 2839 1651 2897 ἐν
1675 2841 1763 2914 Ν.,
1782 2838 1981 2902 τὸνπο·

412 2924 678 3007 λέμαρχον
704 2925 903 2997 δηλῶν,
925 2922 1053 3005 πρὸς
1082 2921 1139 2983 ὃν
1164 2924 1528 3007 ἀπεγράφοντο
1549 2925 1641 2996 τὰς
1664 2935 1755 2989 τοῦ
1781 2932 1982 3010 ἀπροσ-

413 3013 599 3073 τασίου
628 3012 798 3081 δίκας.
825 3010 1149 3089 Λυκαμὸίδα
1178 3012 1233 3072 δὲ
1257 3006 1372 3073 εἶπε
1399 3014 1492 3085 τὴν
1522 3016 1793 3095 ἅρχὴν....
1848 3023 1982 3078 Haec

410 3102 585 3163 Mein.
628 3104 947 3180 supplenda
984 3122 1100 3161 esse
1141 3104 1286 3159 vidit
1313 3123 1346 3161 e
1384 3106 1591 3162 Photio
1630 3127 1689 3182 p.
1737 3108 1877 3184 234,
1919 3119 1978 3181 4,

410 3188 775 3266 Δυκαμὸὶς
820 3188 961 3269 ἀρχή
996 3212 1009 3246 :
1041 3194 1135 3249 τοῦ
1163 3190 1523 3271 πολεμάρχου.
1568 3194 1809 3273 ψυχρῶς,
1867 3196 1981 3254 ἐπεὶ

410 3275 737 3353 ἐπολέμησεν
780 3275 1081 3356 Ἀρχίλοχος
1128 3279 1204 3356 τῷ
1240 3276 1527 3356 Λυκάμόῃ·
1573 3280 1663 3337 ἐπὶ
1708 3278 1765 3338 δὲ
1794 3280 1978 3341 τούτου

414 3364 575 3441 (scil.
614 3368 708 3423 τοῦ
739 3363 1123 3445 πολεμάρχου)
1166 3364 1521 3443 ἀπροστασίου
1550 3366 1642 3425 καὶ
1682 3369 1978 3448 ἐπικλήρων

409 3452 465 3509 αἱ
492 3450 632 3509 δίκαι
660 3450 937 3531 ὑπήγοντο.
965 3454 1179 3511 Alludit
1199 3456 1275 3511 ad
1302 3454 1641 3531 Λυκαμὸάδα
1663 3455 1851 3534 ὀργὴν,
1874 3462 1979 3517 sed

408 3540 625 3615 frigido
638 3542 795 3615 joco,
815 3556 880 3600 ut
903 3543 1129 3615 judicat
1159 3546 1389 3601 criticus
1417 3564 1591 3620 quem
1612 3548 1849 3603 Photius
1874 3566 1977 3604 ex-

406 3632 648 3706 scripsit.
674 3632 847 3688 Liber
867 3632 1033 3691 Phot.
1056 3629 1377 3690 ἀποστασίου
1406 3631 1498 3691 καὶ
1532 3633 1841 3713 ἐπικλήρου.

1151 3756 1241 3811 13.

484 3874 675 3932 Schol.
698 3876 990 3950 Aristoph.
1013 3880 1121 3950 Eq.
1156 3897 1179 3933 1
1196 3884 1328 3951 147,
1354 3875 1540 3950 Κημός
1568 3898 1581 3932 :
1608 3879 1637 3933 ὁ
1658 3877 1744 3934 ἐπὶ
1765 3882 1857 3936 τοῦ
1878 3902 1976 3937 κα-

406 3958 613 4029 δίσκου,
655 3962 726 4027 εἰς
753 3960 808 4019 ὃν
849 3960 941 4028 τὰς
968 3960 1168 4042 ψήφους
1194 3964 1443 4021 καθίεσαν
1472 3965 1525 4023 ἐν
1562 3972 1671 4031 τοῖς
1710 3966 1974 4039 δικαστη-

408 4045 553 4126 ρίοις.
602 4050 708 4127 Κρ.
754 4047 907 4107 αὐτὸν
951 4051 1004 4107 ἐν
1036 4053 1106 4111 Ν.
1153 4050 1500 4129 σχοίνινον
1548 4051 1759 4127 ἠθμὸν
1796 4061 1968 4114 καλεῖ.

403 4138 561 4192 Libri
584 4134 770 4213 ἠθμόν.
794 4139 977 4197 Etiam
1016 4140 1259 4214 llesych.
1294 4138 1561 4217 Σχοίνινος
1588 4140 1753 4217 ἠθμός
1781 4165 1793 4199 :
1823 4142 1887 4201 δι’
1916 4134 1976 4202 οὗ

2827 549 2916 609 14.

2162 661 2398 718 Photius
2420 665 2559 720 Lex.
2584 681 2646 737 p.
2680 681 2818 738 291,
2859 669 2923 728 14
2945 708 2958 728 ,
2999 661 3264 734 Νεάτην
3297 683 3312 724 :
3342 665 3464 744 οὐχὶ
3495 665 3660 738 νήτην

2081 743 2311 822 λέγουσι·
2335 747 2426 804 καὶ
2449 745 2870 826 παρανεάτην
2895 749 2986 806 καὶ
3006 771 3192 829 τρισν
3211 749 3421 812 έατον.
3445 757 3551 832 Κρ.
3585 760 3659 816 N.

2084 832 2502 908 Corrigendum
2528 837 2787 892 existimo
2815 833 2908 892 καὶ
2952 836 3290 915 παρανεάτην
3316 836 3351 910 ἢ
3391 844 3662 920 προσνεά-

2150 942 2195 979 ν.
2212 951 2293 963 -
2316 921 2481 978 Adde
2504 924 2590 978 his
2608 923 2810 1000 fragm.
2838 927 3042 986 incert.
3083 934 3150 994 14
3165 947 3212 984 1.

2579 1080 2732 1134 XVI.
2779 1079 3156 1140 ΟΔΥΣΣΗΣ.

2162 1237 2325 1291 Hanc
2349 1236 2626 1305 fabulam,
2655 1255 2782 1310 quae
2805 1255 2994 1313 neque
3023 1241 3252 1299 chorica
3274 1247 3528 1305 camina
3549 1269 3660 1308 nec

2081 1319 2385 1395 parabasin
2417 1324 2640 1394 habuit,
2667 1326 2735 1379 iis
2763 1328 3118 1399 temporibus
3139 1333 3404 1407 scriptam
3444 1338 3659 1408 videri,

2085 1410 2294 1482 quibus
2332 1411 2680 1485 Morychidis
2723 1412 2960 1469 decreto
3002 1419 3294 1474 comoediae
3335 1427 3541 1481 veteris
3585 1429 3662 1480 li-

2085 1499 2268 1554 centia
2303 1500 2724 1574 angustioribus
2767 1499 2978 1557 finibus
3017 1505 3233 1562 inclusa
3267 1520 3350 1564 est
3381 1509 3400 1584 (
3417 1513 3655 1588 Olymp.

2087 1583 2184 1653 85,
2218 1604 2251 1640 α
2273 1595 2330 1640 et
2361 1585 2392 1640 3
2416 1586 2717 1660 ),Meinek.
2743 1589 2889 1646 Hist.
2925 1590 3053 1672 crit.
3077 1593 3236 1654 Com.
3263 1615 3326 1670 p.
3363 1599 3461 1668 43,
3495 1601 3662 1656 item-

2083 1689 2194 1743 que
2217 1683 2412 1746 postea
2435 1674 2706 1748 Bergkius
2732 1676 3076 1733 Commentt.
3099 1699 3158 1754 p.
3189 1689 3323 1754 142,
3361 1685 3658 1745 indicave-

2081 1769 2232 1816 runt.
2258 1762 2344 1816 De
2363 1771 2700 1836 argumento
2726 1761 2846 1834 ejus
2864 1765 3152 1822 Platonius
3177 1788 3241 1843 p.
3267 1772 3414 1828 XIII
3439 1792 3452 1827 :
3479 1779 3656 1832 τοιοῦ-

2081 1863 2166 1908 τος
2194 1833 2282 1900 οὖν
2307 1845 2446 1902 ἐστιν
2483 1848 2512 1902 ὁ
2553 1849 2644 1917 τῆς
2673 1847 2838 1924 μέσης
2865 1849 3145 1930 κωμῳδίας
3166 1849 3349 1928 τύπος,
3381 1846 3488 1923 οἷός
3513 1860 3656 1916 ἐστιν

2081 1931 2108 1985 ὁ
2129 1929 2452 1988 Αἶολοσίκων
2475 1929 2872 2014 Ἀριστοφάνους
2887 1933 2978 1992 καὶ
2999 1938 3048 1994 οἱ
3073 1935 3344 2008 Ὀδυσσεῖς
3367 1945 3657 2023 Κρατίνου,

2080 2015 2168 2074 καὶ
2191 2019 2415 2076 πλεῖστα
2445 2023 2544 2077 τῶν
2571 2023 2811 2080 παλαιῶν
2849 2024 3128 2103 δραμάτων
3153 2027 3273 2087 οὔτε
3309 2032 3503 2110 χορικὰ
3535 2035 3656 2094 οὔτε

2079 2106 2406 2187 παραὸάσεις
2435 2107 2624 2187 ἔχοντα
2664 2131 2681 2166 2
2715 2123 2864 2187 etp.
2905 2115 3043 2173 XIV
3075 2136 3088 2170 t
3124 2117 3173 2174 οἱ
3215 2121 3336 2194 γοῦν
3379 2119 3501 2180 Ὀδ.
3543 2127 3650 2200 Κρ.

2078 2192 2280 2260 οὐδενὸς
2301 2194 2600 2272 ἐπιτίμησιν
2623 2194 2820 2274 ἔχουσι,
2843 2199 3130 2280 διασυρμὸν
3151 2203 3204 2260 δὲ
3221 2208 3313 2276 τῆς
3339 2205 3656 2278 Ὀδυσσείας

2080 2279 2343 2361 Ὀμήρου.
2373 2310 2398 2335 α
2425 2288 2616 2359 Atque
2639 2287 2773 2343 hinc
2803 2290 3204 2365 explicandum
3227 2307 3328 2366 est,
3355 2300 3519 2371 quod
3537 2302 3654 2358 hoc

2075 2368 2272 2427 drama
2300 2373 2557 2428 Cratinus
2580 2376 2699 2448 ipse
2721 2395 2928 2433 novum
2957 2391 3016 2434 et
3041 2385 3359 2441 inusitatum
3387 2388 3654 2444 oblecta-

2077 2473 2318 2516 mentum
2349 2461 2494 2516 dixit
2519 2461 2836 2538 fragmento
2865 2465 2958 2526 15.
2985 2493 3011 2517 ι
3041 2470 3092 2523 Ε
3115 2471 3204 2526 M.

2781 2613 2834 2654 1.
2883 2614 2940 2652 2.

2155 2709 2440 2784 Heplnaest.
2479 2714 2565 2767 De
2609 2715 2808 2768 metris
2836 2733 2966 2789 cap.
3017 2716 3077 2791 8,
3105 2737 3168 2792 p.
3200 2719 3274 2787 46
3311 2740 3324 2774 :
3361 2719 3440 2779 ὅτι
3465 2722 3653 2798 μέντοι

2074 2795 2164 2854 καὶ
2188 2797 2242 2856 ἐν
2262 2800 2336 2877 τῷ
2354 2796 2752 2880 Ἀριστοφανείῳ
2773 2802 3082 2884 καλουμένῳ
3103 2806 3396 2888 ἀδιαφόρως
3413 2813 3652 2890 εὖρίσκε.

2074 2907 2160 2943 ται
2204 2887 2232 2943 ὃ
2269 2884 2596 2965 παραλήγων
2643 2885 2966 2959 ἀνάπαιστος
3012 2891 3049 2963 ἢ
3097 2895 3380 2971 σπονδεῖος,
3420 2899 3652 2972 δηλώσει

2077 2974 2178 3051 Κρ.
2201 2974 2272 3039 εἰς
2298 2972 2400 3052 γὰρ
2433 2971 2552 3039 τοὺς
2582 2973 2876 3045 Ὀδυσσέας
2918 2979 3212 3039 εἰσὸάλλων
3241 2982 3411 3065 τούτῳ
3436 2990 3513 3067 τῷ
3551 2992 3650 3065 μέ-

2073 3082 2178 3140 τρῳ
2199 3059 2490 3139 ἐχρήσατο,

2171 3184 2346 3263 Τίνες
2375 3184 2446 3253 αὖ
2488 3188 2711 3256 πόντον
2745 3191 3068 3285 κατέχουσ’
3105 3193 3312 3291 αὖραι;
3347 3202 3518 3293 νέφος
3551 3210 3653 3273 οὐ·

2855 3318 2860 3323 “
2997 3301 3192 3393 ράνιον
3223 3302 3355 3373 τόδ’
3385 3313 3648 3401 ὁρῶμαι.

2069 3426 2283 3499 ἐποίησε
2323 3426 2381 3487 δέ
2403 3452 2520 3489 τινα
2551 3430 2730 3511 στίχον
2774 3434 2866 3492 καὶ
2893 3438 3148 3520 σπονδείῳ
3170 3442 3246 3521 τῷ
3283 3446 3648 3527 παραλήγοντι

2067 3515 2412 3597 κεχρημένον,

2169 3638 2252 3721 ὡς
2285 3641 2357 3711 ἂν
2393 3650 2631 3737 μᾶλλον
2667 3654 2797 3726 τοῖς
2849 3646 3176 3733 πηδαλίοις
3211 3662 3250 3729 η’
3295 3668 3432 3738 ναῦς
3467 3668 3649 3755 ἡμῶν

3323 3766 3642 3861 πειθαρχῇ.

2066 3888 2240 3943 Versu
2295 3907 2319 3943 1
2366 3888 2458 3946 ed.
2503 3890 2754 3950 Florent.
2806 3888 2939 3958 τίνες
2981 3881 3070 3951 οὖν
3111 3916 3174 3956 π.
3223 3921 3248 3949 α
3296 3897 3480 3959 Ulixis
3526 3904 3648 3961 haec

2067 3975 2262 4044 verba,
2290 3976 2591 4051 ingruente
2613 3988 2943 4055 tempestate
2963 3982 3041 4039 ad
3064 3980 3384 4061 Cyclopum
3401 3989 3648 4049 insulam

2069 4065 2434 4138 appellentis,
2473 4078 2698 4141 sumpta
2743 4087 2773 4125 e
2800 4068 3005 4126 sabulae
3042 4074 3314 4147 exordi0‚
3359 4078 3646 4151 siquidem

2067 4151 2182 4206 fere
2210 4148 2424 4222 εἰσὸολὴ
2461 4154 2670 4211 dicitur
2700 4174 2768 4211 ea
2794 4175 2928 4232 pars
2968 4158 3241 4218 dramatis
3274 4182 3398 4239 quae
3441 4170 3645 4241 proxi-

404 4221 501 4289 τὰς
524 4222 727 4304 ψήφους
750 4227 797 4283 οἱ
827 4224 1069 4283 δικασταὶ
1098 4228 1169 4291 εἰς
1195 4224 1288 4293 τὰς
1316 4227 1492 4305 ὑδρίας
1519 4232 1782 4290 καθιᾶσιν.
1812 4257 1835 4283 ει
1863 4235 1975 4290 Co·
2064 4256 2161 4292 mo
2189 4249 2318 4312 post
2345 4242 2654 4317 prologum
2705 4244 2838 4299 loco
2883 4247 3126 4304 infertur
3159 4270 3172 4305 :
3205 4269 3260 4305 v,
3309 4251 3458 4311 Hist.
3511 4258 3642 4315 crit.

406 4314 523 4367 lum
563 4314 725 4379 dicit,
756 4334 911 4369 urnae
934 4314 1249 4387 judiciariae
1285 4318 1637 4390 impositum,
1677 4338 1783 4394 per
1816 4322 1975 4394 quod

405 4402 585 4475 lapilli
599 4401 863 4474 judicum
890 4404 951 4457 in
972 4420 1180 4459 urnam
1204 4405 1599 4464 mittebantur.
1628 4432 1653 4457 υ
1692 4409 1744 4462 E
1772 4409 1859 4463 M.

2020 4362 2031 4443 Ι
2065 4326 2226 4469 {⁰2¹1-
2269 4346 2333 4402 p.
2386 4328 2500 4396 443
2553 4342 2607 4387 et
2644 4333 2948 4391 Hermann.
2979 4336 3193 4411 Opusc.
3237 4336 3294 4409 5,
3325 4358 3386 4413 p.
3436 4340 3572 4416 139.
3610 4370 3636 4395 ι

444 4533 3614 4573 --—-——-——-—-—-—————-——-—-—-—--.-—.——..

400 4676 657 4734 Sandalia
684 4676 1041 4751 Tyrrhenica.
1141 4607 1229 4659 ¹⁰⁰

398 4835 430 4890 J
436 4832 645 4907 uppiter
664 4842 850 4893 autem
876 4834 992 4891 uvis
1020 4764 1367 4911 passisl'pluet
1384 4799 1675 4913 extemplo.

398 4992 739 5063 Lycambeus
762 4923 1223 5067 magiam-atussa

398 5153 666 5209 Junceum
690 5152 897 5211 colum.
1134 5080 1223 5132 13.

2706 4620 2994 4677 ULIXFS.

2063 4800 2334 4871 Quaenam
2366 4797 2549 4857 denuo
2593 4816 2746 4859 mare
2783 4722 3059 4875 oecupant
3077 4807 3273 4861 aurae?
3309 4806 3516 4865 nubem
3554 4809 3648 4867 hie

3008 4891 3316 4959 [coeloetem
3338 4898 3636 4971 conspicio.

2821 4990 2875 5041 2.

2063 5078 2142 5133 Ut
2159 5076 2354 5135 melius
2378 5077 2763 5151 gubernaculis
2783 5088 2968 5141 nostra
2993 5083 3148 5143 navis
3170 5046 3420 5145 obediat..
