3809 5850
476 469 585 521 352

474 592 853 649 Probabiliter
916 590 1270 644 Hermannus
1330 584 1488 658 praes.
1564 586 1770 641 Alcest.
1836 564 2040 657 Eut-ip.

1490 450 1757 511 MEmAE
1812 448 2222 509 COMOEDlAE
2263 448 2672 523 REuQmAE.

2141 583 2306 638 vestis
2328 583 2610 657 cogitetur
2629 624 2646 655 ‚
2669 591 2726 635 et
2755 581 2984 635 lenioris
3003 581 3224 635 numeri
3251 598 3406 636 causa
3432 582 3639 658 φαιόςγε,

474 700 535 754 p.
570 699 594 734 1
607 699 660 751 7,
692 680 811 733 haee
832 676 1008 733 verba
1034 692 1149 730 esse
1176 682 1343 747 putat
1364 671 1681 744 cujusdam,
1716 674 1815 745 qui
1848 673 2047 727 horta·
2133 671 2394 727 haustum
2410 692 2470 747 γε
2487 682 2694 747 putans
2707 688 2742 725 a
2763 669 3067 746 Xi-syllaba
3081 670 3266 725 simili.
3283 668 3474 742 Both.)
3493 696 3514 719 ι
3535 674 3586 727 V.
3613 670 3636 723 5

474 779 633 825 retur
666 766 973 823 Admetum
990 763 1081 817 vel
1104 762 1413 817 Herculem
1432 801 1450 833 ‚
1477 770 1542 813 ut
1565 761 1713 815 viam
1732 778 2046 833 quamcun-
2140 756 2268 835 βαιὰ
2283 757 2541 835 τράπεζα.
2573 784 2598 811 α
2615 761 2844 813 Brevem
2865 775 3114 811 mensam
3139 756 3326 813 dicere
3353 757 3556 812 videtur
3577 770 3642 811 te-

475 874 587 928 que
620 870 829 909 novam
866 848 1269 924 recuperandae
1304 846 1603 904 Alcestidis
1630 849 2045 921 experirentur.

478 946 653 999 Versu
682 961 706 997 1
736 938 907 997 codd.
941 948 1078 993 vett.
1100 932 1235 1016 φέρ’,
1254 954 1402 992 rece.
1433 931 1588 1013 φέρῃ.
1608 934 1940 992 Dindorfius
1963 932 2050 1010 φέ-

480 1052 568 1106 ρου
594 1048 607 1087 :
630 1028 751 1085 vid.
776 1026 922 1085 Bast.
948 1026 1128 1100 Epist.
1162 1023 1290 1079 crit.
1318 1022 1391 1079 ad
1412 1021 1588 1077 Roiss.
1613 1040 1675 1096 p.
1710 1020 1807 1093 78,
1839 1032 1895 1077 et
1925 1026 2046 1095 Ap-

477 1116 649 1192 pend.
674 1134 736 1189 p.
776 1114 869 1171 16.
899 1115 966 1169 V.
994 1132 1026 1169 2
1062 1114 1256 1169 Herm.
1292 1108 1497 1175 ἐκείνως
1524 1128 1633 1184 pro
1663 1110 1869 1173 ἐκεῖνος.
1900 1111 1968 1162 V.
2012 1116 2044 1167 Δ

480 1205 831 1279 antiquiores
859 1200 1033 1259 codd.
1068 1222 1132 1261 π.
1166 1202 1276 1259 ἐστι
1298 1198 1557 1257 παλαιῶν.

1230 1348 1287 1387 2.

558 1456 715 1513 Idem
747 1474 843 1524 12,
870 1472 933 1528 p.
963 1452 1106 1523 553,
1132 1451 1176 1507 C
1201 1470 1213 1506 :
1240 1446 1381 1508 Ἄντ.
1415 1447 1460 1506 δ’
1491 1448 1543 1503 ἐν
1566 1445 1708 1505 ’Akt-
1743 1443 1904 1523 ἐλαίῳ
1934 1441 2052 1502 τινὰ

481 1545 623 1600 ποιεῖ
646 1540 922 1621 χριόμενον
942 1538 1061 1605 τοὺς
1088 1536 1273 1603 πόδας.

844 1700 981 1761 XII.
1028 1694 1673 1759 ΑΝΑΣΩΖΟΜΕΝΟΣ.

558 1850 671 1911 Sie-
702 1848 939 1909 Antiatt.
987 1866 1047 1923 p.
1104 1846 1206 1922 89,
1254 1864 1309 1916 2,
1356 1842 1695 1922 Διαφέρον
1746 1860 1763 1900 :
1815 1840 1932 1899 ἀντὶ
1964 1844 2055 1898 τοῦ

477 1936 761 2017 συμφέρον.
817 1934 957 1994 Ἀντ.
984 1928 1439 2009 ·,Ἀνασωζομένῳ,
1487 1931 1647 2004 quod
1677 1927 1781 1986 cur
1823 1948 2057 2005 sperna-

478 2046 603 2083 mus
632 2036 871 2101 propter
892 2024 1139 2098 Diphili,
1182 2020 1424 2090 Eubuli,
1452 2016 1771 2093 Hipparchi
1799 2020 2055 2075 dramata

478 2115 745 2187 inscripta
772 2107 1216 2184 Ἀνασωζόμενοι,
1254 2126 1377 2162 non
1414 2106 1671 2181 intelligo
1688 2147 1704 2176 ,
1727 2124 1914 2179 neque
1942 2106 2056 2160 hoe

477 2212 755 2275 praestem.
803 2224 826 2249 n
871 2202 958 2256 De
996 2198 1174 2253 verbo
1208 2191 1471 2273 διαφέρειν
1507 2213 1563 2253 v.
1604 2196 1915 2269 Koppiers.
1947 2193 2056 2249 Ob·

478 2308 620 2347 serv.
646 2308 708 2363 p.
743 2307 764 2342 1
785 2307 838 2345 1.
867 2287 1233 2361 Antiphaneae
1269 2283 1475 2339 sabulae
1502 2284 1838 2339 memoriam
1879 2283 2055 2337 latere

478 2376 541 2431 in
569 2377 737 2432 titulo
758 2376 932 2451 Corp.
961 2375 1167 2431 i‘nscrr.
1198 2391 1223 2427 1
1247 2414 1264 2443 ,
1284 2390 1345 2447 p.
1379 2370 1516 2441 354,
1536 2382 1702 2427 acute
1733 2370 1875 2426 vidit
1894 2372 2059 2427 Boec-

476 2464 663 2522 libius.
700 2487 726 2515 ιι
760 2464 937 2523 Μαίη.

906 2618 1089 2678 xm.
1143 2616 1624 2677 ΑΝΔΡΟΜΕΔΑ.

560 2777 790 2834 Antiatt.
814 2792 877 2851 p.
924 2772 1053 2843 106,
1086 2777 1185 2840 24,
1226 2766 1475 2847 Λείψας
1516 2788 1531 2824 2
1575 2766 1688 2825 ἀντὶ
1728 2771 1818 2825 τοῦ
1858 2765 2046 2825 λιπών.

482 2860 849 2944 Ἀριστοφάνης
893 2856 1232 2940 Ἀνδρομέδᾳ.
1290 2857 1451 2914 Malit
1488 2857 1663 2915 Mein.
1710 2852 2050 2935 Ἀντιφάνης,

482 2952 641 3028 quod
664 2967 871 3010 nomen
899 2967 1017 3006 non
1039 2965 1172 3005 raro
1192 2963 1322 3004 cum
1346 2946 1446 3002 illo
1474 2944 1791 3004 confusum.

983 3127 1139 3194 xlv.
1184 3124 1539 3188 ΔΝΤΑῙΟΣ.

564 3286 771 3342 Athen.
812 3303 905 3355 12,
928 3302 991 3359 p.
1022 3281 1171 3353 544,
1198 3283 1243 3338 F
1276 3301 1291 3336 t
1321 3278 1459 3341 Ἀντ.
1493 3279 1539 3336 δ’
1580 3279 1635 3334 ἐν
1674 3274 1895 3356 Ἀνταίῳ
1935 3276 2055 3356 περὶ

486 3375 581 3444 τῆς
608 3375 713 3432 τῶν
739 3369 1035 3451 φιλοσόφων
1055 3367 1433 3448 τρυφερότητος
1458 3363 1824 3443 διαλεγόμενός
1857 3387 2016 3446 φησιν

579 3525 644 3567 α.
689 3479 742 3564 1⁷2
773 3493 931 3580 ’τᾶν,
963 3499 1290 3577 κατανοεῖς,
1314 3492 1407 3569 τίς
1435 3483 1585 3558 ποτ’
1605 3494 1764 3558 ἐστιν
1791 3491 1994 3558 οὑτοσὶ

579 3609 611 3669 ὀ
642 3605 860 3697 γέρων.
908 3605 972 3686 β.
1008 3595 1144 3668 Ᾱπὸ
1176 3609 1284 3676 τῆς
1325 3599 1430 3689 μὲν
1470 3595 1662 3686 ὅψεως
1694 3593 2048 3675 Ἑλληνικός·

577 3714 754 3784 λευκὴ
787 3706 1020 3798 χλανὶς,
1050 3699 1085 3735 ⁴*
1116 3706 1285 3796 φαιὸς
1313 3703 1677 3797 χιτωνίσκος
1710 3703 1920 3787 καλὸς,

578 3805 845 3880 πιλίδιον
880 3811 1145 3895 ἁπαλὸν,
1188 3809 1459 3903 εὔρυθμος
1502 3809 1801 3900 βακτηρία
1818 3855 1837 3891 ,

486 3921 529 4000 l,
578 3912 613 3948 ⁴⁸
645 3915 793 4002 βαιὰ
817 3909 1109 4009 τράπε-ζα.
1146 3915 1228 3982 Τί
1258 3913 1455 4007 μακρὰ
1490 3907 1592 3978 δεῖ
1608 3915 1843 4005 λέγειν,
1876 3915 2032 3991 ὅλως

582 4026 767 4096 αὐτὴν
798 4025 937 4112 ὁρᾶν
967 4018 1081 4114 γὰρ
1112 4026 1218 4093 τὴν
1244 4011 1604 4109 Ᾰκαδημίαν
1641 4008 1829 4086 δοκῶ.

490 4203 515 4228 «ι
550 4181 727 4234 Versu
750 4197 783 4233 2
806 4172 1115 4246 Ἑλληνικὸς
1132 4194 1243 4249 pro
1266 4171 1498 4252 Ἕλλην,
1526 4186 1592 4231 ut
1616 4174 1920 4241 Λακωνικὸς
1945 4197 2053 4251 pro

484 4263 679 4324 Λάκων
722 4265 1010 4340 Aristoph.
1060 4265 1297 4338 Lysistr.
1350 4263 1527 4333 1226,
1569 4265 1703 4319 Pac.
1752 4281 1887 4322 212.
1918 4270 1988 4325 V.
2020 4265 2052 4322 3

484 4351 666 4432 φαιὸς,
688 4365 757 4409 ut
776 4353 926 4412 Plut.
958 4351 1073 4409 Vit.
1100 4355 1313 4408 Anton.
1345 4349 1444 4420 80,
1484 4351 1558 4407 de
1588 4352 1929 4408 Philostrato
1955 4373 2053 4409 so-

484 4442 667 4516 phista
692 4461 706 4497 2
740 4441 768 4497 ὁ
788 4436 843 4498 δὲ
865 4435 1095 4516 πώγωνα
1128 4435 1309 4496 πολιὸν
1340 4434 1515 4502 καθεὶς
1542 4437 1632 4495 καὶ
1656 4436 1852 4517 φαιὸν
1884 4440 1904 4496 i
1927 4462 1968 4514 μ
1983 4439 2053 4498 οἱ·-

485 4551 517 4584 τ
532 4550 548 4583 ι
568 4548 636 4584 ον
660 4523 1089 4606 περιὸαλόμενος.
1126 4525 1352 4603 (Malim
1380 4525 1554 4592 καλῶς
1569 4566 1586 4595 ,
1611 4545 1683 4582 ne
1703 4528 1934 4583 sordida
1957 4531 2054 4585 illa

1107 4721 1433 4779 ANTAEUS.

562 4833 614 4872 a.
648 4815 837 4872 Amiee
854 4855 869 4884 ‚
899 4817 1051 4872 nosti
1072 4816 1199 4888 quis
1216 4816 1505 4888 qualisque
1530 4816 1621 4873 hie
1642 4819 1711 4874 sit
1726 4823 1926 4874 senex?

560 4901 615 4956 b.
644 4901 1009 4974 GraJ’ugenam
1028 4900 1099 4957 ab
1125 4901 1243 4974 ipso
1273 4902 1401 4958 lieet
1425 4911 1647 4976 aspectu
1668 4919 1994 4976 agnoscere:

562 4988 791 5046 Pulchra
814 4996 977 5059 atque
992 4987 1139 5058 pulla
1169 4988 1373 5054 tunica,
1394 4987 1635 5046 candens
1666 4990 1910 5060 pallium,

492 5085 524 5132 5
566 5075 827 5133 Pileolum
854 5075 1043 5142 molle,
1068 5075 1293 5131 baculus
1320 5073 1498 5132 faetus
1520 5075 1731 5132 affabre
1756 5119 1769 5144 ‚

562 5171 805 5240 Crupeza
834 5164 1031 5220 tenuiS.
1058 5163 1149 5220 Nil
1176 5162 1323 5218 dieto
1341 5178 1479 5235 opus
1502 5173 1587 5220 est
1604 5165 1839 5235 amplius
1872 5185 1885 5220 z

566 5255 811 5323 Namque
830 5251 1001 5320 ipsam
1036 5249 1219 5306 videor
1244 5249 1375 5304 mihi
1395 5257 1642 5322 spectare
1666 5247 2032 5306 Academiam.

2103 2156 2117 3816 Ἥ--ψ

2137 866 2303 903 nuem
2332 865 2584 917 coenam,
2607 866 2720 920 qua
2745 845 2906 902 illum
2929 846 3017 901 uti
3041 863 3108 901 ex
3147 856 3272 900 toto
3296 847 3536 919 corporis
3565 848 3644 899 ha·

2135 935 2295 1009 bitu,
2321 944 2378 992 et
2396 934 2558 1009 quod
2581 930 2812 989 Graecus
2847 945 3006 1002 erat,
3045 931 3295 1005 conjicit.
3331 956 3354 981 ι»
3387 934 3435 987 Ε
3453 934 3644 987 M.1mo

2137 1022 2433 1079 manifesto
2470 1032 2805 1095 corruptum
2827 1030 2909 1077 est
2927 1017 3160 1098 τράπεζα
3176 1062 3192 1089 ,
3229 1040 3263 1075 κ
3297 1029 3352 1075 et
3373 1040 3422 1089 τ,
3446 1022 3646 1092 itemque

2139 1130 2172 1165 α
2216 1122 2273 1167 et
2295 1132 2380 1181 ου,
2411 1108 2658 1167 confusis
2689 1120 2756 1165 ut
2777 1110 2935 1183 alias,
2971 1126 3080 1165 nec
3105 1107 3282 1163 dubie
3307 1106 3646 1180 reponendum

2139 1195 2472 1276 κρούπεζα
2505 1194 2696 1275 βαιὰ,
2721 1214 2960 1271 crupeza
2981 1194 3054 1273 (i.
3081 1214 3134 1253 e.
3163 1195 3315 1251 solea
3333 1195 3532 1269 lignea,
3551 1196 3648 1248 sub·

2137 1284 2387 1359 liganda,
2407 1284 2426 1361 )
2449 1290 2624 1341 tenuis
2640 1328 2658 1354 ,
2687 1303 2807 1339 non
2831 1283 2969 1352 alta,
2995 1294 3062 1338 ut
3077 1284 3408 1339 Boeotorum
3429 1294 3480 1337 et
3501 1283 3648 1337 tibici-

2139 1392 2274 1429 num
2297 1392 2310 1429 ;
2335 1393 2393 1433 v.
2419 1390 2556 1433 ann.
2577 1372 2648 1429 ad
2673 1367 2943 1441 Αὐλητὴν,
2967 1372 3178 1428 Cratini
3205 1371 3410 1429 Incert.
3441 1370 3558 1427 153.
3575 1372 3650 1425 Ce-

2139 1472 2325 1517 terum
2367 1462 2545 1520 codd.
2588 1462 2707 1517 sere
2773 1479 2964 1517 omnae
3009 1456 3200 1536 βεὸαία
3215 1501 3234 1531 ,
3275 1478 3392 1514 non
3433 1457 3562 1534 βαιά.
3601 1462 3648 1511 V.

2141 1548 2176 1603 6
2205 1548 2472 1603 Dindorf.
2503 1544 2871 1621 Ἀκαδήμειαν.
2899 1572 2924 1597 «ι
2954 1550 3042 1603 De
3068 1547 3528 1604 Academicorum
3551 1544 3654 1621 φιλο·

2141 1632 2300 1712 κοιλίᾳ
2327 1655 2384 1694 v.
2417 1635 2715 1710 Epliippus
2743 1634 2941 1693 Nausr.
2972 1634 3006 1689 5
3029 1653 3188 1708 seqq.
3221 1635 3474 1691 Ceterum
3505 1652 3562 1689 ex
3591 1652 3648 1686 se—

2143 1722 2336 1779 cundo
2357 1742 2520 1781 versu
2539 1724 2767 1779 videtur
2785 1723 2979 1798 colligi
3003 1740 3168 1796 posse
3193 1722 3248 1795 (?
3265 1722 3282 1795 )
3297 1766 3311 1791 ,
3329 1740 3536 1779 scenam
3553 1720 3650 1775 dra·

2143 1814 2305 1869 matis
2330 1831 2450 1871 non
2472 1813 2639 1869 fuisse
2662 1813 2894 1870 Athenis
2915 1852 2935 1880 ,
2960 1823 3070 1868 etc.
3094 1811 3180 1869 cf.
3207 1813 3356 1868 nist.
3388 1812 3506 1869 crit.
3523 1812 3646 1867 com.

2139 1919 2203 1975 p.
2237 1902 2372 1961 312.
2413 1926 2438 1951 ν
2465 1902 2639 1957 Mee'n.

2687 2090 2816 2150 XV.
2863 2089 3168 2148 ΑΝΤΕΙΛ.

2227 2300 2251 2325 ι
2275 2280 2459 2331 Antea
2487 2277 2710 2333 samosae
2747 2276 2981 2352 quidem
3007 2275 3322 2330 meretricis
3335 2291 3547 2331 ouomen
3567 2272 3656 2332 suit.

2149 2382 2267 2438 quo
2293 2364 2544 2420 fabulam
2577 2365 2863 2437 inscripsit
2890 2364 3167 2432 EunieuS,
3215 2374 3357 2419 teste
3381 2364 3564 2419 Athen.
3593 2359 3656 2429 13,

2144 2470 2207 2527 p.
2243 2450 2381 2522 586,
2412 2454 2480 2523 Ε,
2509 2451 2610 2506 ubi
2639 2470 2760 2506 non
2793 2460 3308 2519 commemoratur,
3349 2461 3588 2522 tanquam
3607 2446 3656 2498 ab

2146 2538 2347 2593 eadem
2385 2538 2758 2612 appellatum,
2791 2536 3126 2611 Antiphanis
3161 2536 3380 2592 drama.
3421 2539 3592 2608 ltaque
3619 2532 3656 2583 id
3704 2590 3705 2595 χ

2147 2624 2220 2679 ad
2249 2625 2464 2683 lobatae
2487 2623 2666 2680 filiam
2703 2634 2761 2679 et
2791 2624 3292 2698 Bellerophontem
3317 2624 3511 2699 (Hom.
3539 2622 3592 2679 ΙΙ.
3617 2620 3658 2680 6,
3704 2646 3705 2649 “

2153 2709 2302 2787 160)
2336 2713 2694 2787 spectaverit.
2725 2714 2808 2767 Ex
2835 2712 3128 2785 prioribus
3151 2720 3351 2767 autem
3385 2706 3658 2783 Antiphani*
3704 2702 3705 2785 3

2148 2801 2350 2857 fabulis
2373 2802 2562 2870 fuisse,
2588 2800 2836 2857 ostendit
2862 2800 3095 2856 Peronis
3115 2800 3500 2875 unguentarii,
3526 2797 3660 2851 'Ilieo-
3704 2788 3705 2874 3

2147 2890 2345 2964 pompi
2369 2888 2574 2945 comici
2595 2888 2826 2962 aequalis
2843 2931 2859 2960 ,
2881 2889 3095 2944 mentio
3128 2888 3337 2947 Athen.
3373 2886 3461 2962 15,
3487 2904 3538 2960 p.
3555 2884 3659 2956 690,

2148 2978 2227 3047 C;
2250 2995 2319 3034 ex
2349 2996 2468 3051 quo
2496 2977 2746 3032 fabulam
2777 2977 2929 3032 cirea
2959 2975 3195 3050 olymp.
3237 2996 3352 3032 100
3391 2977 3539 3050 (ante
3561 2973 3657 3028 Chr.

2144 3074 2264 3124 nat.
2296 3062 2593 3141 379-376)
2620 3074 2804 3120 actam
2831 3082 2948 3120 esse
2993 3063 3292 3136 conjicias.
3333 3063 3534 3120 Eadem
3571 3071 3660 3134 post

2147 3153 2218 3208 ab
2243 3152 2514 3221 Alexide,
2546 3153 2745 3226 paucis
2768 3152 2910 3207 locis
2939 3150 3102 3207 valde
3137 3161 3396 3220 mutata,
3427 3153 3600 3206 iterum
3623 3147 3658 3196 in

2149 3250 2436 3298 certamen
2481 3240 2780 3296 commissa
2809 3250 2921 3309 est,
2948 3249 3086 3294 teste
3130 3239 3347 3298 Athen.
3395 3239 3448 3309 3,
3471 3257 3525 3311 p.
3565 3253 3656 3300 1²3

2145 3329 2219 3383 B:
2247 3323 2308 3384 τὸ
2335 3324 2460 3384 αὐτὸ
2487 3326 2665 3405 δρᾶμα
2693 3323 2904 3406 φέρεται
2931 3323 3022 3383 καὶ
3045 3327 3117 3392 ὣς
3145 3323 3418 3396 Ἀλέξιδος,
3455 3325 3504 3384 ἐν
3523 3319 3662 3396 ὀλίγοις
3702 3375 3703 3398 3

2147 3411 2346 3492 σφόδρα
2371 3413 2699 3472 διαλλάττον.
2733 3437 2758 3465 ι
2779 3417 2830 3470 Ε
2863 3415 2950 3473 Μ.
3701 3407 3703 3490 3

2904 3608 2954 3646 1.
3702 3537 3703 3600 3

2227 3736 2434 3793 Athen.
2465 3735 2605 3809 3‚p.
2645 3753 2749 3806 127
2772 3776 2788 3803 ,
2813 3733 2860 3791 B
2899 3755 2914 3789 ε
2954 3731 3086 3800 λέξω
3129 3732 3184 3790 δὲ
3221 3735 3433 3812 πρῶτον
3469 3730 3569 3810 περὶ
3601 3727 3660 3782 τοῦ

2146 3820 2364 3900 χόνδρου
2380 3864 2395 3893 ,
2427 3819 2759 3900 Ἀντιφάνους
2782 3819 3190 3899 παρατιθέμενος
3212 3818 3265 3887 ἐξ
3293 3819 3512 3884 Ἀντείας
3525 3815 3634 3874 τάδε·

2246 3998 2304 4036 α.
2349 3967 2427 4038 ὲν
2461 3979 2594 4049 ταῖς
2617 3971 2890 4063 σπυρίσιν
2923 3965 2995 4037 δὲ
3021 3971 3085 4036 τί
3117 3977 3260 4036 ποτ’
3309 3973 3526 4048 ἔνεστι,
3561 3965 3660 4054 5117--

3527 4090 3664 4136 urz:

2251 4189 2314 4266 β.
2353 4177 2433 4250 Ἐν
2465 4190 2596 4260 ταῖς
2623 4181 2815 4275 τρισὶν
2851 4183 2957 4272 μὲν
2979 4173 3235 4275 χόνδρος
3271 4181 3484 4274 ἀγαθὸς
3517 4189 3664 4264 Most·

3529 4303 3662 4374 ρικος.
3699 4301 3701 4330 1

2245 4419 2306 4460 α.
2332 4399 2422 4461 Οὐ
2447 4395 2822 4460 Θετταλικὸν
2847 4393 2949 4458 τὸν
2980 4393 3243 4484 χρηστὸν
3271 4389 3426 4459 εἷναί
3449 4413 3572 4480 φασι
3587 4377 3664 4447 δτᾈ
3700 4397 3701 4432 2

2251 4503 2310 4582 β.
2345 4491 2684 4590 Σεμίδαλις
2711 4501 2778 4564 ἐκ
2797 4499 3037 4574 Πέλλης
3067 4490 3277 4588 σφόδρ’
3314 4493 3630 4580 ἐζητημέντ.
3699 4477 3701 4608 3

2801 4715 3042 4770 ANTEA
3055 4755 3066 4766 .

2902 4848 2925 4896 1
2941 4885 2952 4895 .

2145 4991 2195 5030 a.
2231 4975 2292 5027 111
2313 4971 2511 5044 sportis
2533 4981 2715 5028 autem
2741 4971 2870 5044 quid
2894 4967 3114 5026 tandem
3137 4969 3308 5036 inaet,
3335 4959 3652 5025 amicissime?

2146 5059 2200 5115 b.
2233 5063 2293 5115 111
2315 5059 2489 5115 tribus
2506 5057 2726 5132 quidem
2747 5059 3017 5115 triticeum
3035 5057 3117 5114 sar
3132 5057 3342 5114 bonum
3361 5049 3662 5123 Megaricum·
3697 5099 3699 5128 3

2146 5161 2194 5202 a.
2229 5149 2421 5201 Nonne
2449 5145 2824 5201 Thessalicum
2849 5161 2980 5202 sane
3001 5145 3208 5202 lautum
3237 5159 3354 5202 esse
3377 5138 3580 5198 dicunt?
3697 5131 3699 5178 ἕ

2145 5233 2197 5285 b.
2232 5231 2418 5287 Simila
2447 5229 2640 5288 Pelloea
2666 5229 2823 5288 valde
2847 5232 3132 5304 expetitur.
3697 5191 3699 5246 λ
