3809 5850
585 358 696 409 ⁴62

1607 345 1880 404 MEmAE
1922 341 2331 404 COMOEmAE
2372 343 2789 416 RELlQUlAE.

580 489 787 534 nostrae
821 479 914 536 ed.
960 477 1156 552 Rom.)
1207 497 1220 530 ε
1264 475 1364 532 sed
1405 478 1728 536 Atticorum
1767 495 2001 551 quoque
2054 476 2147 530 ci·
2192 487 2203 536 1
2243 474 2333 530 τοῦ
2372 471 2621 550 ἀκράτου.
2657 475 2891 530 Plautus
2923 475 3044 532 Cas.
3084 474 3139 542 3,
3172 474 3223 544 5,
3260 475 3319 532 16
3352 477 3451 533 :Se
3482 473 3663 564 pei-russii¹

581 571 733 622 vium
754 609 771 636 ‚
797 579 862 624 ut
884 567 1132 624 ostendit
1149 567 1348 622 titulus
1371 565 1546 640 Coi-p.
1577 566 1869 640 Inscriptt.
1899 563 2151 622 Boeckhii
2192 545 2204 635 Ι
2244 561 2377 620 aare
2400 564 2612 644 Liber&
2648 562 2885 619 Ovidius
2910 562 3141 618 Remed.
3168 581 3251 618 am
3281 562 3403 628 145:
3428 569 3559 620 multo
3582 565 3663 642 tenu]

587 673 642 730 1,
673 675 730 732 p.
772 673 911 730 29⁴2,
943 653 1049 730 533
1091 665 1147 708 et
1176 655 1235 708 in
1266 671 1416 707 nova
1448 653 1734 708 eomoedia
1769 654 1938 709 Sicon
1964 660 2151 726 partes
2185 651 2213 672 '
2236 669 2384 723 pora
2412 669 2609 737 quassa
2638 669 2809 710 mero.
2846 675 2873 702 n
2908 652 2957 704 E
2982 652 3068 708 M.
3661 649 3662 654 '

581 745 904 799 sustinuisse
955 742 1181 799 videtur
1224 743 1471 796 hominis
1531 743 1844 798 liberaliter
1897 739 2149 816 prodigi.

580 833 917 888 'themistius
938 833 1098 889 Orat.
1129 829 1227 905 34,
1264 849 1328 905 p.
1367 829 1481 900 462
1508 829 1602 889 ed.
1629 831 1804 890 Dind.
1838 827 1937 887 ετὸ
1976 825 2031 884 δὲ
2060 825 2151 884 καὶ

555 924 685 984 ’τοῖς
714 916 1018 997 χρήσασθαι
1052 917 1280 988 δεηθεῖσι
1315 918 1492 974 δοῦναι
1534 916 1755 997 δωρεὰν,
1789 915 1880 974 καὶ
1918 913 2153 981 πλείονός

581 1027 642 1084 γε
691 1006 897 1077 [δοῦναι
931 1003 1164 1084 δωρεὰν]
1203 999 1375 1082 ἢὸσῳ
1414 1005 1645 1084 χρῆσθαι
1683 1002 1879 1082 ᾔτησε,
2036 999 2151 1060 τίνα

581 1094 918 1166 Ἀλκιὸιάδην
963 1093 1060 1173 οὐχ
1103 1089 1434 1170 ὕπερὸαίνει,
1466 1091 1584 1150 τίνα
1637 1092 1851 1152 Σίκωνα
1889 1093 1984 1150 οὐκ
2022 1093 2151 1149 ἀπο-

581 1182 751 1264 φαίνει
781 1180 1107 1260 Σμικρίνην;
1139 1178 1351 1240 Σίκωνα
1395 1180 1610 1252 codex,
1637 1199 1744 1238 nec
1781 1191 1939 1238 recte
1972 1178 2155 1252 Maius

581 1284 639 1328 et
655 1272 828 1331 Dind.
850 1267 1074 1346 Κίμωνα
1098 1290 1114 1326 2
1141 1271 1314 1326 Sicon
1334 1269 1622 1326 Smicrinae
1641 1311 1658 1338 ‚
1677 1269 1898 1326 homini
1924 1267 2155 1327 sordide

581 1379 754 1418 avaro
772 1403 790 1431 ,
819 1360 1136 1435 opponitur
1159 1377 1174 1417 t
1198 1378 1256 1413 v.
1282 1375 1416 1416 ann.
1439 1357 1512 1414 ad
1530 1358 1904 1414 Menandrum
1920 1376 1982 1432 p.
2009 1363 2107 1431 49.
2127 1380 2153 1407 ν

581 1452 633 1506 Ε
653 1452 741 1507 Μ.
781 1451 846 1506 v.
887 1454 922 1516 t.
961 1446 1226 1507 Μενδαῖον
1257 1434 1476 1526 (οἶνον).
1511 1448 1719 1503 vinum
1755 1445 2007 1522 ignobile
2034 1445 2154 1499 Ma-

581 1539 922 1600 cedonicum
959 1536 1050 1612 (v.
1091 1537 1273 1596 Thue.
1321 1542 1390 1606 4,
1437 1534 1574 1606 123,
1599 1533 1784 1614 αα),
1825 1533 1927 1590 vili
1961 1529 2152 1608 pretio

582 1638 911 1703 coemptum
934 1638 992 1684 et
1015 1625 1392 1686 immoderate
1415 1625 1682 1684 haustum
1707 1643 1742 1682 11
1764 1624 2021 1684 servulo.
2044 1625 2153 1683 Le·

579 1716 821 1794 gebatur
861 1711 1067 1774 πίπωκ’
1108 1709 1212 1794 ἐγὼ
1251 1711 1329 1788 μὰ
1367 1710 1472 1772 Δία
1511 1711 1702 1786 Μενδ.,
1745 1732 1872 1788 quae
1905 1712 2157 1778 correxit

582 1806 870 1866 Hanovius
899 1804 1099 1865 Exere.
1137 1805 1290 1864 critt.
1323 1821 1380 1880 p.
1407 1799 1502 1872 45.

1339 1912 1396 1969 6.

658 2028 748 2084 lb.
779 2047 838 2104 p.
871 2027 981 2102 28,
1006 2029 1051 2086 F
1079 2046 1093 2081 ε
1133 2023 1397 2102 μέμνηται
1425 2021 1480 2082 δὲ
1515 2015 1664 2090 οὗτος
1707 2021 2033 2103 (Eubulus)
2064 2021 2153 2082 καὶ

583 2114 780 2176 Ψιθίου
805 2112 942 2174 οἴνου
955 2137 968 2150 ·
1896 2147 1900 2151 -

679 2223 860 2296 Οἶνον
890 2227 1004 2321 γάρ
1041 2252 1115 2317 με
1142 2199 1347 2293 Ψίθιον
1379 2226 1594 2317 γεύσας

676 2323 824 2408 ἡδὺν
859 2331 1142 2426 ἄκρατον,
1173 2325 1452 2421 διψῶντα
1477 2325 1681 2402 λαὸὼν

679 2439 802 2521 ὄξει
833 2439 1002 2509 παίει
1035 2437 1180 2530 πρὸς
1209 2437 1292 2504 τὰ
1323 2438 1536 2511 στήθη.
1689 2503 1697 2509 ,

582 2567 652 2624 V.
690 2585 714 2621 1
743 2561 912 2638 ψιθίου
938 2564 1080 2622 BCD
1097 2605 1112 2633 ,
1140 2559 1326 2642 ψυθίου
1353 2565 1472 2624 VL.
1497 2563 1650 2622 Illud
1666 2579 1878 2620 nomen
1894 2563 2155 2640 plerique

583 2654 795 2710 habent
823 2652 990 2710 Plinii
1023 2651 1220 2726 codd„
1257 2653 1396 2710 item
1427 2652 1638 2710 Statius
1671 2653 1811 2710 Silv.
1849 2657 1909 2722 4,
1948 2671 2011 2728 9,
2046 2652 2152 2726 383

583 2741 684 2797 sed
701 2743 937 2797 alterum
961 2757 1194 2813 quoque
1217 2739 1468 2796 ostendit
1490 2740 1705 2795 Plinius
1723 2783 1748 2812 ,
1762 2741 1915 2796 sicut
1947 2742 2154 2798 Nican-

586 2829 690 2885 der
715 2827 981 2902 Alexiph.
1025 2828 1171 2896 181,
1215 2828 1460 2901 Hesych.
1509 2847 1562 2882 v.
1595 2825 1803 2898 Ψιθία,
1843 2828 2157 2888 Columella

585 2918 660 2973 R.
687 2919 763 2975 R.
796 2915 863 2987 3,
905 2934 964 2986 2,
1010 2921 1108 2983 114.
1145 2915 1361 2971 Plinius
1395 2917 1470 2974 H.
1503 2915 1575 2970 N.
1611 2919 1710 2987 14,
1741 2935 1779 2991 9
1818 2936 1830 2970 :
1879 2917 2155 2973 Psithmm

584 3003 941 3084 (Psytlu'um)
972 3016 1032 3059 et
1055 3003 1535 3077 Melampst‘tlu'um
1563 3010 1720 3078 passi
1748 3022 1961 3079 genera
1993 3018 2121 3061 sunt
2134 3047 2152 3076 ,

582 3113 739 3149 suum
789 3111 1045 3169 saporem
1061 3130 1082 3160 ,
1137 3110 1250 3149 non
1301 3096 1430 3149 vini
1442 3134 1457 3159 ,
1517 3088 1842 3163 referentia.
1889 3093 2185 3168 Virgilius.

584 3184 795 3257 Georg.
829 3200 889 3251 a,
922 3180 998 3257 93
1047 3200 1060 3235 :
1099 3198 1270 3253 passo
1305 3178 1528 3237 Psieht'a
1577 3180 1764 3258 (vitis)
1806 3182 2016 3252 titillor,
2054 3181 2156 3237 ubi

583 3290 640 3328 v.
662 3271 912 3343 interpp.
951 3292 976 3317 α
1006 3270 1134 3324 Hoc
1153 3268 1248 3325 ille
1270 3267 1411 3324 dicit
1435 3288 1448 3321 :
1476 3270 1665 3340 Quum
1684 3280 1850 3325 antea
1865 3270 2156 3343 Psythium

584 3358 894 3431 (Psithium
914 3357 1129 3416 malim.
1148 3352 1343 3433 Both.)
1367 3358 1557 3412 vinum
1575 3358 1714 3413 mihi
1739 3356 2153 3433 degustandum

583 3447 858 3518 dedisset,
902 3464 1090 3514 nunc,
1137 3444 1416 3501 sitientem
1444 3445 1672 3515 videns,
1712 3454 1933 3501 acetum
1968 3446 2054 3519 (h.
2097 3466 2152 3504 e.

581 3534 694 3589 vile
737 3534 964 3608 viuum)
995 3532 1264 3589 infundit.
1335 3527 1514 3590 Γεῦειν
1555 3551 1686 3589 cum
1730 3534 2051 3590 accusativo
2100 3545 2158 3590 et

581 3637 838 3695 personae
873 3630 933 3677 et
971 3621 1056 3677 rei
1093 3618 1394 3691 conjunxit
1427 3620 1597 3676 etiam
1631 3620 2036 3694 Theopompus
2060 3623 2156 3677 In-

584 3719 724 3765 cert.
766 3708 860 3780 13,
887 3709 1052 3765 simul
1073 3727 1216 3765 voce
1241 3704 1352 3774 ὅξος
1378 3708 1459 3765 ita
1487 3720 1754 3783 usurpata
1792 3726 1806 3765 ε

739 3853 821 3863 ·-
841 3817 980 3885 Τοὺς
997 3816 1268 3889 Ἓλληνας
1284 3818 1497 3889 ἥδιστον
1519 3818 1676 3876 ποτὸν

661 3904 951 3983 ἐλευθερίας
976 3904 1254 3982 γεύσαντες
1283 3902 1395 3971 ὄξος
1417 3902 1653 3983 ἐνέχεαν.

583 4020 648 4075 V.
676 4016 709 4072 3
731 4012 834 4082 ὄξει
861 4013 1035 4087 παίει,
1065 4027 1130 4073 ut
1153 4014 1462 4077 Κατακολλ.
1496 4035 1516 4073 1
1533 4058 1550 4086 ,
1571 4014 1782 4097 ἀκράτῳ
1807 4038 1841 4073 κ
1857 4020 2001 4097 ροῧε
2020 4041 2033 4054 ·
2052 4022 2148 4075 Ti-

581 4106 792 4166 mocles
832 4104 1021 4161 Conis.
1059 4123 1084 4159 1
1125 4123 1140 4163 z
1181 4100 1462 4171 πατάξω
1489 4123 1548 4160 σε
1581 4102 1828 4179 μεγάλοις
1862 4104 2152 4183 ποτηρίοις·
2210 4160 2221 4169 ,

583 4190 819 4263 Amphis
845 4186 1070 4265 Ἐρίθων
1102 4190 1170 4247 fr.
1203 4208 1237 4245 2
1267 4209 1282 4246 τ

661 4302 690 4357 ὃ
719 4300 840 4366 παῖς
860 4322 932 4359 σο
945 4298 981 4359 6
990 4300 1046 4360 εί
1055 4324 1141 4359 τω
1167 4301 1274 4367 τοῖς
1301 4300 1566 4379 ποτηρίοις
1593 4303 1822 4369 πυκνοῖς.

585 4412 786 4469 Athen.
805 4432 866 4489 p.
893 4411 1022 4484 168,
1039 4413 1113 4488 Β,
1134 4410 1316 4470 διασε
1332 4434 1349 4468 ι
1365 4412 1441 4487 ὀμ
1458 4434 1587 4469 ενοι
1611 4411 1726 4478 τοὺς
1743 4413 2033 4493 κροτάφους
2056 4412 2156 4472 ὑπὸ

597 4488 3662 4541 Ἣ.

1337 4582 1392 4635 6.

2322 865 2409 924 lb.
2440 869 2492 922 D
2519 881 2533 924 Ξ
2560 863 2631 926 Ε.
2666 861 2723 922 δέ
2750 884 2879 944 φησι
3000 787 3057 838 7.

2437 1023 2537 1032 -
2564 975 2728 1050 Κ-νίδ
2736 1007 2799 1048 ια
2822 982 3109 1074 κεράμια,

2344 1084 2563 1158 Σικελὰ
2594 1086 2890 1174 βατάνια,
2922 1087 3226 1182 Μεγαρικά
3254 1083 3385 1179 (τε)
3410 1087 3636 1154 πιθάκνια.
3661 1151 3662 1186 ἦ

2246 1216 2400 1274 Libri
2428 1211 2711 1286 Σικελικὰ,
2739 1227 2807 1274 ut
2826 1213 3133 1276 Κατακολλ.
3156 1233 3189 1269 a
3204 1255 3219 1284 ,
3244 1214 3385 1293 quod
3404 1225 3471 1272 est
3486 1216 3663 1298 glossemi

2244 1304 2445 1365 formae
2481 1305 2866 1382 exquisitioris
2900 1314 2958 1359 et
2999 1314 3180 1363 metro
3209 1315 3367 1380 aptae,
3395 1322 3531 1376 quam
3564 1306 3663 1358 Mein

2245 1395 2512 1453 restituit.
2560 1389 2637 1456 Ti
2682 1393 2871 1450 versui
2904 1391 3220 1467 supplendo
3256 1392 3563 1450 necessarium
3586 1392 3662 1444 fuit

2246 1483 2340 1540 cui
2366 1482 2545 1540 simile
2573 1503 2659 1540 πι-
2692 1483 2941 1539 vicinum
2966 1481 3235 1540 offecerit.
3661 1495 3662 1502 ¹

3008 1593 3062 1650 8.

2324 1709 2412 1765 lb.
2440 1727 2502 1783 p.
2532 1727 2642 1783 29,
2684 1711 2764 1778 A,
2788 1708 2893 1764 ubi
2922 1707 2997 1764 de
3021 1707 3185 1764 variis
3214 1705 3474 1782 generibus
3494 1705 3577 1758 vini
3602 1703 3662 1760 dis,

2246 1798 2382 1853 serit
2412 1816 2428 1852 1
2456 1799 2521 1852 Ε.

2344 1905 2399 1980 ὁ
2440 1903 2773 1989 Λευκάδιος
2800 1911 3055 2004 πάρεστι
3072 1960 3091 1998 ,
3118 1911 3217 1980 καὶ
3243 1905 3416 2004 (μὴν)
3448 1907 3650 2000 μελίτων,

2344 2015 2602 2095 οἰνίσκος
2630 2021 2789 2086 οὕτω
2816 2018 3099 2109 πότιμος.

2250 2147 2427 2202 Versu
2466 2165 2489 2202 1
2528 2147 2671 2204 BCD
2708 2142 3000 2219 μιλίττιος,
3034 2146 3081 2201 V
3120 2140 3371 2220 μιλήσσιον
3388 2183 3402 2211 ,
3427 2143 3465 2196 L
3492 2136 3653 2212 μιλτζσιος

2250 2234 2411 2311 quod
2440 2233 2673 2308 quidem
2706 2235 2915 2309 legitur
2955 2235 3015 2288 in
3042 2233 3273 2308 vulgatis
3308 2231 3457 2286 libris.
3482 2227 3563 2282 Sed
3582 2225 3663 2281 beni

2249 2333 2448 2380 monet
2483 2325 2653 2381 Mein.
2686 2321 2971 2378 Milesium
3015 2324 3203 2378 vinum
3241 2335 3479 2392 nusquam
3507 2329 3655 2370 comme

2246 2412 2499 2480 morari,
2526 2429 2715 2484 neque
2742 2428 2801 2466 se
2839 2410 3104 2466 dubitare
3134 2409 3266 2482 quin
3302 2404 3435 2461 aliud
3456 2419 3603 2457 nomen
3620 2399 3663 2470 1111Ξ

2249 2509 2377 2555 teat.
2404 2498 2474 2555 ld
2494 2515 2625 2554 sane
2652 2507 2736 2552 est
2766 2493 3025 2572 μελίτιον,
3056 2495 3209 2570 quod
3232 2495 3383 2551 etiam
3406 2487 3597 2565 μελίτειον
3619 2483 3655 2537 di

2251 2585 2399 2644 citur
2412 2627 2431 2660 ,
2464 2583 2695 2646 aliunde
2728 2595 2933 2642 notum
2982 2596 3043 2644 et
3070 2585 3181 2643 hoc
3212 2584 3249 2642 l.
3290 2580 3569 2636 nominatum
3598 2566 3663 2626 οἰνΐ

2249 2692 2397 2746 σκος,
2424 2683 2490 2728 ut
2522 2671 2703 2728 simile
2731 2673 2866 2728 vino
2892 2690 3087 2752 passo.
3111 2670 3313 2729 Addidi
3334 2665 3437 2744 μήν.
3460 2667 3511 2723 V.
3538 2681 3562 2718 2
3590 2655 3663 2714 οὔτί·

2247 2754 2375 2816 πότ.
2394 2800 2413 2830 ,
2438 2764 2518 2814 sic
2542 2759 2816 2832 potabile,
2846 2759 2905 2816 h.
2927 2778 2982 2818 e.
3007 2761 3127 2816 sine
3150 2757 3298 2826 cibo,
3322 2765 3431 2810 ante
3442 2767 3617 2809 coenam,
3636 2758 3663 2797 ¹11

2247 2847 2523 2920 ejusmodi
2538 2849 2800 2925 potiones
2822 2847 2951 2904 bibi
2977 2849 3183 2916 solent,
3204 2845 3287 2902 vel
3298 2846 3372 2902 sic
3380 2885 3398 2914 ‚
3414 2835 3657 2894 ut‘rerentiu

2248 2939 2451 2993 Heaut.
2497 2934 2552 3006 3,
2590 2956 2644 3006 1,
2677 2942 2790 3011 49,
2828 2941 2911 2993 51⁸0
2944 2936 3073 3004 hoc,
3118 2936 3177 2995 h.
3208 2952 3255 2994 e.
3282 2928 3531 2988 secundum
3566 2923 3662 3015 fae,

2248 3042 2387 3081 num
2440 3024 2833 3093 mediocriter,
2881 3025 3205 3101 gennanice
3241 3042 3299 3079 so
3344 3039 3413 3077 so.
3450 3014 3535 3071 Sed
3566 3010 3663 3085 Psl⁰l

2250 3115 2401 3169 ratio
2444 3114 2625 3190 magis
2654 3116 2862 3187 placet.
2896 3115 3099 3191 Inepte
3122 3112 3244 3173 cod.
3265 3114 3309 3169 L
3337 3104 3457 3167 οὔπω
3478 3123 3525 3158 π.
3661 3118 3662 3121 ’

2324 3328 2412 3384 lb.
2436 3348 2498 3403 p.
2530 3327 2629 3397 34,
2654 3329 2749 3383 D:
2792 3326 2857 3385 E.
2892 3324 2951 3385 δι’
2974 3244 3075 3385 πῗῦ
3098 3346 3219 3407 φησι
3338 3354 3345 3359 -

2442 3481 2535 3491 -
2565 3444 2745 3511 Γύναι
2762 3490 2785 3528 ,
3638 3524 3647 3541 Ι

2346 3546 2601 3637 ῥάφανόν
2636 3572 2711 3638 με
2740 3544 3016 3638 νομίσασ’
3058 3546 3139 3627 εἰς
3168 3547 3267 3637 ἐμὲ
3296 3544 3357 3611 σὺ
3386 3542 3474 3611 τὴν
3499 3552 3663 3697 »puzzu

3626 3655 3663 3698 'sl

2348 3761 2592 3849 μέλλεις
2615 3760 2859 3849 ἀφεῖναι
2888 3764 3121 3849 πᾶσαν,
3144 3764 3227 3835 ’ὡς
3258 3752 3379 3847 ἐμοὶ
3399 3743 3559 3820 δοκεῖς·

2256 3912 2279 3937 α
2308 3888 2609 3964 crapulam
2632 3888 2878 3944 brassica
2898 3888 3089 3943 sedari
3110 3882 3462 3945 erediderunt,
3484 3862 3663 3927 111111111ῑὶ1

2247 3978 2593 4052 scriptorum
2621 3977 2761 4031 loeis
2778 3976 3055 4051 probavit
3089 3975 3218 4031 Ath.
3248 3994 3271 4023 ι
3294 3972 3339 4025 Ε
3366 3970 3440 4023 Μ.
3459 3988 3479 4011 ι
3501 3948 3662 4023 eomp‘l

2247 4066 2399 4121 latur
2444 4065 2533 4121 his
2578 4065 2767 4121 verbis
2804 4066 3015 4121 mulier
3042 4066 3161 4119 vini
3198 4063 3383 4132 iraque
3414 4052 3565 4126 pleni}
3590 4052 3663 4133 ¹³⁰ss

2248 4172 2427 4227 quum
2444 4153 2809 4209 vehementer
2826 4154 3053 4211 invecta
3070 4161 3207 4209 esset
3226 4150 3281 4207 in
3299 4143 3529 4201 hominem
3542 4137 3663 4225 nsscf‘i

2248 4261 2419 4316 quem
2442 4240 2539 4318 (in
2565 4242 2834 4297 maritum
2852 4282 2869 4312 ,
2897 4243 3129 4318 opinor.
3156 4236 3310 4294 Both.
3328 4232 3373 4307 ),
3390 4230 3487 4297 ille,
3504 4218 3663 4275 Videnn

2249 4330 2468 4403 inquit,
2498 4349 2586 4385 me
2614 4328 2825 4385 habere
2848 4348 2959 4404 pro
2987 4331 3252 4394 brassica,
3291 4327 3341 4376 in
3364 4332 3499 4393 quam
3528 4313 3663 4397 ΜΨ

2248 4430 2399 4472 tuam
2440 4419 2732 4491 crapulam
2761 4414 3053 4488 effundas.
3083 4436 3114 4471 a
3148 4417 3197 4470 Ε
3218 4410 3435 4468 Jacobsie·
3462 4398 3662 4477 annotatis¹

3010 4586 3059 4634 8.

583 4662 786 4718 Vinum
833 4662 980 4718 enim
1021 4662 1296 4720 Psithium
1343 4678 1514 4736 quum
1563 4663 1968 4737 degustandum
2016 4664 2153 4721 mibi
2248 4682 2587 4739 Leucadium
2617 4682 2875 4751 (vinum)
2898 4682 3081 4747 ndat,
3102 4686 3155 4736 et
3176 4690 3293 4733 vero
3314 4665 3536 4727 melition.

1301 4807 1310 4817 .
1873 4749 2113 4819 [dederit
2130 4790 2149 4817 ,

584 4850 792 4891 merum
815 4834 972 4891 dulc-e
989 4876 1004 4899 ,
1035 4834 1210 4906 (jam)
1231 4836 1498 4893 sitientem
1519 4836 1798 4893 inveniens

583 4931 736 4980 aceto
767 4923 996 4994 perculit
1020 4933 1226 4995 pectus,
1331 5000 1364 5047 7

585 5094 652 5103 -
675 5062 882 5120 Cnidioe
911 5072 1068 5122 testoe
1084 5105 1099 5131 ‚

585 5148 782 5205 Siculae
807 5150 1016 5221 patellae
1035 5191 1050 5216 ,
1079 5158 1136 5205 et
1161 5152 1429 5220 Megarica
1461 5151 1696 5207 vaseula.

2246 4769 2433 4825 vinum
2458 4768 2537 4825 sie
2560 4767 2816 4840 potabile.

3004 4876 3055 4925 9.

2245 5004 2315 5015 —
2340 4973 2559 5043 Mulier,

2243 5061 2533 5119 brassicam
2562 5077 2649 5117 me
2680 5070 2877 5134 putans
2902 5064 2955 5117 in
2984 5077 3070 5115 me
3096 5055 3347 5127 crapulam

2246 5151 2323 5209 vis
2345 5165 2567 5206 omnem
2588 5146 2873 5205 effundere
2895 5190 2909 5215 ,
2936 5157 2997 5203 ut
3030 5146 3161 5202 mihi
3186 5139 3381 5198 videris,
