3809 5850
467 483 582 534 470

561 603 883 686 Βυζάντιόν
911 632 981 672 τε
1007 609 1274 696 τέμαχος
1295 599 1802 696 ἐπιδακχευσάτω
1817 655 1838 690 ,

561 704 908 802 Γαδειρικόν
937 712 988 776 θ’
1021 708 1424 803 ὑπογάστριον
1453 709 1808 800 παρεισίτω.

462 840 552 898 καὶ
579 837 844 918 προελθὼν

559 947 714 1018 Ᾱλλ’
747 950 1043 1044 ἐπριάμην
1074 957 1218 1042 παρ’
1249 942 1496 1043 ἀνδρὸς,
1531 948 1582 1015 ὦ
1605 961 1688 1026 Γῆ
1729 951 1836 1017 καὶ
1875 949 2031 1036 θεοὶ,

558 1059 979 1148 ταριχοπώλου
1011 1058 1168 1122 πάνυ
1198 1063 1390 1122 καλοῦ
1417 1080 1486 1122 τε
1515 1055 1784 1148 κάγαθοῦ

468 1161 508 1228 5
563 1163 774 1228 τιλτὸν
806 1165 1116 1254 μέγιστον,
1148 1155 1310 1238 ἄξιον
1339 1153 1657 1253 δραχμῆς,
1690 1155 1860 1226 δυοῖν

560 1263 832 1352 ὀὲολοῖν,
870 1271 909 1334 ὅ
932 1275 994 1360 γ’
1028 1272 1136 1334 οὐκ
1161 1263 1233 1334 ἃν
1266 1267 1698 1360 καταφάγοιειν
1722 1271 1963 1357 ἡμερῶν

560 1365 677 1444 ἤδη
711 1381 889 1464 τριῶν
921 1370 1330 1450 κατεσθίοντες
1359 1365 1634 1440 δώδεκα·

562 1480 947 1573 ὑπερμέγεθες
973 1477 1092 1571 γάρ
1121 1482 1275 1545 ἐστι.

464 1649 486 1672 α
521 1625 696 1679 Versu
722 1642 744 1678 1
775 1643 832 1678 τε
851 1622 1076 1680 addidit
1097 1621 1412 1696 Schweigh.
1433 1624 1830 1696 Byzantiorum
1863 1623 2033 1678 salsa-

325 1714 344 1736 ⁰
465 1721 790 1767 mentorum
826 1709 1091 1784 frequens
1111 1711 1422 1780 memoria3
1448 1711 1635 1766 rarior
1658 1711 2030 1778 Gadicorum,

463 1798 536 1854 de
565 1799 772 1871 quibus
793 1796 868 1853 ad
893 1795 1106 1872 Eupol.
1132 1797 1354 1875 Μαρικᾷ
1382 1797 1478 1868 23,
1503 1809 1562 1854 et
1596 1798 1830 1874 Antiph.
1870 1801 2036 1854 Deu-

393 1890 406 1912 ⁸
463 1886 571 1941 cal.
612 1905 666 1944 1.
696 1888 766 1943 V.
803 1883 837 1940 5
863 1883 1038 1940 codd.
1069 1885 1261 1960 plures
1285 1884 1499 1944 τιλιτον.
1533 1887 1803 1960 Hesych.,
1839 1886 1892 1945 Τ
1897 1883 2036 1941 ίλτον

463 1969 606 2046 (sic)
643 1992 658 2026 t
690 1957 821 2035 εἶδος
846 1967 1104 2050 ταριχίου.
1129 1971 1242 2028 Sed
1269 1990 1455 2047 neque
1483 1973 1542 2028 in
1567 1975 1688 2030 aliis
1715 1972 2037 2029 verbalibus

461 2056 940 2117 substantivorum
975 2061 1094 2117 vim
1131 2059 1540 2116 assumentibus
1559 2071 1809 2117 mutatur
1831 2078 2035 2117 accen-

463 2161 588 2225 tus,
613 2169 666 2208 v.
695 2169 747 2205 c.
787 2151 848 2204 in
871 2146 1086 2228 φρυκτοὶ
1108 2191 1126 2220 ,
1157 2145 1362 2227 ἑψητοί.
1396 2151 1464 2218 V,
1492 2146 1528 2204 6
1552 2161 1706 2206 recte
1741 2148 1979 2207 Casaub.
2008 2141 2041 2203 8

461 2235 511 2312 γ’
537 2255 647 2311 pro
675 2236 752 2296 ὅν.
776 2261 802 2288 ι
831 2239 882 2292 Ε
919 2239 1008 2296 Μ.
1038 2239 1108 2298 V.
1147 2256 1178 2307 7
1210 2234 1347 2310 ἤδη,
1379 2242 1552 2292 etiam
1571 2277 1591 2308 ‚
1613 2239 1743 2305 vel,
1775 2253 2030 2312 german.

461 2345 586 2400 gar,
608 2344 803 2400 sogar:
829 2345 886 2380 v.
910 2343 1040 2384 anu.
1061 2325 1138 2382 ad
1155 2327 1257 2382 Ar.
1281 2326 1384 2381 Av.
1401 2332 1535 2400 499.
1556 2326 1712 2383 Libri
1730 2326 1888 2402 τριῶν
1903 2321 2031 2394 ἤδη.

467 2417 592 2469 noc
621 2415 812 2471 delent
847 2415 1092 2470 Porsen.
1135 2424 1194 2469 et
1222 2413 1434 2482 Dobr.,
1479 2414 1542 2467 in
1583 2411 1698 2470 fine
1731 2413 2039 2468 scribentes

463 2498 610 2557 οὐδὲ
639 2496 863 2559 δώδεκα.
897 2502 982 2555 Ex
1017 2499 1151 2555 cod.
1193 2501 1324 2556 Ven.
1355 2499 1588 2555 affertur
1612 2495 1896 2573 δεδωκᾶγε.
1921 2497 2035 2556 Ve-

463 2589 694 2645 risimile
725 2599 832 2656 est,
863 2587 1024 2661 quod
1047 2590 1228 2645 visum
1257 2587 1604 2658 editoribus,
1628 2585 1826 2644 similis
1858 2605 2038 2663 argu-

463 2678 640 2734 menti
667 2688 727 2733 et
751 2676 953 2732 iisdem
985 2677 1263 2733 tributum
1289 2675 1486 2750 fragm.
1526 2675 1558 2731 3
1584 2675 1660 2732 ad
1687 2675 1927 2732 eandem
1950 2675 2035 2732 fa-

463 2765 654 2822 bulam
671 2807 688 2835 ,
722 2763 886 2836 cujus
917 2783 1129 2821 nomen
1157 2763 1306 2821 sorte
1335 2763 1640 2834 exciderit,
1673 2762 2037 2820 referendum

463 2872 602 2909 esse.

1221 2964 1278 3022 3.

541 3090 703 3149 Idem
731 3109 790 3163 a,
819 3109 882 3165 p.
917 3088 1019 3162 65,
1045 3092 1096 3147 D
1127 3110 1142 3145 z
1180 3088 1424 3169 Κόψιχοι.
1460 3088 1588 3149 Νικ.
1612 3086 1648 3159 ἢ
1685 3086 2029 3167 Φιλέταιρος,

559 3244 658 3255 —-
682 3230 745 3269 α.
780 3204 863 3271 Τί
895 3200 993 3270 οὖν
1021 3199 1334 3297 ἀγοράζως
1367 3197 1554 3296 φράζε
1581 3201 1724 3297 γάρ.
1809 3218 1816 3226 “

563 3319 622 3399 β.
657 3314 772 3387 Μὴ
817 3319 1204 3397 πολυτελῶς,
1248 3308 1414 3379 ἀλλὰ
1461 3307 1812 3402 καθαρείως·
1846 3299 2035 3375 δασύ-

1827 3408 1949 3481 wod
1952 3440 1991 3480 α
2012 3464 2032 3498 ,

560 3524 660 3591 ἐὰν
689 3527 1051 3617 περιτύχῃς,
1084 3525 1410 3617 ἀγόρασον,
1433 3521 1542 3589 καὶ
1575 3518 1832 3606 νηττία,

559 3632 751 3698 ὁπόσα
781 3632 850 3697 σὺ
881 3634 1079 3717 βούλει
1097 3681 1116 3715 ,
1162 3630 1265 3697 καὶ
1291 3628 1513 3719 κίχλας
1531 3678 1550 3714 ,
1583 3626 1688 3694 καὶ
1717 3624 2031 3717 κοψίχους,

377 3748 390 3767 ⁴
468 3732 506 3803 5
559 3736 858 3830 ὀρνιθάριά
892 3764 962 3805 τε
985 3748 1111 3804 τῶν
1134 3734 1360 3829 ἀγρίων
1388 3738 1630 3802 τούτων.
1646 3733 1837 3825 συχνά
1857 3758 1872 3773 ·

561 3840 770 3933 χάριεν
805 3840 948 3934 γάρ.
1428 3842 1442 3857 ‘

463 3984 640 4038 Versu
660 4000 694 4036 α
719 3977 1006 4058 καθαρείως
1025 3980 1194 4035 etiam
1219 3978 1475 4036 Eubulus
1488 3978 1640 4037 Τιτθ.
1675 3996 1697 4033 1
1711 4018 1726 4046 ,
1749 3988 1806 4033 et
1825 3976 2037 4053 Ephip-

465 4088 568 4143 pus
586 4066 818 4141 Ὁμοίων
849 4087 902 4125 1.
930 4094 956 4118 οι
984 4068 1086 4125 His
1107 4068 1249 4121 locis
1271 4062 1559 4143 καθαρείως
1587 4064 1706 4123 fere
1733 4064 2033 4121 munditiei

1045 4236 1450 4291 ANTYLLUS.

465 4410 792 4485 Byzantium
813 4409 1203 4467 salsamentum
1227 4326 1390 4467 :imni
1417 4408 1730 4475 bacchetur,

465 4508 520 4555 et
543 4496 875 4557 Gaditanum
891 4496 1163 4554 abdomen
1185 4513 1296 4555 una
1319 4496 1572 4553 introeat.

535 4680 609 4730 At
632 4672 740 4728 emi
768 4687 798 4727 a
818 4671 933 4727 viro
955 4589 1390 4737 salsamentffario,
1417 4684 1514 4741 per
1529 4670 1754 4725 Terram
1787 4674 1844 4723 et
1869 4665 2005 4723 deos
2020 4706 2035 4733 ‚
2068 4740 2075 4745 ι

538 4760 860 4834 probissimo
883 4758 1376 4829 honestissimoque

393 4838 400 4843 ’
466 4856 499 4905 5
534 4848 953 4920 desquamatum
982 4844 1220 4901 frustum
1247 4844 1546 4899 maximum
1569 4882 1584 4909 ‚
1608 4839 1872 4897 drachma
1901 4855 2035 4896 ven·

537 4937 756 4995 duobus
778 4934 975 5003 obolis,
1003 4932 1150 5006 quod
1173 4932 1254 4989 vel
1283 4932 1467 4988 triduo
1749 4926 2037 4999 mendum,

537 5040 650 5080 non
675 5022 1016 5079 comederint
1033 5018 1325 5077 duodecim
1353 5018 1601 5074 homines
1631 5035 1642 5069 :

535 5110 850 5186 praegrande
877 5110 1024 5167 enim
1052 5116 1151 5165 est.

1230 5201 1262 5250 3

535 5319 606 5330 -
629 5304 678 5345 a.
705 5286 848 5360 Quid
872 5287 1037 5359 igitur
1063 5288 1280 5343 emam?
1303 5283 1417 5352 dic,
1445 5296 1652 5355 precor.

1485 471 1760 532 MEmAE
1799 471 2221 534 COMOEDIAE
2264 475 2675 549 RELIQUIAE.

2128 627 2257 664 cum
2278 606 2601 686 frugalitate
2622 611 2941 684 conjuncta
2956 618 3257 672 notionem
3274 618 3465 676 habet.
3490 619 3659 676 Strabo

2132 696 2267 774 351).
2294 696 2429 769 154,
2448 701 2493 758 C
2511 719 2526 753 τ
2542 697 2807 779 καθαρίως
2832 699 2924 758 καὶ
2944 702 3119 768 λιτῶς.
3140 729 3167 754 ο
3194 707 3359 762 ΕΜ.
3378 711 3445 764 V.
3461 708 3495 762 6
3518 711 3661 784 vulgo

2126 783 2351 862 χαίρειν.
2398 787 2671 862 Stephani
2708 788 2891 846 codex
2922 785 3126 868 χαίρειν
3150 789 3277 868 γάρ.
3326 795 3553 852 Casmil).
3578 818 3663 872 χα-

2128 869 2235 949 ρίεν
2264 870 2386 952 γάρ.
2416 875 2594 933 Dind.
2618 872 2799 953 χάριεν
2824 897 2879 954 γ.

2203 1071 2363 1128 Idem
2401 1069 2469 1142 3,
2497 1090 2559 1146 p.
2614 1072 2749 1144 108,
2782 1073 2869 1133 C:
2912 1071 3095 1144 ἤσθιον
3146 1074 3203 1134 δὲ
3240 1076 3337 1134 καὶ
3378 1078 3667 1156 τηγανιστᾶς

2128 1155 2337 1228 σηπίας.
2366 1157 2491 1218 Not.
2524 1157 2559 1230 ἢ
2586 1157 2905 1242 Φιλέταιρος
2932 1161 2987 1220 ἕν
3015 1161 3149 1224 Ἀντ.
3182 1164 3343 1245 φησὶν

2222 1275 2479 1349 Min-07⁹
2524 1275 2686 1354 αὖθις
2719 1278 2943 1352 σηπίαν
2972 1279 3093 1347 ἀπὸ
3124 1281 3394 1377 τηγάνου

2222 1383 2607 1474 τολμήσαιμι
2634 1391 2843 1476 φαγεῖν
2878 1381 3084 1478 μόνοςί

2128 1507 2289 1562 Prior
2314 1507 2523 1564 horum
2561 1527 2824 1566 versuum
2855 1523 3079 1568 constat
3112 1531 3145 1570 e
3182 1515 3366 1572 troch.
3398 1515 3537 1572 dim.
3576 1529 3669 1572 eat.

2124 1603 2181 1650 et
2206 1607 2492 1670 anapesto
2512 1642 2529 1668 ‚
2560 1597 2654 1654 cui
2689 1599 2898 1656 similes
2928 1613 3279 1676 asynartetos
3304 1607 3515 1678 passim
3540 1608 3669 1658 iuve-

2125 1681 2245 1738 nias
2272 1681 2427 1757 apud
2452 1694 2649 1758 poetas
2676 1687 2948 1745 scenicos.
2975 1691 3213 1764 Legitur
3232 1703 3427 1748 autem
3456 1693 3513 1746 in
3536 1693 3669 1746 libris

2126 1765 2353 1840 οὔποτ’,
2404 1771 2888 1844 quemadmodum
2936 1771 3013 1850 μὴ
3050 1788 3107 1832 et
3134 1777 3194 1834 οὗ
3232 1797 3384 1854 saepe
3426 1780 3665 1858 confuqdi

2125 1857 2299 1914 docet
2325 1859 2589 1918 Scbaefer.
2618 1860 2855 1922 miscell.
2880 1865 3011 1924 crit.
3048 1883 3113 1940 p.
3151 1865 3285 1928 108.
3316 1869 3557 1924 Meinek.
3584 1867 3665 1926 (Β-

2126 1942 2298 2004 δίποτ’
2328 1935 2472 2013 αὗθις
2493 1943 2557 2006 ἂν
2584 1970 2637 2010 σ.
2662 1952 2840 2008 Versu
2870 1969 2905 2008 a
2938 1949 3119 2028 μόνος,
3139 1957 3291 2012 solus
3312 1957 3377 2014 in
3400 1958 3577 2014 culina
3596 1975 3661 2012 re·

2126 2035 2295 2092 lictus
2316 2053 2509 2094 servus
2528 2077 2547 2108 ‚
2574 2041 2803 2098 nemine
2835 2041 3185 2102 observante.

2468 2165 2573 2227 lV.
2621 2166 3339 2232 ΑΠΕΔΑΥΝΟΜΕΝΟΣ.

2212 2317 2236 2341 α
2274 2293 2575 2350 Nicostrati
2606 2293 2925 2352 fabularum
2948 2299 3141 2354 titulos
3164 2341 3185 2374 ,
3208 2311 3421 2375 prater
3449 2303 3633 2374 Antyni
3648 2341 3661 2366 ,

2126 2369 2483 2457 OEn'opionis
2498 2421 2517 2452 ‚
2580 2379 2915 2460 Ὀρνιθευτοῦ
2938 2425 2957 2456 ,
3022 2384 3331 2464 Πανδρόσου
3354 2430 3374 2460 ,
3422 2389 3529 2444 hoc
3582 2409 3659 2443 οι·-

2126 2468 2261 2526 dine
2288 2480 2583 2528 enumerat
2603 2470 2803 2528 Suidas
2834 2483 2894 2528 et
2915 2491 2985 2528 ex
3006 2473 3183 2531 Suida
3206 2475 3463 2532 Eudocia
3489 2497 3503 2531 :
3528 2473 3659 2549 Ἱερο-

2126 2554 2354 2636 φάντης,
2382 2553 2577 2628 Κλεινὴ
2616 2555 2803 2636 (recte
2827 2560 2961 2618 Ath.
2998 2559 3243 2640 Κλίνη),
3274 2559 3449 2642 Ἅόρα
3464 2608 3481 2634 ,
3507 2560 3657 2620 Ἡσίο-

2127 2644 2209 2708 δος
2224 2686 2243 2714 ,
2262 2643 2521 2711 Διάβολος
2536 2687 2553 2716 ,
2576 2643 2869 2723 Ἃντερῶσα
2888 2689 2905 2717 ,
2928 2645 3133 2720 Ἑκάτη
3148 2691 3165 2720 ,
3191 2647 3455 2728 Μάγειρος
3472 2695 3489 2720 ,
3508 2639 3655 2717 *flua

2130 2732 2397 2804 Πλοῦτος,
2430 2731 2630 2811 Σύρος,
2660 2729 3137 2814 Ἀπελαυνόμενος,
3166 2737 3651 2816 Ψευδοστιγματίος.

2130 2818 2300 2899 Σύρον
2324 2832 2382 2879 et
2408 2817 2849 2898 Ἀπελαυνόμενον
2886 2824 3139 2883 Eudocia
3174 2826 3251 2882 ad
3288 2830 3458 2884 unius
3492 2829 3656 2883 fabula

2128 2910 2357 2967 titulum
2383 2909 2686 2983 conjunxit
2714 2908 2881 2991 Σύρος
2910 2912 3095 2987 cinth,
3132 2915 3237 2973 sed
3268 2915 3503 2975 diversis
3528 2929 3653 2972 utra—

2126 3017 2239 3072 que
2268 3000 2407 3056 locis
2429 3012 2911 3058 commemoratur
2929 3003 3003 3059 ab
3031 3004 3329 3067 Athenaeo.
3356 3030 3383 3055 ι
3416 3008 3470 3060 Ε
3482 3008 3560 3061 Μ.

2206 3088 2412 3147 Athen.
2442 3096 2510 3156 14
2528 3130 2547 3162 ,
2574 3107 2634 3165 p.
2658 3088 2799 3157 664,
2826 3088 2903 3159 Β,
2926 3090 2999 3148 de
3024 3089 3233 3167 ματτύῃ
3256 3110 3541 3169 exponens
3562 3112 3571 3145 ε
3590 3088 3651 3145 ὅτι

2128 3170 2182 3231 δὲ
2202 3172 2424 3233 ὕστατον
2452 3172 2543 3233 καὶ
2570 3172 2659 3233 ἐπὶ
2680 3183 2841 3233 πᾶσιν
2864 3176 3157 3257 εἰσεφέρετο
3176 3177 3329 3258 (scil.
3358 3183 3391 3249 ἡ
3416 3176 3649 3254 ματτύη),

2128 3260 2487 3341 Νικόστρατός
2544 3284 2701 3342 φησιν
2756 3264 2811 3323 ἐν
2857 3262 3311 3346 Ἀπελαυνομένῳ.
3356 3266 3581 3345 μάγειρος
3614 3264 3648 3319 δ’

2127 3346 2265 3407 ἐστὶν
2304 3352 2333 3409 ὁ
2361 3348 2726 3427 διηγούμενος,
2754 3352 2824 3419 ὥς
2850 3342 3224 3432 λαμπρὸν’καὶ
3250 3352 3492 3413 εὔτακτον
3522 3374 3645 3430 παρι-

2126 3436 2377 3497 σκεύασεν
2428 3438 2679 3517 εὐωχίαν,
2731 3438 3219 3519 προδιηγησάμενός
3260 3464 3348 3515 τε,
3386 3432 3487 3501 οἷον
3522 3432 3575 3512 ἦν
3605 3438 3649 3495 τὸ

2127 3524 2335 3604 ἄριστον
2359 3526 2451 3585 καὶ
2478 3526 2539 3587 τὸ
2566 3527 2794 3598 δεῖπνον,
2829 3526 2921 3587 καὶ
2952 3526 3131 3606 τρίτης
3168 3530 3415 3605 μνησθεὶς
3442 3526 3647 3607 napaei·
3701 3560 3702 3567 κ

2126 3635 2255 3681 σεως
2282 3613 2515 3695 ἐπιφέρει

3222 3730 3238 3753 ἱ
3344 3738 3363 3759 Q
3468 3742 3495 3753 a.

2222 3724 2307 3798 Εὖ
2331 3726 2406 3823 γ’,
2432 3722 2648 3823 ὦνδρες
2668 3780 2689 3817 ,
2722 3713 2785 3796 εὖ
2804 3720 3009 3821 σφόδρ’
3032 3725 3050 3797 l
3087 3730 3255 3799 ἄλλα
3288 3759 3402 3823 μην
3424 3756 3494 3825 τῃ
3522 3754 3645 3821 ματ·
3699 3710 3700 3738 ³

3558 3860 3643 3903 τυη
3697 3888 3698 3901 ,

2220 3944 2381 4006 οὕτω
2410 3932 2678 4014 διαθήσω
2704 3939 2787 4007 τὰ
2818 3940 2977 4033 μετὰ
3005 3934 3198 4029 ταῦθ’,
3222 3940 3367 4010 ὥστ’
3396 3942 3573 4035 οἴομαι

2222 4040 2349 4113 οὐδ’
2382 4049 2561 4114 αὐτὸν
2590 4054 2741 4140 ἡμῖν
2768 4058 2981 4115 τοῦτον
3012 4050 3278 4143 ἀντερεῖν
3304 4052 3416 4119 ἔτι.

2204 4232 2260 4287 b.
2294 4232 2443 4288 Nihil
2466 4240 2813 4303 sumptuose,
2838 4232 2929 4291 sed
2948 4232 3267 4307 frugaliter:
3298 4234 3515 4307 leporem
3532 4272 3545 4297 ι

2201 4322 2246 4375 si
2272 4320 2501 4386 incidie,
2526 4321 2696 4377 emito
2716 4362 2732 4388 ‚
2758 4329 2812 4377 et
2834 4320 3136 4378 anaticulas

2203 4416 2340 4480 quot
2368 4412 2431 4463 tu
2455 4408 2569 4473 vis,
2593 4415 2650 4463 et
2670 4407 2892 4472 turdos,
2916 4416 2973 4465 et
2994 4410 3267 4479 merulas,

2130 4502 2167 4551 5
2204 4494 2507 4567 harumque
2537 4493 2782 4551 ferarum
2804 4495 3143 4553 avicularum
3173 4496 3459 4571 plurimas:

2200 4590 2351 4653 grata
2372 4582 2523 4637 enim
2550 4596 2639 4637 rea
2656 4589 2759 4637 est.

2130 4760 2213 4814 Ne
2240 4769 2477 4826 unquam
2503 4756 2703 4812 iterum
2724 4756 2931 4826 sepiam
2952 4773 2983 4814 e
3008 4758 3191 4815 catino

2130 4844 2417 4901 comedere
2446 4840 2681 4899 audeam
2710 4842 2895 4900 solus!

2744 4930 3097 4987 ABAGI'US.

2132 5018 2309 5081 Bene,
2338 5014 2437 5068 viri
2457 5054 2473 5082 ,
2498 5012 2765 5086 perbene!
2798 5014 3001 5084 immo,
3026 5028 3155 5087 quae
3178 5022 3425 5089 mattyam
3448 5024 3633 5082 seqtzun·

3522 5098 3627 5165 [tur.

2132 5195 2205 5247 ita
2228 5189 2509 5264 disponam
2528 5232 2543 5257 ‚
2568 5196 2633 5245 ut
2652 5204 2725 5245 ne
2748 5188 2897 5247 hune
2921 5190 3101 5261 ipsum
3122 5190 3339 5263 quidem

2134 5276 2289 5334 nobis
2308 5278 2693 5335 oblocutumm
2718 5290 2833 5333 esse
2852 5284 3056 5347 putem.
